Date,Net sales,Cost of sales,Gross margin,Research and development,"Selling, general and administrative",Total operating expenses,Operating income,"Other income/(expense), net",Income before provision for income taxes,Provision for income taxes,Net income,Earnings per share basic,Earnings per share diluted,Weighted-average basic,Weighted-average diluted,Cash and cash equivalents,Short-term marketable securities,"Accounts receivable, net",Inventories,Deferred tax assets,Vendor non-trade receivables,Other current assets,Total current assets,Long-term marketable securities,"Property, Plant and Equipment, Net",Goodwill,"Acquired intangible assets, net","Other Assets, Noncurrent",Total assets,accounts payable,Accrued expenses,Deferred revenue,Total current liabilities,Deferred revenue - non-current,deferred tax liabilities,long term taxes payable,Total other non-current liabilities,Total liabilities,Retained Earnings (Accumulated Deficit),Accumulated other comprehensive (loss)/income,Total shareholders equity,Total liabilities and shareholders' equity,"Depreciation, amortization and accretion",Stock-based compensation expense,Deferred income tax expense,"Increase (Decrease) in Accounts receivable, net",Increase (Decrease) in Inventories,Increase (Decrease) in Other Receivables,Increase (Decrease) in Other Operating Assets,Increase (Decrease) in Accounts Payable,Increase (Decrease) in Deferred Revenue,Increase (Decrease) Other liabilities,Cash generated by operating activities,Purchases of marketable securities,Proceeds from maturities of marketable securities,Proceeds from sales of marketable securities,Purchases of other long-term investments,"Business acquisitions, net of cash acquired",Cash payments for capital asset purchases,Payments for acquisition of intangible assets,Payments for (Proceeds from) Other Investing Activities,Cash used in investing activities,Proceeds from issuance of common stock,Excess tax benefits from stock-based compensation,Cash generated/used in financing activities,Increase/(decrease) in cash and cash equivalents,"Cash paid for income taxes, net"
2009-12-31,30764707000.0,,,,8405904000.0,24528966000.0,6235741000.0,,,1447936000.0,,3.71,3.69,1546983000.0,1555126000.0,8809339000.0,,6541941000.0,3264877000.0,2364142000.0,,1210883000.0,23313891000.0,,7619489000.0,13200174000.0,6291989000.0,858214000.0,52416623000.0,,,,13049489000.0,,,,5202111000.0,,17054027000.0,854074000.0,22855627000.0,52416623000.0,,366357000.0,,387749000.0,-230555000.0,,,,,-374715000.0,7275160000.0,,,,,2370630000.0,1089048000.0,,6368000.0,-3698710000.0,,,1002019000.0,4697317000.0,
2010-03-31,7698354000.0,,,,2162400000.0,6227871000.0,1470483000.0,,,319192000.0,,0.65,0.64,1547815000.0,1561323000.0,1566820000.0,,6520222000.0,3410921000.0,,,4067462000.0,17690678000.0,,8060114000.0,15007686000.0,10663369000.0,816292000.0,53358622000.0,,,,15183485000.0,,,,6284148000.0,,17367857000.0,-975671000.0,20860099000.0,53358622000.0,,173866000.0,,-291638000.0,49631000.0,,,,,,1522752000.0,,,,,6415648000.0,245143000.0,,2108000.0,-7658760000.0,,,-520199000.0,-7242519000.0,
2010-06-30,16524368000.0,,,,4905818000.0,13447919000.0,3076449000.0,,,586229000.0,,1.48,1.47,1546375000.0,1556813000.0,4321702000.0,,6338350000.0,3168641000.0,,,4164602000.0,19915307000.0,,7875608000.0,14218098000.0,10266399000.0,854750000.0,53381402000.0,,,,14689260000.0,,,,6084853000.0,,17978462000.0,-2629430000.0,19911709000.0,53381402000.0,,258090000.0,,-245835000.0,25831000.0,,,,,,3871049000.0,,,,,6920043000.0,518657000.0,,5608000.0,-7354928000.0,,,-307321000.0,-4487637000.0,
2010-09-30,25198873000.0,,,,7579095000.0,20941239000.0,4257634000.0,,,759679000.0,,2.06,2.04,1546147000.0,1555985000.0,3818145000.0,,6248908000.0,3308758000.0,,,4167996000.0,19447420000.0,,7939787000.0,15807536000.0,12646677000.0,1277047000.0,57373620000.0,,,,15583871000.0,,,,7396344000.0,,18181133000.0,-1483235000.0,21403932000.0,57373620000.0,,330236000.0,,-476209000.0,52884000.0,,,,,,6419462000.0,,,,,9120043000.0,723742000.0,,7838000.0,-9747926000.0,,,-994427000.0,-4991194000.0,
2010-12-31,35166721000.0,,,,10376324000.0,29079140000.0,6087581000.0,,,1086662000.0,,2.98,2.96,1546400000.0,1556022000.0,3648371000.0,,7184034000.0,3188734000.0,3065000000.0,,1544770000.0,22317529000.0,,7970956000.0,15930077000.0,12151628000.0,790027000.0,59462266000.0,,,,17262434000.0,,,,7199851000.0,,18927101000.0,-1366846000.0,22388135000.0,59462266000.0,,387183000.0,-1210000000.0,394665000.0,-139857000.0,,,,,572533000.0,8735981000.0,,,,,9433243000.0,1015075000.0,,18426000.0,-12188315000.0,,,-1087741000.0,-5160968000.0,
2011-03-31,9040850000.0,,,,2850318000.0,7739701000.0,1301149000.0,,,204968000.0,,0.56,0.55,1551755000.0,1558641000.0,2740156000.0,,7160219000.0,3400996000.0,,,4710078000.0,23647132000.0,,8078195000.0,16629027000.0,12207800000.0,699087000.0,61651363000.0,,,,17225103000.0,,,,7175682000.0,,19323753000.0,182049000.0,24629650000.0,61651363000.0,,175808000.0,,-298953000.0,-44784000.0,,,,,,2011146000.0,,,,,,391813000.0,,-7804000.0,-2301230000.0,,,-684334000.0,-908215000.0,
2011-06-30,18657141000.0,,,,5612404000.0,15582539000.0,3074602000.0,,,-268226000.0,,1.8,1.79,1556869000.0,1566103000.0,4077018000.0,,7038069000.0,3475006000.0,,,4725604000.0,24132178000.0,,8128450000.0,16757172000.0,11739355000.0,795158000.0,62004241000.0,,,,15839928000.0,,,,7066849000.0,,20509111000.0,577784000.0,26378853000.0,62004241000.0,,252265000.0,,-515888000.0,-49979000.0,,,,,,4514298000.0,,,,,187500000.0,764770000.0,,-12370000.0,-2095637000.0,,,-2070515000.0,428647000.0,
2011-09-30,28473806000.0,,,,9851314000.0,24804326000.0,3669480000.0,,,198414000.0,,1.99,1.98,1558556000.0,1568287000.0,5049299000.0,,7043542000.0,3269317000.0,,,4805055000.0,23094416000.0,,7977460000.0,16231185000.0,10793177000.0,1139150000.0,59628176000.0,,,,15413961000.0,,,,6428476000.0,,20052443000.0,-860277000.0,24603800000.0,59628176000.0,,320103000.0,,-272530000.0,-47521000.0,,,,,,7568728000.0,,,,,672500000.0,1216765000.0,,-9171000.0,-1103642000.0,,,-4738637000.0,1400928000.0,
2011-12-31,38851259000.0,,,,12756817000.0,33099311000.0,5751948000.0,,5198642000.0,470193000.0,,3.03,3.01,1557643000.0,1567389000.0,6812820000.0,,7683920000.0,3284249000.0,3386000000.0,,2002706000.0,23768774000.0,,7873955000.0,15705380000.0,9989636000.0,2560923000.0,60276893000.0,,,,15480228000.0,,,,8230698000.0,,20907362000.0,-2597185000.0,24439833000.0,60276893000.0,,382602000.0,-131000000.0,670152000.0,129621000.0,,,,,,8970077000.0,,,,,672500000.0,1491500000.0,,-16099000.0,260832000.0,,,-6023455000.0,3164449000.0,
2012-03-31,9456633000.0,,,50000000.0,3000308000.0,7880911000.0,1575722000.0,,1513029000.0,270905000.0,,0.79,0.78,1573921000.0,1589510000.0,4345910000.0,,7659882000.0,3549348000.0,,,4866340000.0,25602131000.0,,7955257000.0,15903365000.0,9792287000.0,2788015000.0,62415801000.0,,,,16785923000.0,,,,8224939000.0,,21314465000.0,-1941119000.0,25453691000.0,62415801000.0,,197342000.0,,-132482000.0,170687000.0,,,,,,2224930000.0,,,,,670849000.0,453330000.0,,-11149000.0,-5012614000.0,,,286074000.0,-2466910000.0,
2012-06-30,19263733000.0,,,,5944800000.0,15583590000.0,3680143000.0,,3516346000.0,549610000.0,,1.87,1.85,1572681000.0,1588677000.0,7052776000.0,,6767952000.0,3518452000.0,,,4968950000.0,26257492000.0,,7831272000.0,15356921000.0,8983552000.0,3040652000.0,61859790000.0,,,,17120467000.0,,,,8162746000.0,,22227912000.0,-3543531000.0,24486960000.0,61859790000.0,,283127000.0,,-743512000.0,379478000.0,,,,,,4291759000.0,,,,,780849000.0,878446000.0,,-12308000.0,-4324244000.0,,,401441000.0,239956000.0,
2012-09-30,29036974000.0,,,,8866723000.0,23367782000.0,5669192000.0,,5388727000.0,479188000.0,,3.09,3.06,1576771000.0,1594279000.0,7996948000.0,,6948714000.0,3814256000.0,,,4996752000.0,27264244000.0,,7960648000.0,15708924000.0,8959751000.0,2983788000.0,63257738000.0,,,,16285978000.0,,,,7812779000.0,,23326756000.0,-2755915000.0,27014175000.0,63257738000.0,,358735000.0,,-689292000.0,465470000.0,,,,,,7811261000.0,,,,,1202473000.0,1409193000.0,,-1998000.0,-4855851000.0,,,-1789516000.0,1184128000.0,
2012-12-31,39873910000.0,,,,12059495000.0,31789395000.0,8084515000.0,,6262614000.0,299694000.0,,3.76,3.72,1575378000.0,1591838000.0,10802163000.0,,7612860000.0,3792313000.0,4752000000.0,,1757210000.0,31322583000.0,,8063047000.0,15774127000.0,8588285000.0,3213307000.0,67234944000.0,,,,13280176000.0,,710000000.0,,9056234000.0,,24150996000.0,-3593678000.0,26720961000.0,67234944000.0,,433114000.0,-1128000000.0,-35996000.0,417053000.0,,,,,,9314401000.0,,,,,1227473000.0,1795289000.0,,-2722000.0,-6081288000.0,,,716093000.0,,
2013-03-31,5377895000.0,,,,1785559000.0,4763107000.0,614788000.0,,554551000.0,9890000.0,,0.35,0.34,1568730000.0,1586018000.0,4373120000.0,,3917865000.0,2710250000.0,,,3414205000.0,19096868000.0,,5791492000.0,9424657000.0,6057601000.0,2097969000.0,42686613000.0,,,,10406326000.0,,,,6125111000.0,,20062483000.0,-2894673000.0,22588186000.0,42686613000.0,,125746000.0,,9751000.0,131990000.0,,,,,,460255000.0,,,,,,274465000.0,,,-2108011000.0,,,-4732700000.0,-6429043000.0,
2013-06-30,10823920000.0,,,,3499834000.0,9581656000.0,1242264000.0,,1155300000.0,134584000.0,,0.65,0.64,1564894000.0,1581620000.0,5572254000.0,,3938998000.0,2725179000.0,,,3240172000.0,19831124000.0,,5768649000.0,9357505000.0,5642826000.0,2077860000.0,42903346000.0,,,,10919614000.0,,,,6139332000.0,,20318892000.0,-3226425000.0,22336064000.0,42903346000.0,,177294000.0,,90823000.0,232247000.0,,,,,,1176814000.0,,,,,,564884000.0,,,-2071937000.0,,,-4268187000.0,-5229909000.0,
2013-09-30,16193059000.0,,,,5234527000.0,14320456000.0,1872603000.0,,1783694000.0,-144468000.0,,1.26,1.25,1560369000.0,1576483000.0,2882454000.0,,3882803000.0,2804070000.0,,,3917616000.0,19748949000.0,,5842369000.0,9724128000.0,5926873000.0,2670728000.0,44132477000.0,,,,11331665000.0,,,,5603607000.0,,21668078000.0,-2956510000.0,23696237000.0,44132477000.0,,222052000.0,,-21790000.0,242032000.0,,,,,,1698939000.0,,,,,566271000.0,841341000.0,,-19207000.0,-4768703000.0,,,-4826945000.0,-7919709000.0,
2013-12-31,21848000000.0,,,,6936000000.0,19219000000.0,2629000000.0,,2521000000.0,138000000.0,2576000000.0,1.64,1.62,1558000000.0,1574000000.0,3475000000.0,,3986000000.0,2693000000.0,2686000000.0,,1504000000.0,19247000000.0,,5905000000.0,9772000000.0,5735000000.0,2109000000.0,42953000000.0,,,,9507000000.0,,466000000.0,,4784000000.0,,21979000000.0,-2012000000.0,25171000000.0,42953000000.0,,262000000.0,-433000000.0,113000000.0,154000000.0,,,,,,3324000000.0,,,,,580000000.0,1906000000.0,,-21000000.0,-3929000000.0,,,-6696000000.0,-7327000000.0,
2014-03-31,5244000000.0,,,,1762000000.0,4793000000.0,451000000.0,,423000000.0,84000000.0,375000000.0,0.24,0.24,1532810000.0,1547691000.0,2060000000.0,,3883000000.0,2775000000.0,,,3977000000.0,17931000000.0,,5948000000.0,9781000000.0,5613000000.0,2214000000.0,41662000000.0,,,,10186000000.0,,,,4599000000.0,,22005000000.0,-1934000000.0,23390000000.0,41662000000.0,,119000000.0,,-82000000.0,90000000.0,,,,,,336000000.0,,,,,,255000000.0,,-27000000.0,-595000000.0,,,-1152000000.0,-1415000000.0,
2014-06-30,10795000000.0,,,,3550000000.0,9583000000.0,1212000000.0,,1160000000.0,361000000.0,841000000.0,0.55,0.55,1521668000.0,1532273000.0,3570000000.0,,4056000000.0,2823000000.0,,,4065000000.0,18258000000.0,,5935000000.0,9751000000.0,5428000000.0,1921000000.0,41475000000.0,,,,9853000000.0,,,,4514000000.0,,22137000000.0,-1952000000.0,23602000000.0,41475000000.0,,168000000.0,,76000000.0,141000000.0,,,,,,1236000000.0,,,,,,513000000.0,,-27000000.0,633000000.0,,,-1771000000.0,95000000.0,
2014-09-30,14957000000.0,,,,4886000000.0,13185000000.0,1772000000.0,,1716000000.0,627000000.0,1380000000.0,0.9,0.9,1517834000.0,1528632000.0,3613000000.0,,3618000000.0,2696000000.0,,,4173000000.0,16464000000.0,,5872000000.0,10048000000.0,6094000000.0,1772000000.0,42514000000.0,,,,10823000000.0,,,,4883000000.0,,22335000000.0,-2975000000.0,22888000000.0,42514000000.0,,208000000.0,,173000000.0,203000000.0,,,,,,2437000000.0,,,,,2822000000.0,790000000.0,,-62000000.0,-192000000.0,,,-2042000000.0,138000000.0,
2014-12-31,20247000000.0,,,,6530000000.0,17648000000.0,2599000000.0,,2518000000.0,797000000.0,2284000000.0,1.5,1.49,1516000000.0,1527000000.0,4063000000.0,,3586000000.0,2643000000.0,2220000000.0,,1975000000.0,15261000000.0,,5935000000.0,10067000000.0,6198000000.0,1651000000.0,41275000000.0,,,,10532000000.0,,860000000.0,,5588000000.0,,22874000000.0,-5053000000.0,21526000000.0,41275000000.0,,246000000.0,302000000.0,195000000.0,297000000.0,,,,,,3675000000.0,,,,,3317000000.0,5290000000.0,,-75000000.0,-202000000.0,,,-2742000000.0,588000000.0,
2015-03-31,4897000000.0,,,,1737000000.0,4287000000.0,610000000.0,,653000000.0,124000000.0,2292000000.0,1.52,1.51,1504995000.0,1515537000.0,3226000000.0,,3481000000.0,2623000000.0,,,3859000000.0,19985000000.0,,5699000000.0,9855000000.0,5979000000.0,1330000000.0,43095000000.0,,,,9206000000.0,,,,5970000000.0,,24740000000.0,-5607000000.0,21874000000.0,43095000000.0,,148000000.0,,90000000.0,128000000.0,,,,,,2000000.0,,,,,,235000000.0,,-13000000.0,-205000000.0,,,-550000000.0,-837000000.0,
2015-06-30,10067000000.0,,,,3464000000.0,8728000000.0,1339000000.0,,1639000000.0,324000000.0,3076000000.0,2.04,2.03,1500285000.0,1510961000.0,4048000000.0,,3553000000.0,2735000000.0,,,3573000000.0,21131000000.0,,5738000000.0,9896000000.0,5785000000.0,1330000000.0,44125000000.0,,,,9185000000.0,,,,5952000000.0,,25162000000.0,-5004000000.0,23008000000.0,44125000000.0,,205000000.0,,125000000.0,210000000.0,,,,,,943000000.0,,,,,4000000.0,451000000.0,,-28000000.0,37000000.0,,,-924000000.0,-15000000.0,
2015-09-30,15217000000.0,,,,5130000000.0,13165000000.0,2052000000.0,,2353000000.0,442000000.0,3656000000.0,2.43,2.41,1498914000.0,1509144000.0,3132000000.0,,3460000000.0,2633000000.0,,,3523000000.0,15894000000.0,,5797000000.0,9750000000.0,5844000000.0,1383000000.0,41725000000.0,,,,8755000000.0,,,,5798000000.0,,25375000000.0,-7211000000.0,21111000000.0,41725000000.0,,249000000.0,,151000000.0,213000000.0,,,,,,2138000000.0,,,,,235000000.0,862000000.0,,-43000000.0,-1160000000.0,,,-1739000000.0,-931000000.0,
2015-12-31,20405000000.0,,,,6785000000.0,17538000000.0,2867000000.0,,3183000000.0,577000000.0,4423000000.0,2.94,2.92,1496000000.0,1506000000.0,5001000000.0,,3418000000.0,2599000000.0,1629000000.0,,1908000000.0,14155000000.0,,5730000000.0,9638000000.0,5562000000.0,2119000000.0,41247000000.0,,,,9186000000.0,,,,4864000000.0,,25757000000.0,-6658000000.0,21211000000.0,41247000000.0,,292000000.0,293000000.0,171000000.0,257000000.0,,,,,,2966000000.0,,,,,235000000.0,1354000000.0,,-52000000.0,406000000.0,,,-2236000000.0,938000000.0,
2016-03-31,4885000000.0,,,,1698000000.0,4361000000.0,524000000.0,,2000000.0,-54000000.0,316000000.0,0.21,0.21,1477332000.0,1483673000.0,3334000000.0,,3430000000.0,2786000000.0,,,2157000000.0,12406000000.0,,5836000000.0,9775000000.0,5458000000.0,2608000000.0,39637000000.0,,,,8393000000.0,,,,4425000000.0,,25654000000.0,-6851000000.0,20722000000.0,39637000000.0,,152000000.0,,4000000.0,95000000.0,,,,,,-93000000.0,,,,,,243000000.0,,2000000.0,226000000.0,,,-1432000000.0,-1667000000.0,
2016-06-30,10218000000.0,,,,3435000000.0,8878000000.0,1340000000.0,,717000000.0,116000000.0,931000000.0,0.63,0.63,1476161000.0,1482326000.0,2578000000.0,,3567000000.0,2813000000.0,,,2104000000.0,12988000000.0,,5826000000.0,9752000000.0,5311000000.0,2613000000.0,39831000000.0,,,,8673000000.0,,,,4347000000.0,,25884000000.0,-7223000000.0,20675000000.0,39831000000.0,,214000000.0,,150000000.0,149000000.0,,,,,,816000000.0,,,,,7000000.0,490000000.0,,-28000000.0,-1244000000.0,,,-1611000000.0,-2423000000.0,
2016-09-30,15520000000.0,,,,5063000000.0,13283000000.0,2237000000.0,,538000000.0,240000000.0,602000000.0,0.41,0.4,1476366000.0,1482680000.0,2500000000.0,,3320000000.0,2613000000.0,,,1986000000.0,12978000000.0,,5734000000.0,7812000000.0,4674000000.0,2523000000.0,39497000000.0,,,,8321000000.0,,,,4245000000.0,,25162000000.0,-6533000000.0,20776000000.0,39497000000.0,,263000000.0,,116000000.0,152000000.0,,,,,,2033000000.0,,,,,73000000.0,802000000.0,,-34000000.0,-1798000000.0,,,-2357000000.0,-2501000000.0,
2016-12-31,20853000000.0,,,,6672000000.0,17668000000.0,3185000000.0,,1413000000.0,350000000.0,1400000000.0,0.94,0.94,1477000000.0,1483000000.0,18620000000.0,,3248000000.0,2434000000.0,1670000000.0,,1806000000.0,26776000000.0,,5705000000.0,7683000000.0,4539000000.0,,52666000000.0,,,,6660000000.0,,,,4549000000.0,,25565000000.0,-7263000000.0,20538000000.0,52666000000.0,,310000000.0,-127000000.0,177000000.0,98000000.0,,,,,,3203000000.0,,,,,80000000.0,1366000000.0,,-42000000.0,-248000000.0,,,11147000000.0,13619000000.0,
2017-03-31,6335000000.0,,,,2424000000.0,6537000000.0,-202000000.0,,736000000.0,350000000.0,419000000.0,0.24,0.24,1727356000.0,1735195000.0,8706000000.0,,4510000000.0,3995000000.0,,,,19329000000.0,,7265000000.0,21353000000.0,19405000000.0,,70887000000.0,,,,6646000000.0,,,,,,25387000000.0,-6532000000.0,31362000000.0,70887000000.0,,171000000.0,,-30000000.0,162000000.0,,,,,,574000000.0,,,,,13027000000.0,272000000.0,,-3000000.0,-6154000000.0,,,-4399000000.0,-9914000000.0,
2017-06-30,12972000000.0,,,,4556000000.0,12747000000.0,427000000.0,,1031000000.0,375000000.0,702000000.0,0.4,0.4,1740524000.0,1748883000.0,9675000000.0,,4633000000.0,3603000000.0,,,,19983000000.0,,7286000000.0,22132000000.0,18653000000.0,,71151000000.0,,,,6803000000.0,,,,,,25202000000.0,-6250000000.0,31602000000.0,71151000000.0,,263000000.0,,56000000.0,127000000.0,,,,,,1925000000.0,,,,,13027000000.0,527000000.0,,-27000000.0,-6160000000.0,,,-4783000000.0,-8945000000.0,
2017-09-30,19801000000.0,,,,6655000000.0,18766000000.0,1035000000.0,,1657000000.0,440000000.0,1305000000.0,0.75,0.74,1743757000.0,1754156000.0,11012000000.0,,4800000000.0,3483000000.0,,,,21377000000.0,,7219000000.0,22066000000.0,18578000000.0,,72248000000.0,,,,7935000000.0,,,,,,25320000000.0,-6116000000.0,32032000000.0,72248000000.0,,338000000.0,,169000000.0,-39000000.0,,,,,,3930000000.0,,,,,13027000000.0,790000000.0,,-30000000.0,-6466000000.0,,,-5169000000.0,-7608000000.0,
2017-12-31,27390000000.0,,,,9117000000.0,25664000000.0,1726000000.0,,2231000000.0,1878000000.0,477000000.0,0.27,0.27,1740000000.0,1749000000.0,9407000000.0,,5249000000.0,3601000000.0,2969000000.0,,1667000000.0,20147000000.0,,7607000000.0,24020000000.0,21473000000.0,,76250000000.0,,,,8912000000.0,,,,9030000000.0,,23978000000.0,-6062000000.0,30897000000.0,76250000000.0,,406000000.0,-890000000.0,207000000.0,-249000000.0,,,,,,5570000000.0,,,,,17183000000.0,1135000000.0,,-35000000.0,-9618000000.0,,,-5281000000.0,-9213000000.0,570000000.0
2018-03-31,7390000000.0,,,,2542000000.0,6782000000.0,608000000.0,,431000000.0,22000000.0,418000000.0,0.24,0.23,1753412000.0,1765278000.0,3857000000.0,,5356000000.0,3826000000.0,,,,14964000000.0,,7659000000.0,24227000000.0,20943000000.0,,70908000000.0,,,,9010000000.0,,,,,,23856000000.0,-5733000000.0,31399000000.0,70908000000.0,,212000000.0,,53000000.0,171000000.0,,,,,,1108000000.0,,,,,,275000000.0,,-42000000.0,-238000000.0,,,-6455000000.0,-5550000000.0,
2018-06-30,15157000000.0,6349000000.0,,,5008000000.0,13667000000.0,1490000000.0,,1208000000.0,81000000.0,1151000000.0,0.65,0.64,1757836000.0,1768950000.0,3065000000.0,,5192000000.0,3714000000.0,,,,14122000000.0,,7432000000.0,23844000000.0,19951000000.0,,68415000000.0,,,,8951000000.0,,,,,,24080000000.0,-6913000000.0,30577000000.0,68415000000.0,,313000000.0,,137000000.0,336000000.0,,,,,,2352000000.0,,,,,,573000000.0,,-30000000.0,-537000000.0,,,-8086000000.0,-6342000000.0,
2018-09-30,22813000000.0,9515000000.0,,,7385000000.0,20328000000.0,2485000000.0,,1926000000.0,247000000.0,1714000000.0,0.97,0.96,1759585000.0,1771680000.0,7369000000.0,,5271000000.0,3781000000.0,,,,18196000000.0,,7448000000.0,23416000000.0,19477000000.0,,71637000000.0,,,,12776000000.0,,,,,,24144000000.0,-7009000000.0,30705000000.0,71637000000.0,,396000000.0,,280000000.0,450000000.0,,,,,,4535000000.0,,,,,,927000000.0,,-42000000.0,-860000000.0,,,-5615000000.0,-2038000000.0,
2018-12-31,30578000000.0,12706000000.0,,,9744000000.0,26928000000.0,3650000000.0,,2873000000.0,539000000.0,2368000000.0,1.34,1.33,1758000000.0,1770000000.0,3844000000.0,,5182000000.0,3796000000.0,2508000000.0,,,14632000000.0,,7563000000.0,23254000000.0,18942000000.0,,67173000000.0,,,,9012000000.0,,,,,,24560000000.0,-7586000000.0,30524000000.0,67173000000.0,,477000000.0,745000000.0,190000000.0,514000000.0,,,,,,6300000000.0,,,,,,1394000000.0,,-48000000.0,-1356000000.0,,,-10391000000.0,-5563000000.0,740000000.0
2019-03-31,7535000000.0,3160000000.0,,672000000.0,2478000000.0,6796000000.0,739000000.0,,632000000.0,-40000000.0,672000000.0,0.38,0.38,1763278000.0,1776573000.0,3022000000.0,,5345000000.0,4085000000.0,,,,14409000000.0,,7626000000.0,23209000000.0,18472000000.0,,67610000000.0,,,,9113000000.0,,,,,,24613000000.0,-7470000000.0,30925000000.0,67610000000.0,,226000000.0,,170000000.0,286000000.0,,,,,,712000000.0,,,,,78000000.0,335000000.0,,-15000000.0,-396000000.0,,,-1142000000.0,-822000000.0,
2019-06-30,15514000000.0,6439000000.0,,1249000000.0,4912000000.0,13569000000.0,1945000000.0,,1734000000.0,96000000.0,1678000000.0,0.94,0.94,1768904000.0,1781417000.0,3137000000.0,,5548000000.0,4352000000.0,,,,15195000000.0,,7825000000.0,23329000000.0,18091000000.0,,68427000000.0,,,,9062000000.0,,,,,,25045000000.0,-7365000000.0,31686000000.0,68427000000.0,,340000000.0,,335000000.0,540000000.0,,,,,,1772000000.0,,,,,160000000.0,803000000.0,,-19000000.0,-894000000.0,,,-1591000000.0,-707000000.0,
2019-09-30,23590000000.0,9797000000.0,,1845000000.0,7352000000.0,20447000000.0,3143000000.0,,2837000000.0,199000000.0,2638000000.0,1.48,1.47,1771521000.0,1784167000.0,4091000000.0,,5450000000.0,4392000000.0,,,,16119000000.0,,7825000000.0,23046000000.0,17465000000.0,,68539000000.0,,,,10491000000.0,,,,,,25440000000.0,-7763000000.0,31817000000.0,68539000000.0,,434000000.0,,357000000.0,730000000.0,,,,,,3720000000.0,,,,,,1204000000.0,,-23000000.0,-1326000000.0,,,-2104000000.0,247000000.0,
2019-12-31,31904000000.0,13231000000.0,,2440000000.0,9765000000.0,27372000000.0,4532000000.0,,4077000000.0,390000000.0,3687000000.0,2.07,2.06,1768000000.0,1781000000.0,3860000000.0,,5425000000.0,4316000000.0,2999000000.0,,,15667000000.0,,8038000000.0,23200000000.0,17025000000.0,,67887000000.0,,,,10863000000.0,,,,,,25847000000.0,-8465000000.0,31088000000.0,67887000000.0,,519000000.0,-491000000.0,275000000.0,593000000.0,,,,,,6136000000.0,,,,,,1638000000.0,,-27000000.0,-1815000000.0,,,-4289000000.0,16000000.0,930000000.0
2020-03-31,7726000000.0,3281000000.0,,578000000.0,2548000000.0,6968000000.0,758000000.0,,633000000.0,89000000.0,564000000.0,0.32,0.31,1768901000.0,1780578000.0,3377000000.0,,5292000000.0,4568000000.0,,,,15498000000.0,,7907000000.0,22927000000.0,16265000000.0,,66777000000.0,,,,10808000000.0,,,,,,25786000000.0,-9386000000.0,30218000000.0,66777000000.0,,233000000.0,,104000000.0,437000000.0,,,,,,715000000.0,,,,,,360000000.0,,-3000000.0,-393000000.0,,,-735000000.0,-483000000.0,
2020-06-30,15054000000.0,6544000000.0,,1142000000.0,4824000000.0,13624000000.0,1430000000.0,,1159000000.0,78000000.0,1101000000.0,0.62,0.61,1772953000.0,1785040000.0,4763000000.0,,5140000000.0,5202000000.0,,,,17221000000.0,,8343000000.0,23100000000.0,15783000000.0,,68776000000.0,,,,10959000000.0,,,,,,25669000000.0,-9080000000.0,30578000000.0,68776000000.0,,348000000.0,,-127000000.0,987000000.0,,,,,,2037000000.0,,,,,,1002000000.0,,-6000000.0,-1012000000.0,,,-77000000.0,903000000.0,
2020-09-30,23907000000.0,10510000000.0,,1722000000.0,7126000000.0,20982000000.0,2925000000.0,,2580000000.0,267000000.0,2333000000.0,1.31,1.3,1774475000.0,1787853000.0,4480000000.0,,5649000000.0,5152000000.0,,,,17390000000.0,,8620000000.0,23338000000.0,15208000000.0,,69043000000.0,,,,10257000000.0,,,,,,26266000000.0,-9044000000.0,31386000000.0,69043000000.0,,448000000.0,,343000000.0,838000000.0,,,,,,4103000000.0,,,,,,1498000000.0,,-13000000.0,-1484000000.0,,,-1992000000.0,620000000.0,
2020-12-31,34608000000.0,15003000000.0,,2420000000.0,9696000000.0,29251000000.0,5357000000.0,,4968000000.0,497000000.0,4495000000.0,2.52,2.5,1773000000.0,1786000000.0,6838000000.0,,6414000000.0,5012000000.0,3181000000.0,,,20441000000.0,,9029000000.0,23744000000.0,14784000000.0,,72548000000.0,,,,11907000000.0,,,,,,27627000000.0,-8946000000.0,32784000000.0,72548000000.0,,546000000.0,-108000000.0,924000000.0,493000000.0,,,,,,7901000000.0,,,,,,2177000000.0,,-19000000.0,-2215000000.0,,,-2779000000.0,2978000000.0,970000000.0
2021-03-31,10456000000.0,4401000000.0,,654000000.0,2783000000.0,8347000000.0,2109000000.0,,2043000000.0,250000000.0,1793000000.0,1.0,1.0,1776842000.0,1791503000.0,8054000000.0,,6096000000.0,5387000000.0,,,,21817000000.0,,8832000000.0,23400000000.0,14181000000.0,,72785000000.0,,,,12462000000.0,,,,,,28669000000.0,-9285000000.0,33562000000.0,72785000000.0,,288000000.0,,-165000000.0,537000000.0,,,,,,2637000000.0,,,,,,397000000.0,,-4000000.0,-422000000.0,,,-967000000.0,1216000000.0,
2021-06-30,20679000000.0,9348000000.0,,1308000000.0,5509000000.0,17178000000.0,3501000000.0,,3391000000.0,409000000.0,2982000000.0,1.67,1.66,1779203000.0,1793279000.0,8658000000.0,,6113000000.0,5439000000.0,,,,22627000000.0,,8816000000.0,23500000000.0,13681000000.0,,73269000000.0,,,,12614000000.0,,,,,,29053000000.0,-9066000000.0,33800000000.0,73269000000.0,,420000000.0,,-200000000.0,542000000.0,,,,,,4765000000.0,,,,,,810000000.0,,-10000000.0,-686000000.0,,,-2231000000.0,1820000000.0,
2021-09-30,31607000000.0,13771000000.0,,1980000000.0,8276000000.0,25560000000.0,6047000000.0,,5884000000.0,802000000.0,5082000000.0,2.85,2.83,1776870000.0,1791277000.0,9302000000.0,,6405000000.0,5261000000.0,,,,23492000000.0,,8831000000.0,23300000000.0,13312000000.0,,73795000000.0,,,,12867000000.0,,,,,,30376000000.0,-9240000000.0,34422000000.0,73795000000.0,,534000000.0,,194000000.0,471000000.0,,,,,,7466000000.0,,,,,,1271000000.0,,-14000000.0,-1337000000.0,,,-3608000000.0,2464000000.0,
2021-12-31,43075000000.0,18537000000.0,,2742000000.0,11324000000.0,34650000000.0,8425000000.0,,8211000000.0,1140000000.0,7071000000.0,3.97,3.94,1775000000.0,1789000000.0,9799000000.0,,6487000000.0,5157000000.0,2772000000.0,,,24239000000.0,,8959000000.0,23231000000.0,12739000000.0,,75196000000.0,,,,13105000000.0,,,,,,31528000000.0,-8374000000.0,35802000000.0,75196000000.0,,640000000.0,-509000000.0,383000000.0,456000000.0,,,,,,10533000000.0,,,,,,1885000000.0,,-26000000.0,-2008000000.0,,,-5494000000.0,2961000000.0,1941000000.0
2022-03-31,11895000000.0,4987000000.0,,697000000.0,2787000000.0,8983000000.0,2912000000.0,,2876000000.0,429000000.0,2447000000.0,1.38,1.37,1761911000.0,1774542000.0,7675000000.0,,7179000000.0,5691000000.0,,,,23429000000.0,,8908000000.0,23200000000.0,12225000000.0,,74007000000.0,,,,12647000000.0,,,,,,33295000000.0,-8474000000.0,35399000000.0,74007000000.0,,305000000.0,,751000000.0,554000000.0,,,,,,2065000000.0,,,,,,321000000.0,,-2000000.0,-360000000.0,,,-3823000000.0,-2124000000.0,
2022-06-30,23152000000.0,9920000000.0,,1381000000.0,5544000000.0,17864000000.0,5288000000.0,,5228000000.0,763000000.0,4465000000.0,2.53,2.51,1757858000.0,1769973000.0,8937000000.0,,7199000000.0,5899000000.0,,,,24956000000.0,,8818000000.0,22744000000.0,11592000000.0,,74202000000.0,,,,12392000000.0,,,,,,34487000000.0,-8706000000.0,36490000000.0,74202000000.0,,447000000.0,,939000000.0,1030000000.0,,,,,,4475000000.0,,,,,,700000000.0,,-10000000.0,-624000000.0,,,-4636000000.0,-862000000.0,
2022-09-30,33562000000.0,14549000000.0,,2163000000.0,8275000000.0,26504000000.0,7058000000.0,,6986000000.0,1086000000.0,5900000000.0,3.35,3.32,1756209000.0,1767847000.0,9594000000.0,,6408000000.0,5734000000.0,,,,24845000000.0,,8689000000.0,22300000000.0,10850000000.0,,72801000000.0,,,,13365000000.0,,,,,,35115000000.0,-9445000000.0,35675000000.0,72801000000.0,,570000000.0,,409000000.0,1224000000.0,,,,,,7255000000.0,,,,,,1167000000.0,,-14000000.0,-1108000000.0,,,-6179000000.0,-205000000.0,
2022-12-31,43653000000.0,19142000000.0,,2888000000.0,11248000000.0,35291000000.0,8362000000.0,,8306000000.0,1373000000.0,6933000000.0,3.94,3.91,1753000000.0,1764000000.0,9882000000.0,,6218000000.0,6173000000.0,53000000.0,,,25224000000.0,,9162000000.0,22800000000.0,10454000000.0,,74438000000.0,,,,15489000000.0,,,,3804000000.0,,35257000000.0,-8051000000.0,36686000000.0,74438000000.0,,685000000.0,-659000000.0,68000000.0,1413000000.0,,,,,,9581000000.0,,,,,,1777000000.0,,-22000000.0,-1740000000.0,,,-7636000000.0,83000000.0,1864000000.0
2023-03-31,9747000000.0,4331000000.0,,654000000.0,2762000000.0,8238000000.0,1509000000.0,,1562000000.0,244000000.0,1318000000.0,0.75,0.75,1741738000.0,1751715000.0,9161000000.0,,6020000000.0,6673000000.0,,,,24377000000.0,,9282000000.0,22927000000.0,10006000000.0,,73794000000.0,,,,14530000000.0,,,,,,35868000000.0,-8039000000.0,37010000000.0,73794000000.0,,281000000.0,,-233000000.0,419000000.0,,,,,,1143000000.0,,,,,,380000000.0,,-4000000.0,-462000000.0,,,-1410000000.0,-721000000.0,
2023-06-30,19725000000.0,8814000000.0,,1369000000.0,5502000000.0,16674000000.0,3051000000.0,,3198000000.0,505000000.0,2693000000.0,1.54,1.53,1741051000.0,1750984000.0,7835000000.0,,6172000000.0,6871000000.0,,,,23505000000.0,,9449000000.0,23300000000.0,9834000000.0,,73354000000.0,,,,14350000000.0,,,,,,36355000000.0,-8071000000.0,37174000000.0,73354000000.0,,413000000.0,,-37000000.0,667000000.0,,,,,,2346000000.0,,,,,,887000000.0,,-5000000.0,-1675000000.0,,,-2699000000.0,-2047000000.0,
2023-09-30,29868000000.0,13419000000.0,,2041000000.0,8225000000.0,25170000000.0,4698000000.0,,4869000000.0,740000000.0,4129000000.0,2.36,2.35,1740255000.0,1750074000.0,6709000000.0,,6499000000.0,6650000000.0,,,,22664000000.0,,9552000000.0,23300000000.0,9282000000.0,,72090000000.0,,,,13042000000.0,,,,,,36920000000.0,-8480000000.0,37481000000.0,72090000000.0,,530000000.0,,424000000.0,527000000.0,,,,,,4223000000.0,,,,,,1447000000.0,,-20000000.0,-2309000000.0,,,-5039000000.0,-3173000000.0,
2023-12-31,40109000000.0,17975000000.0,,2741000000.0,10949000000.0,33631000000.0,6478000000.0,,6664000000.0,941000000.0,5723000000.0,3.28,3.26,1740000000.0,1749000000.0,6896000000.0,,6565000000.0,6570000000.0,414000000.0,,,22670000000.0,,10154000000.0,23700000000.0,8815000000.0,,73214000000.0,,,,13841000000.0,,,,3466000000.0,,37554000000.0,-7839000000.0,38603000000.0,73214000000.0,,644000000.0,-461000000.0,356000000.0,232000000.0,,,,,,7261000000.0,,,,,,2202000000.0,,-22000000.0,-3133000000.0,,,-7091000000.0,-2986000000.0,1475000000.0
2024-03-31,9964000000.0,4463000000.0,,684000000.0,2959000000.0,8578000000.0,1386000000.0,,1436000000.0,211000000.0,1225000000.0,0.7,0.7,1740203000.0,1749652000.0,6284000000.0,,6605000000.0,6827000000.0,,,,22376000000.0,,10107000000.0,23400000000.0,8296000000.0,,72467000000.0,,,,14021000000.0,,,,,,38011000000.0,-8166000000.0,38810000000.0,72467000000.0,,304000000.0,,151000000.0,410000000.0,,,,,,1025000000.0,,,,,,398000000.0,,-1000000.0,-425000000.0,,,-1176000000.0,-612000000.0,
2024-06-30,20341000000.0,9066000000.0,,1382000000.0,5895000000.0,17286000000.0,3055000000.0,,3043000000.0,516000000.0,2527000000.0,1.45,1.44,1743040000.0,1751153000.0,6987000000.0,,6854000000.0,6814000000.0,,,,23119000000.0,,10233000000.0,23308000000.0,7827000000.0,,73017000000.0,,,,13760000000.0,,,,,,38354000000.0,-8135000000.0,39318000000.0,73017000000.0,,445000000.0,,476000000.0,513000000.0,,,,,,2985000000.0,,,,,,931000000.0,,-3000000.0,-878000000.0,,,-1967000000.0,91000000.0,
2024-09-30,30976000000.0,13764000000.0,,2095000000.0,8790000000.0,26062000000.0,4914000000.0,,4983000000.0,810000000.0,4173000000.0,2.39,2.38,1740869000.0,1749434000.0,7558000000.0,,7051000000.0,6813000000.0,,,,23802000000.0,,10621000000.0,23700000000.0,7352000000.0,,74356000000.0,,,,14902000000.0,,,,,,39056000000.0,-7804000000.0,39796000000.0,74356000000.0,,562000000.0,,533000000.0,293000000.0,,,,,,5690000000.0,,,,,,1487000000.0,,-5000000.0,-1472000000.0,,,-3543000000.0,662000000.0,
