Date,Net sales,Cost of sales,Gross margin,Research and development,"Selling, general and administrative",Total operating expenses,Operating income,"Other income/(expense), net",Income before provision for income taxes,Provision for income taxes,Net income,Earnings per share basic,Earnings per share diluted,Weighted-average basic,Weighted-average diluted,Cash and cash equivalents,Short-term marketable securities,"Accounts receivable, net",Inventories,Deferred tax assets,Vendor non-trade receivables,Other current assets,Total current assets,Long-term marketable securities,"Property, Plant and Equipment, Net",Goodwill,"Acquired intangible assets, net","Other Assets, Noncurrent",Total assets,accounts payable,Accrued expenses,Deferred revenue,Total current liabilities,Deferred revenue - non-current,deferred tax liabilities,long term taxes payable,Total other non-current liabilities,Total liabilities,Retained Earnings (Accumulated Deficit),Accumulated other comprehensive (loss)/income,Total shareholders equity,Total liabilities and shareholders' equity,"Depreciation, amortization and accretion",Stock-based compensation expense,Deferred income tax expense,"Increase (Decrease) in Accounts receivable, net",Increase (Decrease) in Inventories,Increase (Decrease) in Other Receivables,Increase (Decrease) in Other Operating Assets,Increase (Decrease) in Accounts Payable,Increase (Decrease) in Deferred Revenue,Increase (Decrease) Other liabilities,Cash generated by operating activities,Purchases of marketable securities,Proceeds from maturities of marketable securities,Proceeds from sales of marketable securities,Purchases of other long-term investments,"Business acquisitions, net of cash acquired",Cash payments for capital asset purchases,Payments for acquisition of intangible assets,Payments for (Proceeds from) Other Investing Activities,Cash used in investing activities,Proceeds from issuance of common stock,Excess tax benefits from stock-based compensation,Cash generated/used in financing activities,Increase/(decrease) in cash and cash equivalents,"Cash paid for income taxes, net"
2010-02-28,11285510000.0,7811225000.0,,,,9888129000.0,1397381000.0,,1394495000.0,407818000.0,844577000.0,1.33,1.27,638695204.0,770691181.0,4114751000.0,,2470983000.0,,499068000.0,,563408000.0,8774452000.0,,646727000.0,813783000.0,,323270000.0,11890088000.0,683632000.0,679703000.0,1796394000.0,5809219000.0,497460000.0,74849000.0,1168266000.0,213221000.0,,4031834000.0,-198703000.0,2959496000.0,11890088000.0,233416000.0,219416000.0,-4561000.0,266910000.0,,,28799000.0,-29812000.0,158184000.0,-177379000.0,879092000.0,6800000.0,,,,89000.0,78863000.0,,,-77214000.0,,33706000.0,-1174589000.0,-426911000.0,
2010-05-31,17261005000.0,11855070000.0,,,,15059794000.0,2201211000.0,,2197775000.0,647579000.0,1335174000.0,2.1,2.0,641355607.0,768992565.0,4312111000.0,,2350493000.0,,510065000.0,,496770000.0,8843390000.0,,625534000.0,805282000.0,,336849000.0,11917658000.0,683094000.0,620887000.0,1688069000.0,5829054000.0,475770000.0,72008000.0,1198083000.0,207484000.0,,4180885000.0,-279258000.0,2996630000.0,11917658000.0,349730000.0,326629000.0,-24287000.0,268290000.0,,,21472000.0,-13173000.0,126536000.0,-266168000.0,1840015000.0,11165000.0,,,,28530000.0,136613000.0,,,-163845000.0,,55851000.0,-1722620000.0,-229551000.0,
2010-08-31,23094078000.0,15843331000.0,,383700000.0,,20179233000.0,2914845000.0,,2914369000.0,853910000.0,1780656000.0,2.79,2.66,637170234.0,766047794.0,4838292000.0,,2534598000.0,,990606000.0,,490243000.0,9563625000.0,,659569000.0,841234000.0,,624521000.0,12835253000.0,885328000.0,671493000.0,1772833000.0,6567604000.0,497102000.0,67976000.0,1246960000.0,226696000.0,,4634329000.0,-386292000.0,2835746000.0,12835253000.0,474688000.0,425822000.0,71698000.0,355193000.0,,,251058000.0,125126000.0,93024000.0,-111873000.0,3091620000.0,13528000.0,,,,41075000.0,238215000.0,,,-273765000.0,,67323000.0,-2429026000.0,296630000.0,
2010-11-30,6478193000.0,4533713000.0,,,,5651258000.0,826935000.0,,844628000.0,239072000.0,534714000.0,0.84,0.81,637298491.0,742961409.0,4160452000.0,,2846561000.0,,560968000.0,,543711000.0,9469710000.0,,673697000.0,895233000.0,,660038000.0,12868874000.0,824354000.0,660561000.0,1769439000.0,6446851000.0,503565000.0,73528000.0,1338764000.0,220200000.0,,4860443000.0,-329250000.0,2909396000.0,12868874000.0,120059000.0,85096000.0,,291295000.0,,,96355000.0,-49985000.0,-18032000.0,2668000.0,106399000.0,53000.0,,,,60043000.0,75483000.0,,,-134840000.0,,70125000.0,-703607000.0,-677840000.0,
2011-02-28,12974486000.0,9112782000.0,,,,11375974000.0,1598512000.0,,1618775000.0,447469000.0,1037731000.0,1.62,1.56,646292241.0,742912682.0,4677544000.0,,3072103000.0,,567826000.0,,583236000.0,10279277000.0,,694788000.0,966819000.0,,755795000.0,13893673000.0,846365000.0,623227000.0,2114235000.0,6617096000.0,523780000.0,80480000.0,1407127000.0,215217000.0,,5367504000.0,-239481000.0,3592907000.0,13893673000.0,241143000.0,218188000.0,,419387000.0,,,255683000.0,-20006000.0,244788000.0,-64085000.0,707503000.0,726000.0,,,,118262000.0,154058000.0,,,-270425000.0,,105798000.0,-750499000.0,-160748000.0,
2011-05-31,20178841000.0,14007509000.0,,,,17630913000.0,2547928000.0,,2576624000.0,706249000.0,1665744000.0,2.58,2.49,651339239.0,745503329.0,5256684000.0,,3272697000.0,,574521000.0,,615225000.0,11147260000.0,,740771000.0,983389000.0,,752633000.0,14903969000.0,862651000.0,713857000.0,2162514000.0,7372666000.0,563365000.0,52784000.0,1494395000.0,221865000.0,,5674772000.0,-152812000.0,3713803000.0,14903969000.0,371916000.0,343718000.0,,518355000.0,,,331403000.0,-17760000.0,229815000.0,72483000.0,2060463000.0,6834000.0,,,,118662000.0,266739000.0,,,-382257000.0,,131183000.0,-1506969000.0,418392000.0,
2011-08-31,27352914000.0,18966195000.0,,503222000.0,,23882457000.0,3470457000.0,,3512022000.0,958782000.0,2277677000.0,3.53,3.4,645631170.0,742184540.0,5701078000.0,,3236059000.0,,1207335000.0,,587224000.0,11471183000.0,,785231000.0,1131991000.0,,937675000.0,15731510000.0,949250000.0,855208000.0,2219270000.0,7906589000.0,553440000.0,72257000.0,1619076000.0,233581000.0,,6281517000.0,-134380000.0,3878951000.0,15731510000.0,513256000.0,450137000.0,-170258000.0,486128000.0,,,466913000.0,63005000.0,294512000.0,139687000.0,3441739000.0,11173000.0,,,,306187000.0,403714000.0,,,-703387000.0,,171314000.0,-2121504000.0,862786000.0,
2011-11-30,7589108000.0,5337568000.0,,,,6607970000.0,981138000.0,,993027000.0,281270000.0,642086000.0,1.0,0.96,644285298.0,730114347.0,5091906000.0,,3325556000.0,,568649000.0,,512429000.0,10992719000.0,,745898000.0,1225298000.0,,885080000.0,15290845000.0,898113000.0,894457000.0,2112177000.0,7575125000.0,554413000.0,61136000.0,1653847000.0,250031000.0,,6467622000.0,-452483000.0,3766360000.0,15290845000.0,132625000.0,100558000.0,,214629000.0,,,10054000.0,-74357000.0,95231000.0,65445000.0,475258000.0,3561000.0,,,,160055000.0,80875000.0,,,-239911000.0,,31989000.0,-587617000.0,-609172000.0,
2012-02-29,14848936000.0,10481030000.0,,,,12978499000.0,1870437000.0,,1891567000.0,465620000.0,1286009000.0,1.99,1.93,646452990.0,729608665.0,5568746000.0,,3355991000.0,,584149000.0,,623920000.0,11554680000.0,,775871000.0,1232474000.0,,844578000.0,15808096000.0,892436000.0,790307000.0,2370869000.0,7537851000.0,541137000.0,60698000.0,1437393000.0,244954000.0,,7113037000.0,-282124000.0,4468553000.0,15808096000.0,279635000.0,261517000.0,,192300000.0,,,112141000.0,-96897000.0,248782000.0,-8699000.0,1333071000.0,6726000.0,,,,162876000.0,166254000.0,,,-327202000.0,,57975000.0,-965899000.0,-132332000.0,
2012-05-31,22489726000.0,15750915000.0,,,,19558528000.0,2931198000.0,,2958020000.0,769242000.0,1975228000.0,3.06,2.96,645761617.0,729183064.0,5628659000.0,,3222310000.0,,641011000.0,,506681000.0,11458026000.0,,752495000.0,1205678000.0,,694955000.0,15535915000.0,808674000.0,870756000.0,2156711000.0,7593067000.0,546596000.0,50240000.0,1506518000.0,283534000.0,,7330215000.0,-596554000.0,4106004000.0,15535915000.0,414636000.0,412389000.0,,218540000.0,,,18845000.0,-132028000.0,224298000.0,69304000.0,2548661000.0,7554000.0,,,,173684000.0,256716000.0,,,-422770000.0,,70410000.0,-1915871000.0,-72419000.0,
2012-08-31,29777985000.0,20790284000.0,,559611000.0,,25906437000.0,3871548000.0,,3904174000.0,1079241000.0,2553510000.0,3.97,3.84,643132601.0,726416452.0,6640526000.0,,3080877000.0,,1367037000.0,,778701000.0,12587931000.0,,779494000.0,1215383000.0,,695568000.0,16665415000.0,903847000.0,908392000.0,2275052000.0,8109205000.0,553764000.0,105544000.0,1597590000.0,322596000.0,,7904242000.0,-678148000.0,4145833000.0,16665415000.0,593545000.0,538086000.0,56981000.0,-15822000.0,,,126296000.0,-68082000.0,229724000.0,169042000.0,4256852000.0,7554000.0,,,,174383000.0,371974000.0,,,-535385000.0,,78357000.0,-2558855000.0,939448000.0,
2012-11-30,7668036000.0,5301843000.0,,,,6619362000.0,1048674000.0,,1046456000.0,280425000.0,698817000.0,1.09,1.06,639659238.0,716368102.0,5678892000.0,,3501506000.0,,672455000.0,,670360000.0,12013526000.0,,799443000.0,1386630000.0,,753032000.0,16408020000.0,890233000.0,882991000.0,2127658000.0,7977359000.0,536073000.0,112555000.0,1596698000.0,314239000.0,,8060240000.0,-610398000.0,4506633000.0,16408020000.0,139924000.0,114170000.0,,366209000.0,,,-70985000.0,-9548000.0,-219367000.0,-493084000.0,-108815000.0,0.0,,,,209952000.0,86547000.0,,,-295737000.0,,39443000.0,-577662000.0,-961634000.0,
2013-02-28,15161356000.0,10564800000.0,,,,12948150000.0,2213206000.0,,2227805000.0,274676000.0,1800619000.0,2.79,2.71,649520337.0,714977392.0,5636086000.0,,3518104000.0,,731346000.0,,673211000.0,12016949000.0,,810896000.0,1439238000.0,,654479000.0,16358730000.0,883048000.0,637872000.0,2318238000.0,7365474000.0,527895000.0,154649000.0,1141449000.0,316150000.0,,9157797000.0,-688593000.0,5452349000.0,16358730000.0,297190000.0,298604000.0,,378655000.0,,,-36595000.0,-30382000.0,1123000.0,-524784000.0,525409000.0,0.0,,,,297963000.0,176788000.0,,,-472400000.0,,85975000.0,-1043086000.0,-1004440000.0,
2013-05-31,22869291000.0,15834716000.0,,,,19514114000.0,3355177000.0,,3374390000.0,547198000.0,2610878000.0,4.04,3.92,650625931.0,714990587.0,5938085000.0,,3375047000.0,,723656000.0,,564407000.0,12078919000.0,,798915000.0,1472955000.0,,606348000.0,16523758000.0,922658000.0,575930000.0,2253450000.0,7630622000.0,504628000.0,147090000.0,1169842000.0,342706000.0,,9404277000.0,-852152000.0,5324867000.0,16523758000.0,439321000.0,473317000.0,,278066000.0,,,-71857000.0,24956000.0,-43667000.0,-520374000.0,2027618000.0,0.0,,,,369145000.0,267364000.0,,,-623629000.0,,95121000.0,-2041993000.0,-702441000.0,
2013-08-31,30394285000.0,21010110000.0,,715094000.0,,26055605000.0,4338680000.0,,4339294000.0,784775000.0,3281878000.0,5.08,4.93,645536995.0,712763616.0,5631885000.0,,3333126000.0,,1614635000.0,,568277000.0,11844178000.0,,779675000.0,1818586000.0,,789218000.0,16867049000.0,961851000.0,908852000.0,2230615000.0,8160990000.0,517397000.0,174818000.0,1224251000.0,463403000.0,,10069844000.0,-1052746000.0,4960186000.0,16867049000.0,593028000.0,615878000.0,-209674000.0,213634000.0,,,21152000.0,-5073000.0,-81878000.0,-298041000.0,3303128000.0,0.0,,,,803988000.0,369593000.0,,,-1156215000.0,,114073000.0,-3065629000.0,-1008641000.0,
2013-11-30,7799696000.0,5350349000.0,,,,6708597000.0,1091099000.0,,1083577000.0,271931000.0,751846000.0,1.18,1.15,636695545.0,697974850.0,4527198000.0,,3506187000.0,,805194000.0,,723893000.0,11291459000.0,,779247000.0,1931120000.0,,817175000.0,16515938000.0,982733000.0,692947000.0,2140981000.0,7828743000.0,525665000.0,178770000.0,1262262000.0,380724000.0,,10200630000.0,-885714000.0,4927831000.0,16515938000.0,145327000.0,126906000.0,,113455000.0,,,205477000.0,-2958000.0,-153155000.0,-145724000.0,181233000.0,,,,,137387000.0,58959000.0,,,-195552000.0,,35556000.0,-1138516000.0,-1104687000.0,
2014-02-28,15367179000.0,10687690000.0,,,,13324798000.0,2042381000.0,,2033705000.0,499728000.0,1423146000.0,2.24,2.18,636314554.0,695508819.0,3680274000.0,,3588189000.0,,835845000.0,,796371000.0,10633880000.0,,783961000.0,2312145000.0,,901519000.0,16357209000.0,936315000.0,559341000.0,2438786000.0,7288358000.0,529086000.0,145635000.0,1296201000.0,377924000.0,,10871320000.0,-866501000.0,5272315000.0,16357209000.0,294467000.0,333686000.0,,128496000.0,,,355142000.0,-74047000.0,94517000.0,-241855000.0,473613000.0,,,,,609589000.0,135126000.0,,,-743211000.0,,95986000.0,-1714595000.0,-1951611000.0,
2014-05-31,23607359000.0,16391513000.0,,,,20386212000.0,3221147000.0,,3209643000.0,793853000.0,2240482000.0,3.53,3.44,635231759.0,693943009.0,4048859000.0,,3804826000.0,,818747000.0,,694339000.0,11134693000.0,,786599000.0,2354811000.0,,914549000.0,17002384000.0,957633000.0,552405000.0,2308594000.0,7616168000.0,517221000.0,158404000.0,1299129000.0,317217000.0,,11064794000.0,-706412000.0,5603631000.0,17002384000.0,456664000.0,519989000.0,,331649000.0,,,294028000.0,-50055000.0,-64010000.0,-174087000.0,1836873000.0,,,,,,220413000.0,,,-891538000.0,,103066000.0,-2580575000.0,-1583026000.0,
2014-08-31,31874678000.0,22190212000.0,,639513000.0,,27574166000.0,4300512000.0,,4297701000.0,1121743000.0,2941498000.0,4.64,4.52,634216250.0,692389966.0,4921305000.0,,3859567000.0,,1661254000.0,,585381000.0,11904442000.0,,793444000.0,2395894000.0,,959840000.0,17930452000.0,1064228000.0,625098000.0,2348034000.0,8158079000.0,544831000.0,198734000.0,1303367000.0,305770000.0,,11758131000.0,-871948000.0,5732035000.0,17930452000.0,620743000.0,671301000.0,-74092000.0,464639000.0,,,343392000.0,72526000.0,93927000.0,-83531000.0,3486085000.0,0.0,,,,740067000.0,321870000.0,,,-1056411000.0,,114293000.0,-3165416000.0,-710580000.0,
2014-11-30,8343257000.0,5803967000.0,,,,7155548000.0,1187709000.0,,1192018000.0,299776000.0,831530000.0,1.32,1.29,628439218.0,682333149.0,4472347000.0,,3779792000.0,,740383000.0,,706328000.0,11576245000.0,,740496000.0,2399308000.0,,947899000.0,17630033000.0,947270000.0,547458000.0,2170743000.0,8137403000.0,524861000.0,207584000.0,1312787000.0,312937000.0,,11928129000.0,-1040709000.0,5481501000.0,17630033000.0,166519000.0,128915000.0,,34091000.0,,,243678000.0,-95155000.0,-34709000.0,-18559000.0,872900000.0,,,,,,51858000.0,,,-89213000.0,,28335000.0,-1126877000.0,-448958000.0,
2015-02-28,16274847000.0,11494918000.0,,,,14066105000.0,2208742000.0,,2196978000.0,561544000.0,1522256000.0,2.42,2.37,628338365.0,680752956.0,4061400000.0,,3688052000.0,,749227000.0,,768384000.0,11007808000.0,,725917000.0,2437595000.0,,959689000.0,16991565000.0,984539000.0,461110000.0,2297747000.0,7493986000.0,513300000.0,178382000.0,901771000.0,276136000.0,,12615316000.0,-1132890000.0,5990851000.0,16991565000.0,318755000.0,336115000.0,,54725000.0,,,389521000.0,-39147000.0,243718000.0,-91275000.0,1174187000.0,,,,,,133426000.0,,,-250947000.0,,64892000.0,-1591279000.0,-859905000.0,
2015-05-31,24549913000.0,17245079000.0,,,,21207652000.0,3342261000.0,,3329069000.0,843405000.0,2315953000.0,3.69,3.61,627523298.0,679719183.0,4026189000.0,,3717048000.0,,865472000.0,,627342000.0,11069521000.0,,752362000.0,2669172000.0,,896684000.0,17308727000.0,1040645000.0,465164000.0,2142085000.0,7888442000.0,506409000.0,190733000.0,896075000.0,280416000.0,,12741223000.0,-1252268000.0,5911214000.0,17308727000.0,472160000.0,531691000.0,,68144000.0,,,281731000.0,14927000.0,93404000.0,-42615000.0,2587551000.0,,,,,,246980000.0,,,-675895000.0,,69185000.0,-2593937000.0,-895116000.0,
2015-08-31,32914424000.0,23105185000.0,,625541000.0,,28478555000.0,4435869000.0,,4410530000.0,1136741000.0,3053581000.0,4.87,4.76,626799586.0,678757070.0,4360766000.0,,3840920000.0,,1998556000.0,,611436000.0,11579394000.0,,801884000.0,2929833000.0,,964918000.0,18266058000.0,1151464000.0,562432000.0,2251617000.0,8532199000.0,524455000.0,113590000.0,996077000.0,317956000.0,,13470008000.0,-1411972000.0,6133725000.0,18266058000.0,645923000.0,680329000.0,-459109000.0,158990000.0,,,400524000.0,113548000.0,182836000.0,28761000.0,4092137000.0,,,,,791704000.0,395017000.0,,,-1170384000.0,,84026000.0,-3202296000.0,-560539000.0,
2015-11-30,8465984000.0,5903465000.0,,,,7244724000.0,1221260000.0,,1228363000.0,359682000.0,818899000.0,1.31,1.28,626463124.0,671300744.0,3073193000.0,,4061037000.0,,776211000.0,,745271000.0,10623048000.0,,804012000.0,3521828000.0,,1038949000.0,17993875000.0,1094821000.0,565510000.0,2089356000.0,8472398000.0,532684000.0,119755000.0,1055066000.0,288225000.0,,13582445000.0,-1489473000.0,5900425000.0,17993875000.0,181882000.0,129183000.0,,244126000.0,,,224933000.0,-64504000.0,-127712000.0,63876000.0,611305000.0,,,,,,94777000.0,,,-706492000.0,,31952000.0,-1164033000.0,-1287573000.0,
2016-02-29,16863037000.0,11930702000.0,,,,14553733000.0,2309304000.0,,2850955000.0,582416000.0,2145419000.0,3.42,3.36,626523793.0,669758590.0,3034659000.0,,3986141000.0,,868631000.0,,766136000.0,10678800000.0,,856403000.0,3501419000.0,,1059639000.0,18147778000.0,1103343000.0,496293000.0,2328485000.0,7573179000.0,730127000.0,121879000.0,871213000.0,332720000.0,,14915912000.0,-1521633000.0,6811661000.0,18147778000.0,354627000.0,357715000.0,,172884000.0,,,383309000.0,-75286000.0,329608000.0,-19925000.0,928651000.0,,,,,,242845000.0,,,-370633000.0,,78801000.0,-1837404000.0,-1326107000.0,
2016-05-31,25832081000.0,18210194000.0,,,,22216834000.0,3615247000.0,,4144659000.0,925837000.0,3042666000.0,4.86,4.77,625563431.0,668525906.0,3497878000.0,,4303642000.0,,891390000.0,,743396000.0,11576011000.0,,883609000.0,3538147000.0,,1054513000.0,19191047000.0,1133430000.0,472071000.0,2349050000.0,8161133000.0,771973000.0,152882000.0,927952000.0,304114000.0,,15090815000.0,-1392606000.0,7127325000.0,19191047000.0,535637000.0,584644000.0,,429085000.0,,,449271000.0,-61342000.0,273399000.0,65685000.0,2519676000.0,,,,,,336500000.0,,,-547878000.0,,81765000.0,-2808795000.0,-862888000.0,
2016-08-31,34797661000.0,24520234000.0,,643407000.0,,29987216000.0,4810445000.0,,5603572000.0,1253969000.0,4111892000.0,6.58,6.45,624797820.0,667770274.0,4905609000.0,,4072180000.0,,1966292000.0,,845339000.0,11976222000.0,,956542000.0,3609437000.0,,989494000.0,20609004000.0,1280821000.0,468529000.0,2364728000.0,8878924000.0,754812000.0,111020000.0,850709000.0,304917000.0,,7879960000.0,-1661720000.0,7555262000.0,20609004000.0,729052000.0,758176000.0,65940000.0,177156000.0,,,655876000.0,72626000.0,302738000.0,90690000.0,4575115000.0,,,,,932542000.0,496566000.0,,,-610350000.0,,92285000.0,-3396933000.0,544843000.0,
2016-11-30,9005603000.0,6275571000.0,,,,7673644000.0,1331959000.0,,1331121000.0,271372000.0,1004476000.0,1.62,1.58,621569764.0,663752830.0,4077058000.0,,4298605000.0,,,,819829000.0,11368406000.0,,928900000.0,4008760000.0,,1041237000.0,20443741000.0,1163348000.0,515729000.0,2079897000.0,9170082000.0,734465000.0,48606000.0,664434000.0,300173000.0,,8113539000.0,-1855218000.0,7417093000.0,20443741000.0,187433000.0,149796000.0,,279151000.0,,,71564000.0,-103390000.0,-207437000.0,64590000.0,1083882000.0,,,,,,84553000.0,,,-689622000.0,,,-1162775000.0,-828551000.0,
2017-02-28,17767785000.0,12533597000.0,,,,15297173000.0,2470612000.0,,2449631000.0,502674000.0,1843228000.0,2.96,2.91,621999948.0,662446680.0,3238862000.0,,4452252000.0,,,,958745000.0,10764002000.0,,968433000.0,4224007000.0,,1111048000.0,20078773000.0,1212800000.0,386074000.0,2458524000.0,8352773000.0,740919000.0,53452000.0,516839000.0,291117000.0,,8953190000.0,-1739351000.0,7964245000.0,20078773000.0,375240000.0,402323000.0,,362416000.0,,,263458000.0,-73976000.0,110105000.0,-61900000.0,1238585000.0,,,,,,188962000.0,,,-1033788000.0,,,-1844095000.0,-1666747000.0,
2017-05-31,27124572000.0,18980753000.0,,,,23788525000.0,3336047000.0,,3324031000.0,672273000.0,2512696000.0,4.05,3.96,621025256.0,661130306.0,3382208000.0,,4474415000.0,,,,1079163000.0,11205735000.0,,1041006000.0,4610996000.0,,1167013000.0,21135592000.0,1291138000.0,399194000.0,2550233000.0,9154325000.0,692621000.0,64976000.0,525196000.0,320652000.0,,8844773000.0,-1335523000.0,8167356000.0,21135592000.0,569720000.0,611937000.0,,240703000.0,,,374306000.0,-29697000.0,39607000.0,-65474000.0,3031157000.0,,,,,,324773000.0,,,-1581485000.0,,,-2967671000.0,-1523401000.0,
2017-08-31,36765478000.0,25734986000.0,,704317000.0,,32132869000.0,4632609000.0,,4616032000.0,981100000.0,3445149000.0,5.56,5.44,620104250.0,660463227.0,4126860000.0,,4569214000.0,,2077803000.0,,1082161000.0,12097289000.0,,1140598000.0,5002352000.0,,1226331000.0,22689890000.0,1525065000.0,474547000.0,2669520000.0,9824279000.0,663248000.0,137098000.0,574780000.0,349363000.0,,7081855000.0,-1094784000.0,8949477000.0,22689890000.0,801789000.0,795235000.0,-364133000.0,169714000.0,,,415568000.0,173712000.0,-38954000.0,12069000.0,4973039000.0,,,,,1704188000.0,515919000.0,,,-2233879000.0,,,-3560235000.0,-778749000.0,
2017-11-30,10054493000.0,7002233000.0,,,,8568613000.0,1485880000.0,,1494124000.0,305582000.0,1123660000.0,1.82,1.79,615835525.0,656671417.0,3681711000.0,,4981084000.0,,,,1163493000.0,12303841000.0,,1158960000.0,5078504000.0,,1189653000.0,22974153000.0,1316930000.0,411047000.0,2494949000.0,9863026000.0,687950000.0,121397000.0,604972000.0,358837000.0,,7339188000.0,-1133153000.0,9102130000.0,22974153000.0,232633000.0,212891000.0,,434471000.0,,,154120000.0,-219993000.0,-146608000.0,36429000.0,1005838000.0,,,,,,133352000.0,,,-258959000.0,,,-1179020000.0,-445149000.0,
2018-02-28,20122325000.0,14221671000.0,,,,17353681000.0,2768644000.0,,2738921000.0,630839000.0,1987363000.0,3.22,3.16,617854667.0,656381177.0,3595079000.0,,5030698000.0,,,,1175150000.0,12284948000.0,,1196195000.0,5286197000.0,,1231826000.0,23132979000.0,1367464000.0,496003000.0,2930645000.0,9367912000.0,656638000.0,126056000.0,682162000.0,389585000.0,,8149090000.0,-1066266000.0,9682687000.0,23132979000.0,453297000.0,505926000.0,,372392000.0,,,287588000.0,-179438000.0,139545000.0,108445000.0,1929895000.0,,,,,,266248000.0,,,-604635000.0,,,-1882224000.0,-531781000.0,
2018-05-31,30961179000.0,21741397000.0,,,,26572809000.0,4388370000.0,,4351479000.0,1185256000.0,3030383000.0,4.85,4.76,639217344.0,655739568.0,3928845000.0,,4986652000.0,,,,958067000.0,12336872000.0,,1228946000.0,5275293000.0,,1160086000.0,23250793000.0,1388989000.0,508980000.0,2744402000.0,9553596000.0,635737000.0,132324000.0,902337000.0,399497000.0,,8296830000.0,-1343701000.0,9797325000.0,23250793000.0,691686000.0,751826000.0,,463972000.0,,,241979000.0,-132607000.0,85853000.0,172188000.0,3917433000.0,,,,,,439804000.0,,,-874636000.0,,,-3177412000.0,-198015000.0,
2018-08-31,41603428000.0,29160515000.0,,790779000.0,,35762387000.0,5841041000.0,,5808093000.0,1593499000.0,4059907000.0,6.46,6.34,628451742.0,655296150.0,5061360000.0,,4996454000.0,,1961078000.0,,1024639000.0,13585559000.0,,1264020000.0,5383012000.0,,1185993000.0,24449083000.0,1348802000.0,892873000.0,2837682000.0,10151751000.0,618124000.0,125729000.0,956836000.0,441723000.0,,7952413000.0,-1576171000.0,10364753000.0,24449083000.0,926776000.0,976908000.0,94000000.0,476041000.0,,,510102000.0,-167971000.0,176853000.0,188479000.0,6026691000.0,,,,,657546000.0,619187000.0,,,-1249604000.0,,,-3709028000.0,934500000.0,
2018-11-30,10605546000.0,7308121000.0,,,,8976534000.0,1629012000.0,,1610484000.0,319160000.0,1274720000.0,2.0,1.96,638877445.0,652151450.0,4363790000.0,,7450798000.0,,,,1150445000.0,13540408000.0,,1243268000.0,5522687000.0,,1219542000.0,26706412000.0,1355538000.0,809765000.0,2850452000.0,10176335000.0,601393000.0,136139000.0,889554000.0,423288000.0,,10384064000.0,-1476546000.0,12678856000.0,26706412000.0,211685000.0,246516000.0,,536882000.0,,,155787000.0,-14487000.0,13280000.0,-16826000.0,1027508000.0,,,,,,77691000.0,,,-272868000.0,,,-1462168000.0,-697570000.0,
2019-02-28,21059675000.0,14707901000.0,,,,18044037000.0,3015638000.0,,2986738000.0,554694000.0,2399169000.0,3.76,3.69,638750881.0,650732700.0,4464889000.0,,7579589000.0,,,,1213889000.0,13833300000.0,,1282765000.0,5782856000.0,,1280128000.0,27390208000.0,1472130000.0,835431000.0,3335751000.0,10219049000.0,607038000.0,139792000.0,826188000.0,437285000.0,,11421964000.0,-1465013000.0,13337033000.0,27390208000.0,431283000.0,593278000.0,,481936000.0,,,282588000.0,28730000.0,438293000.0,-9053000.0,2387158000.0,,,,,,217488000.0,,-6218000.0,-724543000.0,,,-2294091000.0,-596471000.0,
2019-05-31,32159363000.0,22279291000.0,,,,27425782000.0,4733581000.0,,4691045000.0,990352000.0,3648685000.0,5.72,5.62,638439707.0,650144931.0,4769158000.0,,7544573000.0,,,,1235017000.0,14141660000.0,,1341548000.0,6078816000.0,,1431695000.0,28156360000.0,1562995000.0,754266000.0,3255784000.0,10551987000.0,571769000.0,149196000.0,875850000.0,425554000.0,,11709317000.0,-1466509000.0,13737324000.0,28156360000.0,652592000.0,856952000.0,,493733000.0,,,373142000.0,94144000.0,342633000.0,-16096000.0,4510700000.0,,,,,,357749000.0,,-6041000.0,-1379708000.0,,,-3416153000.0,-292202000.0,
2019-08-31,43215013000.0,29900325000.0,,799734000.0,,36909939000.0,6305074000.0,,6251797000.0,1405556000.0,4779112000.0,7.49,7.36,638098125.0,650204873.0,6126853000.0,,7467338000.0,,4216232000.0,,1225364000.0,15450601000.0,,1391166000.0,6205550000.0,,1400292000.0,29789880000.0,1646641000.0,951450000.0,3188835000.0,11061896000.0,565224000.0,133232000.0,892688000.0,526988000.0,,10421538000.0,-1840577000.0,14409008000.0,29789880000.0,892760000.0,1093253000.0,-96360000.0,526297000.0,,,489817000.0,177186000.0,258067000.0,335428000.0,6626953000.0,,,,,1193071000.0,599009000.0,,-8553000.0,-1755576000.0,,,-3767171000.0,1065493000.0,
2019-11-30,11358958000.0,7711199000.0,,,,9591695000.0,1767263000.0,,1800647000.0,425479000.0,1356968000.0,2.13,2.09,635722309.0,649389444.0,5810537000.0,,7908781000.0,,,,1214878000.0,15606104000.0,,1386440000.0,6300004000.0,,1394191000.0,33170712000.0,1581112000.0,817239000.0,2986524000.0,11199408000.0,585301000.0,144659000.0,905952000.0,282251000.0,,11236275000.0,-1779968000.0,15167138000.0,33170712000.0,399458000.0,274929000.0,,436872000.0,,,101096000.0,-61929000.0,-185313000.0,-216346000.0,786911000.0,,,,,,95063000.0,,182000.0,-165893000.0,,,-948224000.0,-316316000.0,
2020-02-29,22500463000.0,15493533000.0,,,,19244255000.0,3256208000.0,,3310203000.0,682953000.0,2591708000.0,4.07,4.0,637485626.0,649210807.0,5436456000.0,,7785957000.0,,,,1447245000.0,15405293000.0,,1425432000.0,6698690000.0,,1506327000.0,33503430000.0,1526135000.0,840243000.0,3594142000.0,11177575000.0,629505000.0,167467000.0,866392000.0,265616000.0,,11867507000.0,-1802257000.0,15474589000.0,33503430000.0,841574000.0,647234000.0,,320707000.0,,,438456000.0,-120997000.0,423056000.0,-390228000.0,2317552000.0,,,,,,260433000.0,,-2355000.0,-763182000.0,,,-2237500000.0,-690397000.0,
2020-05-31,33491768000.0,22956150000.0,,,,28522827000.0,4968941000.0,,4990976000.0,1111087000.0,3819910000.0,6.0,5.9,636445172.0,648025669.0,6442261000.0,,7677366000.0,,,,1354698000.0,16146236000.0,,1445183000.0,7334594000.0,,1638024000.0,35057319000.0,1405977000.0,604037000.0,3536521000.0,11828281000.0,638821000.0,208146000.0,907590000.0,405544000.0,,12565857000.0,-1993819000.0,16014606000.0,35057319000.0,728830000.0,938100000.0,,96365000.0,,,483825000.0,-245718000.0,263274000.0,-67028000.0,5059018000.0,,,,,,410414000.0,,-3717000.0,-1648177000.0,,,-3035550000.0,315408000.0,
2020-08-31,44327039000.0,30350881000.0,,870611000.0,,37813395000.0,6513644000.0,,6774331000.0,1589018000.0,5107839000.0,8.03,7.89,636299913.0,647797003.0,8415330000.0,,7192110000.0,,3973443000.0,,1393225000.0,17749756000.0,,1545568000.0,7709820000.0,,1646018000.0,37078593000.0,1349874000.0,712197000.0,3636741000.0,12662590000.0,690931000.0,179703000.0,930695000.0,534421000.0,,12375533000.0,-1561837000.0,17000536000.0,37078593000.0,1022399000.0,1197806000.0,170951000.0,-721500000.0,,,503482000.0,-359682000.0,236207000.0,-10071000.0,8215152000.0,,,,,1531599000.0,599132000.0,,-5819000.0,-1894519000.0,,,-4049092000.0,2288477000.0,
2020-11-30,11762185000.0,7863889000.0,,,,9871516000.0,1890669000.0,,1986867000.0,464810000.0,1500276000.0,2.37,2.32,634271482.0,646879735.0,8594003000.0,,7799770000.0,,,,1401232000.0,18626094000.0,,1506825000.0,8127411000.0,,1669818000.0,38268311000.0,1513442000.0,707072000.0,3524781000.0,12819099000.0,668267000.0,,995478000.0,594833000.0,,13276702000.0,-1479202000.0,17906501000.0,38268311000.0,,311321000.0,,594475000.0,,,18129000.0,148495000.0,-151356000.0,-43506000.0,1602845000.0,,,,,,93115000.0,,-1549000.0,-446407000.0,,,-999451000.0,178673000.0,
2021-02-28,23850310000.0,16356782000.0,,,,20306126000.0,3544184000.0,,3749310000.0,765760000.0,2941135000.0,4.63,4.55,635993980.0,646803693.0,9166578000.0,,7986153000.0,,,,1665232000.0,19560720000.0,,1500781000.0,8752119000.0,,1781015000.0,39985401000.0,1740395000.0,693839000.0,4181625000.0,14090668000.0,685193000.0,,960322000.0,514221000.0,,14035805000.0,-1410438000.0,18308027000.0,39985401000.0,,736213000.0,,686924000.0,,,339380000.0,364506000.0,446304000.0,-367543000.0,4137566000.0,,,,,,185625000.0,,-4896000.0,-885762000.0,,,-2546184000.0,751248000.0,
2021-05-31,37114105000.0,25216193000.0,,,,31451265000.0,5662840000.0,,5843311000.0,1290189000.0,4490561000.0,7.07,6.96,635203753.0,646244001.0,10009380000.0,,8637841000.0,,,,1657604000.0,21144858000.0,,1538778000.0,9144313000.0,,1843553000.0,42124884000.0,1926910000.0,729499000.0,4230907000.0,14929559000.0,698740000.0,,1128791000.0,545994000.0,,15004281000.0,-1260757000.0,19342845000.0,42124884000.0,,1067251000.0,,1311984000.0,,,369888000.0,522087000.0,477116000.0,-560909000.0,6538716000.0,,,,,,343837000.0,,-19971000.0,-1458450000.0,,,-3558552000.0,1594050000.0,
2021-08-31,50533389000.0,34169261000.0,,1118320000.0,,42911860000.0,7621529000.0,,7761116000.0,1770571000.0,5906809000.0,9.31,9.16,634745073.0,645909042.0,8168174000.0,,8796992000.0,,3763494000.0,,1765831000.0,19666511000.0,,1639105000.0,11125861000.0,,2455412000.0,43175843000.0,2274057000.0,668583000.0,4229177000.0,15708867000.0,700080000.0,,1105896000.0,553839000.0,,13988748000.0,-1419497000.0,19529454000.0,43175843000.0,1127563000.0,1342951000.0,60930000.0,1471613000.0,,,591836000.0,825472000.0,554830000.0,-841329000.0,8975148000.0,,,,,,580132000.0,,-27936000.0,-4309766000.0,,,-4926337000.0,-247156000.0,
2021-11-30,14965153000.0,10048364000.0,,,,12530859000.0,2434294000.0,,2406132000.0,586402000.0,1791024000.0,2.83,2.78,632280932.0,644922661.0,5637117000.0,,10032721000.0,,,,1857166000.0,18621652000.0,,1654065000.0,12395904000.0,,2690227000.0,43674743000.0,2210163000.0,663246000.0,4006078000.0,15232007000.0,701629000.0,,1144011000.0,562928000.0,,15110688000.0,-1707236000.0,20353199000.0,43674743000.0,,365691000.0,,1354195000.0,,,220522000.0,-58561000.0,-150685000.0,-182786000.0,530871000.0,,,,,,181671000.0,,-4031000.0,-1912581000.0,,,-1069460000.0,-2531057000.0,
2022-02-28,30011846000.0,20571098000.0,,,,25515972000.0,4495874000.0,,4456582000.0,979323000.0,3425966000.0,5.41,5.32,633956712.0,644622602.0,5466116000.0,,10342236000.0,,,,2122107000.0,19185130000.0,,1656792000.0,12427823000.0,,2610941000.0,44317837000.0,2229221000.0,620907000.0,4663024000.0,15540122000.0,746596000.0,,1232982000.0,440369000.0,,16028399000.0,-1675485000.0,20560023000.0,44317837000.0,,912298000.0,,1800345000.0,,,610693000.0,-45475000.0,570558000.0,-434158000.0,2686364000.0,,,,,,346331000.0,,-6461000.0,-2185083000.0,,,-3106175000.0,-2702058000.0,
2022-05-31,46170649000.0,31415167000.0,,,,39071657000.0,7098992000.0,,6951206000.0,1654631000.0,5212041000.0,8.23,8.11,632969487.0,643692440.0,6703568000.0,,10816679000.0,,,,2080776000.0,21007740000.0,,1665478000.0,12499443000.0,,2537553000.0,46095198000.0,2384352000.0,571185000.0,4561147000.0,16562592000.0,733982000.0,,1197105000.0,452792000.0,,17177358000.0,-1954146000.0,21389094000.0,46095198000.0,,1319555000.0,,2594564000.0,,,713632000.0,142286000.0,585497000.0,-560251000.0,5751019000.0,,,,,,540947000.0,,-9397000.0,-2852037000.0,,,-4209614000.0,-1464606000.0,
2022-08-31,61594305000.0,41892766000.0,,1123296000.0,,52227124000.0,9367181000.0,,9196167000.0,2207207000.0,6877169000.0,10.87,10.71,632762710.0,642839181.0,7889833000.0,,10484211000.0,,3682616000.0,,1940290000.0,21610871000.0,,1659140000.0,13133293000.0,,2667595000.0,47263390000.0,2559485000.0,1510925000.0,4478048000.0,17523496000.0,712715000.0,,1198139000.0,462233000.0,,18203842000.0,-2190342000.0,22106097000.0,47263390000.0,1319186000.0,1679789000.0,-213294000.0,2411735000.0,,,716910000.0,374349000.0,648506000.0,-446089000.0,9541129000.0,,,,,,717998000.0,,-12580000.0,-4260629000.0,,,-5311026000.0,-278341000.0,
2022-11-30,15747802000.0,10561660000.0,,,,13154702000.0,2593100000.0,,2601618000.0,605318000.0,1964950000.0,3.12,3.08,630137262.0,638766821.0,5899703000.0,,11211048000.0,,,,2158309000.0,20672460000.0,,1634074000.0,13790686000.0,,2765867000.0,47115774000.0,2417777000.0,1431329000.0,4326633000.0,16460246000.0,710017000.0,,1273738000.0,448444000.0,,16981432000.0,-2055672000.0,22974611000.0,47115774000.0,,425469000.0,,609433000.0,,,307960000.0,-202182000.0,-270988000.0,-285004000.0,495398000.0,,,,,,98830000.0,,-2620000.0,-782074000.0,,,-1676860000.0,-1990130000.0,
2023-02-28,31561960000.0,21541052000.0,,,,27024279000.0,4537681000.0,,4548524000.0,1001541000.0,3488598000.0,5.53,5.47,630845147.0,638350779.0,6238787000.0,,10997530000.0,,,,2318814000.0,21060958000.0,,1560691000.0,14190658000.0,,2707460000.0,47727289000.0,2470896000.0,1544993000.0,5112570000.0,16349522000.0,726092000.0,,1250019000.0,440970000.0,,17500001000.0,-1944270000.0,23762619000.0,47727289000.0,,1057339000.0,,358519000.0,,,535273000.0,-151738000.0,419313000.0,-332044000.0,2825509000.0,,,,,,206378000.0,,-5119000.0,-1260371000.0,,,-3192201000.0,-1651046000.0,
2023-05-31,48126545000.0,32576567000.0,,,,41229576000.0,6896969000.0,,7180205000.0,1584887000.0,5498594000.0,8.72,8.62,631535162.0,638743434.0,8535446000.0,,11005863000.0,,,,2257485000.0,23380073000.0,,1534927000.0,14461094000.0,,2808051000.0,50128275000.0,2388474000.0,1580416000.0,5101692000.0,17092528000.0,687098000.0,,1270733000.0,539358000.0,,18692118000.0,-1900923000.0,25332431000.0,50128275000.0,,1530034000.0,,410214000.0,,,588958000.0,-242633000.0,381121000.0,-417601000.0,6114880000.0,,,,,,347878000.0,,-8392000.0,-1255380000.0,,,-4165025000.0,645613000.0,
2023-08-31,64111745000.0,43380138000.0,,1298657000.0,,55301856000.0,8809889000.0,,9139332000.0,2135802000.0,6871557000.0,10.9,10.77,630608186.0,638591616.0,9045032000.0,,10690713000.0,,3759598000.0,,2105138000.0,23381931000.0,,1530007000.0,15573003000.0,,2811598000.0,51245305000.0,2491173000.0,1588678000.0,4907152000.0,18009038000.0,653954000.0,,1313971000.0,465024000.0,,19316224000.0,-1743101000.0,25692839000.0,51245305000.0,1412073000.0,1913051000.0,-268953000.0,-87669000.0,,,526228000.0,-171217000.0,159819000.0,-586744000.0,9524268000.0,,,,,,528172000.0,,-12178000.0,-2622470000.0,,,-5645326000.0,1155199000.0,
2023-11-30,16224303000.0,10776362000.0,,,,13659416000.0,2564887000.0,,2616653000.0,606672000.0,1973444000.0,3.14,3.1,627996111.0,637398361.0,7140841000.0,,11467109000.0,,,,2668779000.0,23055576000.0,,1467896000.0,16236442000.0,,2882392000.0,51531354000.0,2574700000.0,1441090000.0,4459593000.0,17280238000.0,634981000.0,,1374062000.0,462530000.0,,20429413000.0,-1627215000.0,26676751000.0,51531354000.0,,423000000.0,,836231000.0,,,658647000.0,48728000.0,-510391000.0,-293092000.0,498551000.0,,,,,,68933000.0,,-1528000.0,-855430000.0,,,-1551913000.0,-1904191000.0,
2024-02-29,32023817000.0,21697407000.0,,,,27412503000.0,4611314000.0,,4712392000.0,993209000.0,3648303000.0,5.8,5.73,629016555.0,637069356.0,5121107000.0,,11374099000.0,,,,2122670000.0,20328821000.0,,1458836000.0,17947306000.0,,3657585000.0,51307471000.0,2228446000.0,1374109000.0,5363972000.0,16136014000.0,647020000.0,,1304336000.0,836889000.0,,21151637000.0,-1657140000.0,27122853000.0,51307471000.0,,1064871000.0,-34140000.0,647335000.0,,,627563000.0,-313941000.0,432849000.0,-27559000.0,2599594000.0,,,,,,178756000.0,,-3653000.0,-3063678000.0,,,-3417654000.0,-3923925000.0,
2024-05-31,48490645000.0,32665784000.0,,,,41248466000.0,7242179000.0,,7366762000.0,1666231000.0,5580486000.0,8.88,8.77,628437255.0,636611310.0,5537217000.0,,11336441000.0,,,,2333935000.0,21075418000.0,,1451599000.0,19842707000.0,,1175070000.0,54141319000.0,2251330000.0,1392559000.0,5299334000.0,18207753000.0,621251000.0,,1389233000.0,845654000.0,,22242224000.0,-1755244000.0,27744489000.0,54141319000.0,,1538802000.0,77743000.0,587215000.0,,,893908000.0,-348143000.0,312882000.0,-204165000.0,5741596000.0,,,,,,302873000.0,,-6504000.0,-5514644000.0,,,-3634558000.0,-3507815000.0,
2024-08-31,64896464000.0,43734147000.0,,1150430000.0,,55300617000.0,9595847000.0,,9699323000.0,2280126000.0,7264787000.0,11.57,11.44,627852613.0,635940044.0,5004469000.0,,11873442000.0,,3718651000.0,,2183069000.0,20857781000.0,,1521119000.0,21120179000.0,,1307297000.0,55932363000.0,2743807000.0,1615049000.0,5174923000.0,18976127000.0,641091000.0,,1514869000.0,939198000.0,,23082423000.0,-1554742000.0,28288646000.0,55932363000.0,1443225000.0,1941590000.0,-93988000.0,601935000.0,,,853202000.0,46512000.0,28401000.0,-277971000.0,9131027000.0,,,,,,516509000.0,,-8672000.0,-7061818000.0,,,-6063508000.0,-4040563000.0,
