Date,Net sales,Cost of sales,Gross margin,Research and development,"Selling, general and administrative",Total operating expenses,Operating income,"Other income/(expense), net",Income before provision for income taxes,Provision for income taxes,Net income,Earnings per share basic,Earnings per share diluted,Weighted-average basic,Weighted-average diluted,Cash and cash equivalents,Short-term marketable securities,"Accounts receivable, net",Inventories,Deferred tax assets,Vendor non-trade receivables,Other current assets,Total current assets,Long-term marketable securities,"Property, Plant and Equipment, Net",Goodwill,"Acquired intangible assets, net","Other Assets, Noncurrent",Total assets,accounts payable,Accrued expenses,Deferred revenue,Total current liabilities,Deferred revenue - non-current,deferred tax liabilities,long term taxes payable,Total other non-current liabilities,Total liabilities,Retained Earnings (Accumulated Deficit),Accumulated other comprehensive (loss)/income,Total shareholders equity,Total liabilities and shareholders' equity,"Depreciation, amortization and accretion",Stock-based compensation expense,Deferred income tax expense,"Increase (Decrease) in Accounts receivable, net",Increase (Decrease) in Inventories,Increase (Decrease) in Other Receivables,Increase (Decrease) in Other Operating Assets,Increase (Decrease) in Accounts Payable,Increase (Decrease) in Deferred Revenue,Increase (Decrease) Other liabilities,Cash generated by operating activities,Purchases of marketable securities,Proceeds from maturities of marketable securities,Proceeds from sales of marketable securities,Purchases of other long-term investments,"Business acquisitions, net of cash acquired",Cash payments for capital asset purchases,Payments for acquisition of intangible assets,Payments for (Proceeds from) Other Investing Activities,Cash used in investing activities,Proceeds from issuance of common stock,Excess tax benefits from stock-based compensation,Cash generated/used in financing activities,Increase/(decrease) in cash and cash equivalents,"Cash paid for income taxes, net"
2009-11-27,2945853000.0,296732000.0,2649121000.0,,,1958608000.0,690513000.0,11007000.0,701520000.0,315012000.0,386508000.0,0.74,0.73,524470000.0,530610000.0,999487000.0,,410879000.0,,77417000.0,,,2473624000.0,,388132000.0,3494589000.0,,191265000.0,7282237000.0,58904000.0,419646000.0,281576000.0,844553000.0,36717000.0,252486000.0,,27464000.0,2391669000.0,5299914000.0,24446000.0,4890568000.0,7282237000.0,,167581000.0,,172287000.0,,,,-13601000.0,-45142000.0,,1117772000.0,,,,,1582669000.0,119592000.0,,-2771000.0,-1497096000.0,,11980000.0,477658000.0,113037000.0,105158000.0
2010-03-05,858700000.0,89368000.0,769332000.0,,,592499000.0,176833000.0,-10618000.0,166215000.0,39061000.0,127154000.0,0.24,0.24,524173000.0,532645000.0,1589442000.0,,350577000.0,,67265000.0,,,3177219000.0,,386205000.0,3494073000.0,,192728000.0,7945069000.0,44188000.0,364437000.0,320535000.0,900774000.0,39208000.0,79670000.0,,30074000.0,2773649000.0,5427068000.0,29109000.0,5171420000.0,7945069000.0,,64480000.0,,59601000.0,,,,-14716000.0,42586000.0,,259803000.0,,,,,,25547000.0,,-2341000.0,-208719000.0,,7058000.0,540159000.0,589955000.0,54664000.0
2010-06-04,1801735000.0,197201000.0,1604534000.0,,,1200416000.0,404118000.0,-43730000.0,360388000.0,84623000.0,275765000.0,0.53,0.52,526148000.0,533305000.0,1137606000.0,,439151000.0,,70955000.0,,,3276071000.0,,407621000.0,3488252000.0,,180376000.0,8006931000.0,50273000.0,468587000.0,362566000.0,969908000.0,41777000.0,66142000.0,,30816000.0,2828176000.0,5570097000.0,39995000.0,5178755000.0,8006931000.0,,124577000.0,,-27999000.0,,,,-8631000.0,87186000.0,,510893000.0,,,,,,75175000.0,,-2177000.0,-689622000.0,,8485000.0,325302000.0,138119000.0,198512000.0
2010-09-03,2792054000.0,296285000.0,2495769000.0,,,1789638000.0,706131000.0,-48991000.0,657140000.0,151310000.0,505830000.0,0.97,0.95,523039000.0,530356000.0,814149000.0,,484550000.0,,76765000.0,,,3236415000.0,,422920000.0,3489938000.0,,177426000.0,7947029000.0,56465000.0,468477000.0,375927000.0,967202000.0,44988000.0,73108000.0,,31554000.0,2862171000.0,5738864000.0,21571000.0,5084858000.0,7947029000.0,,174245000.0,,74722000.0,,,,-2439000.0,103758000.0,,802364000.0,,,,,,114215000.0,,-2198000.0,-956290000.0,,10172000.0,-28990000.0,-185338000.0,286271000.0
2010-12-03,3800000000.0,403502000.0,3396498000.0,,,2403424000.0,993074000.0,-49923000.0,943151000.0,168471000.0,774680000.0,1.49,1.47,519045000.0,525824000.0,749891000.0,,554328000.0,,-19851000.0,,,3216050000.0,,448881000.0,3641844000.0,,169871000.0,8141148000.0,52432000.0,564275000.0,380748000.0,1068088000.0,48929000.0,103098000.0,,42017000.0,2948761000.0,5980914000.0,17428000.0,5192387000.0,8141148000.0,,231086000.0,-179490000.0,134276000.0,,,,-10092000.0,109348000.0,,1112995000.0,,,,,193281000.0,169642000.0,,-2151000.0,-1159294000.0,,16430000.0,-215262000.0,-249596000.0,389114000.0
2011-03-04,1027706000.0,107639000.0,920067000.0,,,617733000.0,302334000.0,-16247000.0,286087000.0,51496000.0,234591000.0,0.47,0.46,504134000.0,511345000.0,900156000.0,,533353000.0,,66928000.0,,,3350798000.0,,453497000.0,3686073000.0,,164801000.0,8310024000.0,54742000.0,458463000.0,399572000.0,985532000.0,43826000.0,120756000.0,,44922000.0,2884617000.0,6045631000.0,28695000.0,5425407000.0,8310024000.0,,70992000.0,,-20605000.0,,,,2310000.0,13721000.0,,332102000.0,,,,,36572000.0,32421000.0,,124000.0,-95125000.0,,,-86518000.0,150265000.0,16413000.0
2012-03-02,1045220000.0,108265000.0,936955000.0,,,647976000.0,288979000.0,-18602000.0,270377000.0,85168000.0,185209000.0,0.37,0.37,494016000.0,500378000.0,801263000.0,,512211000.0,,77514000.0,,,3505655000.0,,549780000.0,4138077000.0,,94132000.0,9132708000.0,70100000.0,476140000.0,492545000.0,1115022000.0,56419000.0,254193000.0,150137000.0,54939000.0,3146406000.0,6497070000.0,46748000.0,5986302000.0,9132708000.0,69861000.0,71582000.0,,-152721000.0,,,,-42542000.0,16739000.0,,314363000.0,,,,,353184000.0,51088000.0,,0.0,-437707000.0,,2670000.0,-68525000.0,-188237000.0,51397000.0
2012-06-01,2169669000.0,239183000.0,1930486000.0,,,1336364000.0,594122000.0,-29171000.0,564951000.0,155866000.0,409085000.0,0.83,0.81,495950000.0,502154000.0,951238000.0,,529391000.0,,79360000.0,,,3770807000.0,,573566000.0,4122813000.0,,91075000.0,9365832000.0,69416000.0,555024000.0,535115000.0,1245644000.0,57663000.0,250756000.0,151671000.0,47636000.0,3266186000.0,6671230000.0,20615000.0,6099646000.0,9365832000.0,147035000.0,142980000.0,,-134658000.0,,,,-43203000.0,60553000.0,,762581000.0,,,,,353245000.0,111855000.0,,0.0,-585967000.0,,5354000.0,-217260000.0,-38262000.0,96105000.0
2012-08-31,3250249000.0,358804000.0,2891445000.0,,,2019019000.0,872426000.0,-44263000.0,828163000.0,217721000.0,610442000.0,1.23,1.22,494672000.0,502167000.0,1162380000.0,,566671000.0,,57024000.0,,,4010173000.0,,619392000.0,4126548000.0,,89713000.0,9630013000.0,58446000.0,547812000.0,505646000.0,1169710000.0,54687000.0,253626000.0,151946000.0,48764000.0,3191320000.0,6815375000.0,22511000.0,6438693000.0,9630013000.0,221145000.0,222649000.0,,-95735000.0,,,,-54187000.0,28108000.0,,1025921000.0,,,,,353195000.0,189287000.0,,,-705187000.0,,6526000.0,-154304000.0,172880000.0,163722000.0
2012-11-30,4403677000.0,483782000.0,3919895000.0,,,2739704000.0,1180191000.0,-61397000.0,1118794000.0,286019000.0,832775000.0,1.68,1.66,494731000.0,502721000.0,1425052000.0,,617233000.0,,-205569000.0,,,4331360000.0,,664302000.0,4133259000.0,,93327000.0,9974523000.0,49759000.0,590140000.0,561463000.0,1271752000.0,58102000.0,265106000.0,155096000.0,50084000.0,3309341000.0,7003003000.0,30712000.0,6665182000.0,9974523000.0,299766000.0,298502000.0,66434000.0,-45166000.0,,,,-62874000.0,87340000.0,,1499580000.0,,,,,353195000.0,271076000.0,,,-834662000.0,,10003000.0,-234723000.0,435552000.0,201125000.0
2013-03-01,1007873000.0,156684000.0,851189000.0,,,752965000.0,98224000.0,-14740000.0,83484000.0,18367000.0,65117000.0,0.13,0.13,498607000.0,507840000.0,1306382000.0,,485801000.0,,64930000.0,,,4373083000.0,,686014000.0,4221487000.0,,97320000.0,10165711000.0,72725000.0,505465000.0,645834000.0,1264323000.0,54197000.0,292770000.0,159859000.0,70168000.0,3360373000.0,6808489000.0,40110000.0,6805338000.0,10165711000.0,76752000.0,84196000.0,,-131511000.0,,,,22477000.0,79514000.0,,322031000.0,,,,,96356000.0,60190000.0,,,-446114000.0,,0.0,11405000.0,-118670000.0,49863000.0
2013-05-31,2018422000.0,291965000.0,1726457000.0,,,1516924000.0,209533000.0,-34922000.0,174611000.0,32948000.0,141663000.0,0.28,0.28,503384000.0,512446000.0,1246410000.0,,470052000.0,,54525000.0,,,4557657000.0,,645865000.0,4225169000.0,,93174000.0,10280369000.0,53685000.0,538402000.0,638885000.0,1264855000.0,52376000.0,286104000.0,161937000.0,73445000.0,3353067000.0,6855463000.0,27461000.0,6927302000.0,10280369000.0,157702000.0,163066000.0,,-147839000.0,,,,3437000.0,70744000.0,,621179000.0,,,,,96356000.0,106439000.0,,,-780553000.0,,0.0,-11237000.0,-178642000.0,68507000.0
2013-08-30,3013541000.0,439041000.0,2574500000.0,,,2254613000.0,319887000.0,-52016000.0,267871000.0,43206000.0,224665000.0,0.45,0.44,504116000.0,514058000.0,819085000.0,,522409000.0,,47710000.0,,,3886124000.0,,659747000.0,4752315000.0,,90774000.0,10234156000.0,71070000.0,547997000.0,683143000.0,1329117000.0,50932000.0,328310000.0,120525000.0,60902000.0,3399397000.0,6878216000.0,12966000.0,6834759000.0,10234156000.0,239877000.0,244090000.0,,-112015000.0,,,,16106000.0,106629000.0,,836704000.0,,,,,704375000.0,153237000.0,,,-1177788000.0,,0.0,-258608000.0,-605967000.0,110697000.0
2013-11-29,4055240000.0,586557000.0,3468683000.0,,,3045960000.0,422723000.0,-66582000.0,356141000.0,66156000.0,289985000.0,0.58,0.56,501372000.0,513476000.0,834556000.0,,599820000.0,,204267000.0,,,4045929000.0,,659774000.0,4771981000.0,,90121000.0,10380298000.0,62096000.0,656939000.0,775544000.0,1525648000.0,53268000.0,375634000.0,132545000.0,61555000.0,3655664000.0,6928964000.0,46103000.0,6724634000.0,10380298000.0,321227000.0,328987000.0,10596000.0,-33649000.0,,,,7132000.0,201366000.0,,1151686000.0,,,,,704589000.0,188358000.0,,,-1177803000.0,,40619000.0,-559138000.0,-590496000.0,129701000.0
2014-02-28,1000120000.0,148509000.0,851611000.0,,,772865000.0,78746000.0,-13854000.0,64892000.0,17846000.0,47046000.0,0.09,0.09,496948000.0,508340000.0,733916000.0,,510507000.0,,91149000.0,,,3942391000.0,,651083000.0,4782448000.0,,92550000.0,10245882000.0,64508000.0,584273000.0,831077000.0,2112347000.0,50010000.0,362859000.0,135202000.0,71171000.0,3634999000.0,6734701000.0,56592000.0,6610883000.0,10245882000.0,77636000.0,82788000.0,,-90492000.0,,,,2412000.0,52275000.0,,251673000.0,,,,,0.0,29393000.0,,,-94422000.0,,,-258209000.0,-100640000.0,16401000.0
2014-05-30,2068328000.0,303413000.0,1764915000.0,,,1550911000.0,214004000.0,-27841000.0,186163000.0,50590000.0,135573000.0,0.27,0.27,497931000.0,508227000.0,817020000.0,,531557000.0,,72489000.0,,,4114343000.0,,642450000.0,4773798000.0,,102052000.0,10372199000.0,54858000.0,656940000.0,879109000.0,2217972000.0,49495000.0,351612000.0,139870000.0,73712000.0,3735311000.0,6806104000.0,46642000.0,6636888000.0,10372199000.0,155289000.0,165798000.0,,-69337000.0,,,,-7238000.0,99792000.0,,619209000.0,,,,,0.0,56591000.0,,,-242354000.0,,4875000.0,-394136000.0,-17536000.0,27532000.0
2014-08-29,3073737000.0,461137000.0,2612600000.0,,,2324420000.0,288180000.0,-39079000.0,249101000.0,68842000.0,180259000.0,0.36,0.35,498468000.0,508575000.0,903329000.0,,528331000.0,,79713000.0,,,4279468000.0,,785856000.0,4746781000.0,,110297000.0,10493680000.0,53791000.0,630679000.0,947563000.0,2245248000.0,48975000.0,344715000.0,141473000.0,74403000.0,3762420000.0,6850790000.0,20067000.0,6731260000.0,10493680000.0,235443000.0,248811000.0,,-71973000.0,,,,-8305000.0,167726000.0,,887729000.0,,,,,0.0,111557000.0,,,-412748000.0,,31953000.0,-403930000.0,68773000.0,7114000.0
2014-11-28,4147065000.0,622080000.0,3524985000.0,,,3112300000.0,412685000.0,-51309000.0,361376000.0,92981000.0,268395000.0,0.54,0.53,497867000.0,508480000.0,1117400000.0,,591800000.0,,186496000.0,,,4602328000.0,,785123000.0,4721962000.0,,126315000.0,10785829000.0,68377000.0,683866000.0,1097923000.0,2494435000.0,57401000.0,342315000.0,125746000.0,73747000.0,4009924000.0,6924294000.0,-8094000.0,6775905000.0,10785829000.0,313590000.0,333701000.0,-43461000.0,-7928000.0,,,,6211000.0,326438000.0,,1287482000.0,,,,,29802000.0,148332000.0,,,-490707000.0,,53235000.0,-507283000.0,282844000.0,20140000.0
2015-02-27,1109181000.0,166798000.0,942383000.0,,,769358000.0,173025000.0,-9777000.0,163248000.0,78360000.0,84888000.0,0.17,0.17,498754000.0,507526000.0,712884000.0,,532427000.0,,60470000.0,,,3972159000.0,,784314000.0,5396174000.0,,146019000.0,11008422000.0,71670000.0,564211000.0,1129701000.0,1788160000.0,53568000.0,348644000.0,245063000.0,77918000.0,4419402000.0,6756803000.0,-103810000.0,6589020000.0,11008422000.0,79635000.0,84208000.0,,-62058000.0,,,,1368000.0,19044000.0,,183015000.0,,,,,800342000.0,35546000.0,,,-698371000.0,,33599000.0,119275000.0,-404516000.0,5994000.0
2015-05-29,2271339000.0,351971000.0,1919368000.0,,,1552726000.0,366642000.0,-22420000.0,344222000.0,111841000.0,232381000.0,0.47,0.46,499290000.0,507061000.0,956147000.0,,502617000.0,,71218000.0,,,4178397000.0,,785199000.0,5388971000.0,,149179000.0,11165383000.0,56539000.0,647784000.0,1175542000.0,1937033000.0,52613000.0,326922000.0,244799000.0,85190000.0,4555280000.0,6879444000.0,-129473000.0,6610103000.0,11165383000.0,165564000.0,168860000.0,,-91267000.0,,,,-13763000.0,63816000.0,,654499000.0,,,,,805979000.0,71276000.0,,,-737280000.0,,44739000.0,-66827000.0,-161253000.0,20208000.0
2015-08-28,3489107000.0,542956000.0,2946151000.0,,,2333490000.0,612661000.0,-35820000.0,576841000.0,169995000.0,406846000.0,0.82,0.8,498891000.0,507124000.0,829292000.0,,593554000.0,,82438000.0,,,4525888000.0,,797464000.0,5402159000.0,,145635000.0,11508395000.0,69823000.0,658342000.0,1259712000.0,2060814000.0,46317000.0,316142000.0,250569000.0,83985000.0,4667063000.0,7049629000.0,-140831000.0,6841332000.0,11508395000.0,253114000.0,254836000.0,,104000.0,,,,-614000.0,141536000.0,,1014987000.0,,,,,826004000.0,120260000.0,,,-1202371000.0,,58345000.0,-85537000.0,-288108000.0,61546000.0
2015-11-27,4795511000.0,744317000.0,4051194000.0,,,3148099000.0,903095000.0,-29314000.0,873781000.0,244230000.0,629551000.0,1.26,1.24,498764000.0,507164000.0,876560000.0,,672006000.0,,262508000.0,,,4821892000.0,,787421000.0,5366881000.0,,159832000.0,11726472000.0,93307000.0,678364000.0,1434200000.0,2213556000.0,51094000.0,208209000.0,256129000.0,85459000.0,4724892000.0,7253431000.0,-169080000.0,7001580000.0,11726472000.0,339473000.0,335859000.0,-65890000.0,79502000.0,,,,22870000.0,320801000.0,,1469502000.0,,,,,826004000.0,184936000.0,,,-1488358000.0,,68153000.0,-200687000.0,-240840000.0,203010000.0
2016-03-04,1383335000.0,198572000.0,1184763000.0,,,877005000.0,307758000.0,-15451000.0,292307000.0,38000000.0,254307000.0,0.51,0.5,499125000.0,505676000.0,830696000.0,,599207000.0,,,,,4935390000.0,,794876000.0,5389000000.0,,178291000.0,11896682000.0,71706000.0,591821000.0,1563821000.0,2231806000.0,44839000.0,265748000.0,261305000.0,94951000.0,4815480000.0,7221083000.0,-151679000.0,7081202000.0,11896682000.0,81200000.0,92310000.0,,-74274000.0,,,,-21601000.0,123366000.0,,497527000.0,,,,,0.0,46200000.0,,,-258842000.0,,14859000.0,-284392000.0,-45864000.0,15973000.0
2016-06-03,2782044000.0,400651000.0,2381393000.0,,,1729396000.0,651997000.0,-29860000.0,622137000.0,123756000.0,498381000.0,1.0,0.99,499974000.0,505666000.0,886379000.0,,666736000.0,,,,,5238564000.0,,796077000.0,5444556000.0,,162954000.0,12216783000.0,75582000.0,661013000.0,1633221000.0,2385590000.0,48411000.0,245611000.0,273221000.0,96950000.0,4968172000.0,7444115000.0,-133047000.0,7248611000.0,12216783000.0,165661000.0,177879000.0,,-8622000.0,,,,-18723000.0,191722000.0,,986242000.0,,,,,48427000.0,99959000.0,,,-510347000.0,,65289000.0,-465280000.0,9819000.0,33943000.0
2016-09-02,4246011000.0,603352000.0,3642659000.0,,,2621337000.0,1021322000.0,-42884000.0,978438000.0,209269000.0,769169000.0,1.54,1.52,499224000.0,505135000.0,767672000.0,,731166000.0,,,,,5418710000.0,,811524000.0,5433180000.0,,169358000.0,12367441000.0,83444000.0,666278000.0,1745282000.0,2505666000.0,52703000.0,238459000.0,276131000.0,99945000.0,5089495000.0,7714904000.0,-134111000.0,7277946000.0,12367441000.0,249675000.0,262382000.0,,57033000.0,,,,-10861000.0,308075000.0,,1504127000.0,,,,,48427000.0,155172000.0,,,-816935000.0,,69269000.0,-790237000.0,-108888000.0,108508000.0
2016-12-02,5854430000.0,819908000.0,5034522000.0,,,3540920000.0,1493602000.0,-58464000.0,1435138000.0,266356000.0,1168782000.0,2.35,2.32,498345000.0,504299000.0,1011315000.0,,833033000.0,,274501000.0,,,5839774000.0,,816264000.0,5406474000.0,,149758000.0,12707114000.0,88024000.0,739630000.0,1945619000.0,2811635000.0,69131000.0,217660000.0,184381000.0,97404000.0,5282279000.0,8114517000.0,-173602000.0,7424835000.0,12707114000.0,331535000.0,349912000.0,21886000.0,160416000.0,,,,-6281000.0,524840000.0,,2199728000.0,,,,,48427000.0,203805000.0,,,-960033000.0,,75105000.0,-1090706000.0,134755000.0,249884000.0
2017-03-03,1681646000.0,237337000.0,1444309000.0,,,975310000.0,468999000.0,-8367000.0,460632000.0,62186000.0,398446000.0,0.81,0.8,494612000.0,500861000.0,1068896000.0,,850840000.0,,,,,5755562000.0,,821730000.0,5753575000.0,,144275000.0,13044783000.0,191484000.0,763012000.0,1988008000.0,2954069000.0,72238000.0,286407000.0,148796000.0,110509000.0,5456093000.0,8299362000.0,-185409000.0,7588690000.0,13044783000.0,80809000.0,98310000.0,,-184250000.0,,,,32816000.0,40832000.0,,730370000.0,,,,,459626000.0,30903000.0,,,-338882000.0,,0.0,-331495000.0,57581000.0,27254000.0
2017-06-02,3453836000.0,476697000.0,2977139000.0,,,2004058000.0,973081000.0,-19831000.0,953250000.0,180414000.0,772836000.0,1.56,1.54,494492000.0,501032000.0,1316950000.0,,901452000.0,,,,,6052197000.0,,924108000.0,5788703000.0,,146058000.0,13364900000.0,77905000.0,865385000.0,2005953000.0,3047896000.0,69039000.0,279649000.0,163624000.0,112296000.0,5560902000.0,8652752000.0,-146752000.0,7803998000.0,13364900000.0,162444000.0,214359000.0,,-132275000.0,,,,-80819000.0,55578000.0,,1375197000.0,,,,,459626000.0,86200000.0,,,-426429000.0,,0.0,-645927000.0,305635000.0,48670000.0
2017-09-01,5294910000.0,739619000.0,4555291000.0,,,3036536000.0,1518755000.0,-24126000.0,1494629000.0,302224000.0,1192405000.0,2.41,2.38,494138000.0,501060000.0,1774550000.0,,1006187000.0,,,,,6581057000.0,,939809000.0,5820656000.0,,144626000.0,13906815000.0,90327000.0,932292000.0,2136771000.0,3216144000.0,68093000.0,276271000.0,173023000.0,113632000.0,5736381000.0,9072321000.0,-98630000.0,8170434000.0,13906815000.0,244763000.0,331401000.0,,-26461000.0,,,,-68397000.0,185450000.0,,2079633000.0,,,,,459626000.0,140438000.0,,,-463243000.0,,0.0,-864226000.0,763235000.0,211343000.0
2017-12-01,7301505000.0,1010491000.0,6291014000.0,,,4122919000.0,2168095000.0,-30454000.0,2137641000.0,443687000.0,1693954000.0,3.43,3.38,493632000.0,501123000.0,2306072000.0,,1217968000.0,,304149000.0,,,7247813000.0,,936976000.0,5821561000.0,,143548000.0,14535556000.0,113538000.0,993773000.0,2405950000.0,3527457000.0,88592000.0,279941000.0,173088000.0,125188000.0,6075687000.0,9573870000.0,-111821000.0,8459869000.0,14535556000.0,325997000.0,451451000.0,50345000.0,187173000.0,,,,-45186000.0,475402000.0,,2912853000.0,,,,,459626000.0,178122000.0,,,-442877000.0,,0.0,-1183735000.0,1294757000.0,396668000.0
2018-03-02,2078947000.0,258902000.0,1820045000.0,,,1117312000.0,702733000.0,-231000.0,702502000.0,119426000.0,583076000.0,1.18,1.17,492061000.0,499433000.0,2666981000.0,,1062690000.0,,,,,7480814000.0,,991674000.0,5843899000.0,,153648000.0,14973485000.0,131090000.0,911044000.0,2483744000.0,3536469000.0,88460000.0,0.0,690468000.0,149266000.0,6339457000.0,9830399000.0,-109939000.0,8634028000.0,14973485000.0,76522000.0,130488000.0,,-154398000.0,,,,17552000.0,77662000.0,,989601000.0,,,,,0.0,95142000.0,,,-93762000.0,,,-541273000.0,360909000.0,31107000.0
2018-06-01,4274307000.0,540246000.0,3734061000.0,,,2332844000.0,1401217000.0,-7916000.0,1393301000.0,147058000.0,1246243000.0,2.53,2.5,491993000.0,499166000.0,2987986000.0,,1074877000.0,,,,,7741444000.0,,993486000.0,5823792000.0,,166234000.0,15163404000.0,117194000.0,1030367000.0,2543462000.0,3728956000.0,90805000.0,0.0,611509000.0,152494000.0,6457821000.0,10471066000.0,-129230000.0,8705583000.0,15163404000.0,152882000.0,274810000.0,,-140681000.0,,,,3656000.0,139725000.0,,1966007000.0,,,,,14614000.0,140458000.0,,,-26083000.0,,,-1258638000.0,681914000.0,73508000.0
2018-08-31,6565383000.0,835738000.0,5729645000.0,,,3609822000.0,2119823000.0,-25164000.0,2094659000.0,182125000.0,1912534000.0,3.89,3.84,491336000.0,498587000.0,1747144000.0,,1044507000.0,,,,,6300913000.0,,1019260000.0,7136853000.0,,183821000.0,15395620000.0,145566000.0,1020047000.0,2615192000.0,3792027000.0,92182000.0,0.0,622411000.0,152421000.0,6533695000.0,11137357000.0,-128048000.0,8861925000.0,15395620000.0,239772000.0,439941000.0,,-199002000.0,,,,25362000.0,173250000.0,,2921311000.0,,,,,1633041000.0,204016000.0,,,-1546417000.0,,,-1930299000.0,-558928000.0,141674000.0
2018-11-30,9030008000.0,1194999000.0,7835009000.0,,,4994640000.0,2840369000.0,-46493000.0,2793876000.0,203102000.0,2590774000.0,5.28,5.2,490564000.0,497843000.0,1642775000.0,,1315578000.0,,512487000.0,,,4857039000.0,,1075072000.0,10581048000.0,,186522000.0,18768682000.0,186258000.0,1163185000.0,2915974000.0,4301126000.0,137630000.0,,644101000.0,152209000.0,9406568000.0,11815597000.0,-148130000.0,9362114000.0,18768682000.0,346492000.0,609562000.0,-467090000.0,1983000.0,,,,54920000.0,444693000.0,,4029304000.0,,,,,6314382000.0,266579000.0,,,-4685295000.0,,0.0,-5568000.0,-663297000.0,210369000.0
2019-03-01,2600946000.0,397286000.0,2203660000.0,,,1508830000.0,694830000.0,7504000.0,702334000.0,28093000.0,674241000.0,1.38,1.36,488056000.0,494188000.0,1738846000.0,,1342343000.0,,,,,5133715000.0,,1104065000.0,10710000000.0,,542938000.0,19505536000.0,145292000.0,1167429000.0,3083839000.0,5313736000.0,134353000.0,125660000.0,655036000.0,168433000.0,9634051000.0,12579311000.0,-150432000.0,9871485000.0,19505536000.0,144898000.0,184688000.0,,-64544000.0,,,,-41078000.0,166230000.0,,1013448000.0,,,,,99817000.0,65268000.0,,,-131918000.0,,,-783912000.0,96071000.0,51887000.0
2019-05-31,5345226000.0,804774000.0,4540452000.0,,,3096075000.0,1444377000.0,-38775000.0,1413106000.0,106272000.0,1306834000.0,2.68,2.65,487795000.0,493200000.0,2082910000.0,,1272668000.0,,,,,5342645000.0,,1205020000.0,10700000000.0,,503221000.0,19665909000.0,169101000.0,1314998000.0,3011552000.0,7687097000.0,122522000.0,133886000.0,637733000.0,165040000.0,9734216000.0,13183938000.0,-144364000.0,9931693000.0,19665909000.0,290508000.0,388987000.0,,-85683000.0,,,,-17269000.0,130320000.0,,2122776000.0,,,,,99817000.0,210760000.0,,,-121845000.0,,,-1556013000.0,440135000.0,107938000.0
2019-08-30,8179352000.0,1220737000.0,6958615000.0,,,4660426000.0,2298189000.0,-50595000.0,2247594000.0,147997000.0,2099597000.0,4.31,4.26,487145000.0,492480000.0,2209047000.0,,1371697000.0,,,,,5750096000.0,,1244011000.0,10690000000.0,,557080000.0,20054880000.0,186999000.0,1302753000.0,3120186000.0,7802966000.0,135750000.0,129401000.0,585774000.0,169787000.0,9812107000.0,13976701000.0,-193949000.0,10242773000.0,20054880000.0,441057000.0,584500000.0,,14050000.0,,,,629000.0,252182000.0,,3045414000.0,,,,,99817000.0,300384000.0,,,-287175000.0,,,-2180384000.0,566272000.0,231813000.0
2019-11-29,11171297000.0,1672720000.0,9498577000.0,,,6230456000.0,3268121000.0,-63380000.0,3204741000.0,253283000.0,2951458000.0,6.07,6.0,486291000.0,491572000.0,2650221000.0,,1534809000.0,,447268000.0,,,6494925000.0,,1293015000.0,10691199000.0,,562696000.0,20762400000.0,209499000.0,1398548000.0,3377986000.0,8190938000.0,122727000.0,,616102000.0,173056000.0,10232245000.0,14828562000.0,-188034000.0,10530155000.0,20762400000.0,736669000.0,787705000.0,4653000.0,187826000.0,,,,23129000.0,496959000.0,,4421813000.0,,,,,100704000.0,394479000.0,,,-455584000.0,,,-2946044000.0,1007446000.0,352478000.0
2020-02-28,3091000000.0,452000000.0,2639000000.0,,,1702000000.0,937000000.0,-18000000.0,919000000.0,-36000000.0,955000000.0,1.98,1.96,482400000.0,488000000.0,2688000000.0,,1390000000.0,,,,,6455000000.0,,1340000000.0,10691000000.0,,598000000.0,21214000000.0,265000000.0,1241000000.0,3489000000.0,5228000000.0,125000000.0,48000000.0,530000000.0,191000000.0,10749000000.0,15390000000.0,-189000000.0,10465000000.0,21214000000.0,188000000.0,217000000.0,,-145000000.0,,,,55000000.0,114000000.0,,1325000000.0,,,,,0.0,94000000.0,,,-48000000.0,,,-1233000000.0,38000000.0,45000000.0
2020-05-29,6219000000.0,867000000.0,5352000000.0,,,3399000000.0,1953000000.0,-34000000.0,1919000000.0,-136000000.0,2055000000.0,4.26,4.23,482000000.0,486300000.0,3044000000.0,,1370000000.0,,,,,6649000000.0,,1387000000.0,10700000000.0,,617000000.0,21603000000.0,289000000.0,1303000000.0,3321000000.0,5164000000.0,140000000.0,,503000000.0,196000000.0,10722000000.0,16428000000.0,-195000000.0,10881000000.0,21603000000.0,376000000.0,444000000.0,,-155000000.0,,,,80000000.0,-40000000.0,,2509000000.0,,,,,0.0,190000000.0,,,32000000.0,,,-2134000000.0,394000000.0,116000000.0
2020-08-28,9444000000.0,1294000000.0,8150000000.0,,,5128000000.0,3022000000.0,-43000000.0,2979000000.0,105000000.0,3010000000.0,6.25,6.2,481300000.0,486000000.0,3767000000.0,,1320000000.0,,,,,7387000000.0,,1467000000.0,10740000000.0,,650000000.0,22414000000.0,229000000.0,1317000000.0,3317000000.0,5130000000.0,131000000.0,,507000000.0,221000000.0,10701000000.0,17383000000.0,-153000000.0,11713000000.0,22414000000.0,567000000.0,676000000.0,,-187000000.0,,,,19000000.0,-52000000.0,,3945000000.0,,,,,0.0,316000000.0,,,-283000000.0,,,-2548000000.0,1117000000.0,200000000.0
2020-11-27,12868000000.0,1722000000.0,11146000000.0,,,6909000000.0,4237000000.0,-61000000.0,4176000000.0,-1084000000.0,5260000000.0,10.94,10.83,481000000.0,485500000.0,4478000000.0,,1400000000.0,,2031000000.0,,,8146000000.0,,1517000000.0,10742000000.0,,663000000.0,24284000000.0,306000000.0,1422000000.0,3629000000.0,5512000000.0,,,529000000.0,223000000.0,11020000000.0,19611000000.0,-158000000.0,13264000000.0,24284000000.0,757000000.0,909000000.0,-1504000000.0,-106000000.0,,,,96000000.0,258000000.0,,5727000000.0,,,,,0.0,419000000.0,,,-414000000.0,,,-3488000000.0,1828000000.0,469000000.0
2021-03-05,3905000000.0,447000000.0,3458000000.0,,,2004000000.0,1454000000.0,-21000000.0,1433000000.0,172000000.0,1261000000.0,2.63,2.61,479000000.0,483000000.0,3452000000.0,,1520000000.0,,,,,7384000000.0,,1530000000.0,11850000000.0,,758000000.0,24985000000.0,254000000.0,1243000000.0,4134000000.0,5806000000.0,,,540000000.0,248000000.0,11439000000.0,20521000000.0,-141000000.0,13546000000.0,24985000000.0,196000000.0,260000000.0,,82000000.0,,,,-59000000.0,471000000.0,,1772000000.0,,,,,1470000000.0,59000000.0,,,-1558000000.0,,,-1244000000.0,-1026000000.0,91000000.0
2021-06-04,7740000000.0,891000000.0,6849000000.0,,,3989000000.0,2860000000.0,-41000000.0,2819000000.0,442000000.0,2377000000.0,4.97,4.93,478300000.0,482000000.0,4250000000.0,,1480000000.0,,,,,8078000000.0,,1573000000.0,11860000000.0,,805000000.0,25582000000.0,312000000.0,1538000000.0,4144000000.0,6145000000.0,,,510000000.0,259000000.0,11730000000.0,21538000000.0,-121000000.0,13852000000.0,25582000000.0,390000000.0,520000000.0,,39000000.0,,,,-1000000.0,469000000.0,,3760000000.0,,,,,1470000000.0,154000000.0,,,-1665000000.0,,,-2324000000.0,-228000000.0,277000000.0
2021-09-03,11675000000.0,1358000000.0,10317000000.0,,,6016000000.0,4301000000.0,-64000000.0,4237000000.0,648000000.0,3589000000.0,7.51,7.45,478000000.0,481500000.0,4623000000.0,,1550000000.0,,,,,8619000000.0,,1629000000.0,11840000000.0,,859000000.0,26144000000.0,331000000.0,1450000000.0,4243000000.0,6191000000.0,,,533000000.0,269000000.0,11730000000.0,22750000000.0,-131000000.0,14414000000.0,26144000000.0,583000000.0,800000000.0,,105000000.0,,,,18000000.0,571000000.0,,5164000000.0,,,,,1470000000.0,249000000.0,,,-1798000000.0,,,-3223000000.0,145000000.0,589000000.0
2021-12-03,15785000000.0,1865000000.0,13920000000.0,,,8118000000.0,5802000000.0,-97000000.0,5705000000.0,883000000.0,4822000000.0,10.1,10.02,477300000.0,481000000.0,3844000000.0,,1880000000.0,,1822000000.0,,,8669000000.0,,1673000000.0,12668000000.0,,883000000.0,27241000000.0,312000000.0,1736000000.0,4733000000.0,6932000000.0,,,534000000.0,252000000.0,12444000000.0,23905000000.0,-137000000.0,14797000000.0,27241000000.0,788000000.0,1069000000.0,192000000.0,430000000.0,,,,-20000000.0,1053000000.0,,7230000000.0,,,,,2682000000.0,348000000.0,,,-3537000000.0,,,-4301000000.0,-634000000.0,843000000.0
2022-03-04,4262000000.0,512000000.0,3750000000.0,,,2170000000.0,1580000000.0,-37000000.0,1543000000.0,277000000.0,1266000000.0,2.68,2.66,473000000.0,475400000.0,2739000000.0,,1690000000.0,,,,,7476000000.0,,1703000000.0,12800000000.0,,874000000.0,25976000000.0,295000000.0,1333000000.0,4894000000.0,7197000000.0,,,540000000.0,262000000.0,12201000000.0,24961000000.0,-177000000.0,13775000000.0,25976000000.0,213000000.0,322000000.0,,-191000000.0,,,,6000000.0,141000000.0,,1769000000.0,,,,,106000000.0,100000000.0,,,-260000000.0,,,-2604000000.0,-1105000000.0,59000000.0
2022-06-03,8648000000.0,1051000000.0,7597000000.0,,,4488000000.0,3109000000.0,-74000000.0,3035000000.0,591000000.0,2444000000.0,5.17,5.15,472300000.0,474300000.0,3365000000.0,,1590000000.0,,,,,7908000000.0,,1790000000.0,12801000000.0,,865000000.0,26326000000.0,366000000.0,1615000000.0,4753000000.0,7385000000.0,,,503000000.0,257000000.0,12341000000.0,26022000000.0,-195000000.0,13985000000.0,26326000000.0,425000000.0,674000000.0,,-287000000.0,,,,60000000.0,-2000000.0,,3809000000.0,,,,,126000000.0,226000000.0,,,-398000000.0,,,-3854000000.0,-479000000.0,260000000.0
2022-09-02,13081000000.0,1597000000.0,11484000000.0,,,6891000000.0,4593000000.0,-102000000.0,4491000000.0,911000000.0,3580000000.0,7.6,7.57,471100000.0,473000000.0,3870000000.0,,1723000000.0,,,,,8489000000.0,,1858000000.0,12760000000.0,,880000000.0,26744000000.0,316000000.0,1629000000.0,4829000000.0,7438000000.0,,,510000000.0,253000000.0,12371000000.0,27158000000.0,-224000000.0,14373000000.0,26744000000.0,641000000.0,1052000000.0,,-146000000.0,,,,11000000.0,65000000.0,,5513000000.0,,,,,126000000.0,351000000.0,,,-501000000.0,,,-4914000000.0,26000000.0,486000000.0
2022-12-02,17606000000.0,2165000000.0,15441000000.0,,,9343000000.0,6098000000.0,-90000000.0,6008000000.0,1252000000.0,4756000000.0,10.13,10.1,470000000.0,471000000.0,4236000000.0,,2070000000.0,,1377000000.0,,,8996000000.0,,1908000000.0,12787000000.0,,841000000.0,27165000000.0,379000000.0,1790000000.0,5297000000.0,8128000000.0,,,530000000.0,293000000.0,13114000000.0,28319000000.0,-293000000.0,14051000000.0,27165000000.0,856000000.0,1440000000.0,326000000.0,198000000.0,,,,66000000.0,536000000.0,,7838000000.0,,,,,126000000.0,442000000.0,,,-570000000.0,,,-6825000000.0,392000000.0,778000000.0
2023-03-03,4655000000.0,568000000.0,4087000000.0,,,2501000000.0,1586000000.0,12000000.0,1598000000.0,351000000.0,1247000000.0,2.72,2.71,459000000.0,460000000.0,4072000000.0,,1801000000.0,,,,,8342000000.0,,1967000000.0,12792000000.0,,984000000.0,26667000000.0,308000000.0,1469000000.0,5357000000.0,7437000000.0,,,536000000.0,323000000.0,12461000000.0,29435000000.0,-307000000.0,14206000000.0,26667000000.0,212000000.0,416000000.0,,-269000000.0,,,,-55000000.0,63000000.0,,1693000000.0,,,,,0.0,101000000.0,,,156000000.0,,,-2014000000.0,-164000000.0,214000000.0
2023-06-02,9471000000.0,1140000000.0,8331000000.0,,,5121000000.0,3210000000.0,38000000.0,3248000000.0,706000000.0,2542000000.0,5.55,5.54,458400000.0,459100000.0,5456000000.0,,1690000000.0,,,,,9274000000.0,,2032000000.0,12800000000.0,,1125000000.0,27838000000.0,346000000.0,1786000000.0,5265000000.0,8019000000.0,,,479000000.0,347000000.0,13000000000.0,30609000000.0,-297000000.0,14838000000.0,27838000000.0,432000000.0,849000000.0,,-385000000.0,,,,-29000000.0,-33000000.0,,3832000000.0,,,,,0.0,222000000.0,,,478000000.0,,,-3094000000.0,1220000000.0,435000000.0
2023-09-01,14361000000.0,1720000000.0,12641000000.0,,,7734000000.0,4907000000.0,84000000.0,4991000000.0,1046000000.0,3945000000.0,8.62,8.59,458000000.0,459500000.0,6601000000.0,,1851000000.0,,,,,10410000000.0,,2036000000.0,12800000000.0,,1239000000.0,29090000000.0,314000000.0,1714000000.0,5375000000.0,8334000000.0,,,498000000.0,352000000.0,13314000000.0,32012000000.0,-285000000.0,15776000000.0,29090000000.0,650000000.0,1291000000.0,,-217000000.0,,,,-47000000.0,69000000.0,,5705000000.0,,,,,0.0,313000000.0,,,623000000.0,,,-3965000000.0,2365000000.0,590000000.0
2023-12-01,19409000000.0,2354000000.0,17055000000.0,,,10405000000.0,6650000000.0,149000000.0,6799000000.0,1371000000.0,5428000000.0,11.87,11.82,457100000.0,459100000.0,7141000000.0,,2224000000.0,,1712000000.0,,,11084000000.0,,2030000000.0,12805000000.0,,1223000000.0,29779000000.0,314000000.0,1942000000.0,5837000000.0,8251000000.0,,,514000000.0,376000000.0,13261000000.0,33346000000.0,-285000000.0,16518000000.0,29779000000.0,872000000.0,1718000000.0,-422000000.0,159000000.0,,,,-49000000.0,536000000.0,,7302000000.0,,,,,0.0,360000000.0,,,776000000.0,,,-5182000000.0,2905000000.0,1854000000.0
2024-03-01,5182000000.0,590000000.0,4592000000.0,,,3685000000.0,907000000.0,61000000.0,968000000.0,348000000.0,620000000.0,1.37,1.36,453000000.0,456300000.0,6254000000.0,,2060000000.0,,,,,10008000000.0,,1988000000.0,12803000000.0,,1265000000.0,28751000000.0,300000000.0,1569000000.0,5975000000.0,9537000000.0,,,668000000.0,435000000.0,13291000000.0,33809000000.0,-277000000.0,15460000000.0,28751000000.0,212000000.0,451000000.0,,-166000000.0,,,,-12000000.0,160000000.0,,1174000000.0,,,,,,37000000.0,,,66000000.0,,,-2128000000.0,-887000000.0,205000000.0
2024-05-31,10491000000.0,1188000000.0,9303000000.0,,,6511000000.0,2792000000.0,106000000.0,2898000000.0,705000000.0,2193000000.0,4.86,4.83,451000000.0,454000000.0,7660000000.0,,1612000000.0,,,,,11023000000.0,,1969000000.0,12803000000.0,,1462000000.0,30007000000.0,357000000.0,1899000000.0,5558000000.0,9474000000.0,,,591000000.0,446000000.0,15164000000.0,35227000000.0,-276000000.0,14843000000.0,30007000000.0,426000000.0,918000000.0,,-604000000.0,,,,45000000.0,-264000000.0,,3114000000.0,,,,,,78000000.0,,,177000000.0,,,-2770000000.0,519000000.0,901000000.0
2024-08-30,15899000000.0,1742000000.0,14157000000.0,,,9373000000.0,4784000000.0,156000000.0,4940000000.0,1063000000.0,3877000000.0,8.63,8.58,449100000.0,452000000.0,7193000000.0,,1802000000.0,,,,,10716000000.0,,1969000000.0,12814000000.0,,1557000000.0,29830000000.0,318000000.0,1848000000.0,5779000000.0,9644000000.0,,,585000000.0,420000000.0,15285000000.0,36911000000.0,-309000000.0,14545000000.0,29830000000.0,639000000.0,1392000000.0,,-414000000.0,,,,2000000.0,-44000000.0,,5135000000.0,,,,,,135000000.0,,,130000000.0,,,-5223000000.0,52000000.0,1389000000.0
