Date,Net sales,Cost of sales,Gross margin,Research and development,"Selling, general and administrative",Total operating expenses,Operating income,"Other income/(expense), net",Income before provision for income taxes,Provision for income taxes,Net income,Earnings per share basic,Earnings per share diluted,Weighted-average basic,Weighted-average diluted,Cash and cash equivalents,Short-term marketable securities,"Accounts receivable, net",Inventories,Deferred tax assets,Vendor non-trade receivables,Other current assets,Total current assets,Long-term marketable securities,"Property, Plant and Equipment, Net",Goodwill,"Acquired intangible assets, net","Other Assets, Noncurrent",Total assets,accounts payable,Accrued expenses,Deferred revenue,Total current liabilities,Deferred revenue - non-current,deferred tax liabilities,long term taxes payable,Total other non-current liabilities,Total liabilities,Retained Earnings (Accumulated Deficit),Accumulated other comprehensive (loss)/income,Total shareholders equity,Total liabilities and shareholders' equity,"Depreciation, amortization and accretion",Stock-based compensation expense,Deferred income tax expense,"Increase (Decrease) in Accounts receivable, net",Increase (Decrease) in Inventories,Increase (Decrease) in Other Receivables,Increase (Decrease) in Other Operating Assets,Increase (Decrease) in Accounts Payable,Increase (Decrease) in Deferred Revenue,Increase (Decrease) Other liabilities,Cash generated by operating activities,Purchases of marketable securities,Proceeds from maturities of marketable securities,Proceeds from sales of marketable securities,Purchases of other long-term investments,"Business acquisitions, net of cash acquired",Cash payments for capital asset purchases,Payments for acquisition of intangible assets,Payments for (Proceeds from) Other Investing Activities,Cash used in investing activities,Proceeds from issuance of common stock,Excess tax benefits from stock-based compensation,Cash generated/used in financing activities,Increase/(decrease) in cash and cash equivalents,"Cash paid for income taxes, net"
2010-09-30,16799000000.0,15991000000.0,808000000.0,,381000000.0,,,,,120000000.0,345000000.0,0.54,0.54,640000000.0,641000000.0,862000000.0,508000000.0,,,,,586000000.0,22086000000.0,816000000.0,8908000000.0,531000000.0,,734000000.0,36036000000.0,7025000000.0,3141000000.0,,12235000000.0,,395000000.0,,1185000000.0,,10605000000.0,-375000000.0,,36036000000.0,252000000.0,25000000.0,-73000000.0,1685000000.0,1157000000.0,,-52000000.0,,,,-871000000.0,,,,,,335000000.0,,-6000000.0,-502000000.0,,,1189000000.0,-184000000.0,
2010-12-31,37729000000.0,35687000000.0,2042000000.0,,793000000.0,,,,,389000000.0,1077000000.0,1.68,1.68,639000000.0,641000000.0,526000000.0,633000000.0,,,,,695000000.0,28357000000.0,823000000.0,9194000000.0,587000000.0,,674000000.0,42610000000.0,8141000000.0,4085000000.0,,18063000000.0,,546000000.0,,1249000000.0,,11242000000.0,-451000000.0,,42610000000.0,463000000.0,36000000.0,126000000.0,4025000000.0,4620000000.0,,124000000.0,,,,-4083000000.0,,,,,163000000.0,645000000.0,,20000000.0,-1141000000.0,,,4704000000.0,-520000000.0,
2011-09-30,21902000000.0,20868000000.0,1034000000.0,,407000000.0,,,,660000000.0,199000000.0,460000000.0,,,673000000.0,674000000.0,1320000000.0,506000000.0,,,,,618000000.0,27279000000.0,306000000.0,9655000000.0,607000000.0,,399000000.0,41448000000.0,7371000000.0,4289000000.0,,14479000000.0,,836000000.0,,1046000000.0,,12349000000.0,-374000000.0,,41448000000.0,207000000.0,27000000.0,21000000.0,874000000.0,-809000000.0,,-233000000.0,,,,2087000000.0,,,,,12000000.0,443000000.0,,-33000000.0,-249000000.0,,,-1133000000.0,705000000.0,
2011-12-31,45208000000.0,43361000000.0,1847000000.0,,830000000.0,,,,781000000.0,237000000.0,540000000.0,0.12,0.12,669000000.0,670000000.0,864000000.0,594000000.0,5093000000.0,,,,4807000000.0,27224000000.0,352000000.0,9601000000.0,591000000.0,,537000000.0,41516000000.0,4136000000.0,5708000000.0,,14829000000.0,,897000000.0,,863000000.0,,12322000000.0,-563000000.0,,41516000000.0,414000000.0,34000000.0,28000000.0,741000000.0,480000000.0,,,,,,3041000000.0,,,,,206000000.0,852000000.0,,-35000000.0,-934000000.0,,,-1858000000.0,249000000.0,
2012-03-31,66363000000.0,63508000000.0,2855000000.0,,1232000000.0,,,,1349000000.0,400000000.0,939000000.0,1.41,1.41,667000000.0,668000000.0,818000000.0,428000000.0,3078000000.0,,,,6117000000.0,27215000000.0,320000000.0,9800000000.0,596000000.0,,542000000.0,41858000000.0,3122000000.0,5157000000.0,,14794000000.0,,873000000.0,,1097000000.0,,12606000000.0,-423000000.0,,41858000000.0,628000000.0,41000000.0,48000000.0,-1429000000.0,1109000000.0,,,,,,2258000000.0,,,,,239000000.0,1193000000.0,,-30000000.0,-1097000000.0,,,-958000000.0,203000000.0,
2012-06-30,89038000000.0,85370000000.0,3668000000.0,56000000.0,1626000000.0,,,,1765000000.0,523000000.0,1223000000.0,1.84,1.84,665000000.0,666000000.0,1291000000.0,176000000.0,3439000000.0,,-780000000.0,,6593000000.0,26954000000.0,262000000.0,9812000000.0,603000000.0,,534000000.0,41553000000.0,2474000000.0,1206000000.0,,14626000000.0,,720000000.0,,1440000000.0,,12774000000.0,-907000000.0,,41553000000.0,848000000.0,48000000.0,45000000.0,-974000000.0,272000000.0,,,,,,2895000000.0,,,,,241000000.0,1477000000.0,,-61000000.0,-1122000000.0,,,-1097000000.0,676000000.0,
2012-09-30,21808000000.0,21002000000.0,806000000.0,,390000000.0,,,,295000000.0,111000000.0,182000000.0,,,660000000.0,661000000.0,1235000000.0,507000000.0,3003000000.0,,,,7931000000.0,30154000000.0,246000000.0,9883000000.0,541000000.0,,557000000.0,44760000000.0,3674000000.0,2278000000.0,,17562000000.0,,,,1435000000.0,,12841000000.0,-734000000.0,,44760000000.0,217000000.0,22000000.0,102000000.0,-472000000.0,1415000000.0,,,,,,483000000.0,,,,,21000000.0,252000000.0,,-30000000.0,-562000000.0,,,23000000.0,-56000000.0,
2013-03-31,21727000000.0,20971000000.0,756000000.0,,436000000.0,,,,375000000.0,105000000.0,269000000.0,,,661000000.0,662000000.0,1448000000.0,183000000.0,3553000000.0,,,,6415000000.0,27865000000.0,683000000.0,10122000000.0,544000000.0,,760000000.0,43226000000.0,3474000000.0,1798000000.0,,16142000000.0,,,,1478000000.0,,13369000000.0,-591000000.0,,43226000000.0,227000000.0,15000000.0,-6000000.0,146000000.0,-1386000000.0,,,,,,357000000.0,,,,,16000000.0,248000000.0,,-32000000.0,169000000.0,,,-792000000.0,-266000000.0,
2013-06-30,44268000000.0,42705000000.0,1563000000.0,,888000000.0,,,,692000000.0,196000000.0,492000000.0,,,661000000.0,663000000.0,1848000000.0,181000000.0,3520000000.0,,,,5539000000.0,25036000000.0,720000000.0,10091000000.0,545000000.0,,701000000.0,40238000000.0,2971000000.0,634000000.0,,13123000000.0,,,,1469000000.0,,13478000000.0,-638000000.0,,40238000000.0,454000000.0,19000000.0,-65000000.0,97000000.0,-3627000000.0,,,,,,2348000000.0,,,,,16000000.0,442000000.0,,-30000000.0,58000000.0,,,-2272000000.0,134000000.0,
2013-09-30,65661000000.0,62942000000.0,2719000000.0,,1317000000.0,,,,1401000000.0,424000000.0,968000000.0,,,661000000.0,664000000.0,3252000000.0,242000000.0,3447000000.0,,,,5879000000.0,26090000000.0,685000000.0,10125000000.0,552000000.0,,813000000.0,41448000000.0,2942000000.0,1795000000.0,,13753000000.0,,1282000000.0,,1483000000.0,,13828000000.0,-398000000.0,,41448000000.0,681000000.0,30000000.0,4000000.0,-92000000.0,-4788000000.0,,,,,,4869000000.0,,,,,35000000.0,659000000.0,,-38000000.0,-174000000.0,,,-3157000000.0,1538000000.0,
2013-12-31,89804000000.0,85915000000.0,3889000000.0,59000000.0,1759000000.0,,,,2024000000.0,670000000.0,1342000000.0,2.03,2.02,661000000.0,663000000.0,3121000000.0,433000000.0,3224000000.0,11441000000.0,656000000.0,,6350000000.0,28530000000.0,508000000.0,10137000000.0,562000000.0,197000000.0,478000000.0,43752000000.0,4513000000.0,3966000000.0,,15658000000.0,,1448000000.0,,1105000000.0,,14077000000.0,-57000000.0,,43752000000.0,909000000.0,43000000.0,161000000.0,-296000000.0,-2541000000.0,,,,,,5226000000.0,,,,,44000000.0,913000000.0,,-190000000.0,-577000000.0,0.0,,-3242000000.0,1407000000.0,
2014-03-31,20696000000.0,20021000000.0,675000000.0,,393000000.0,,,,366000000.0,98000000.0,267000000.0,,,660000000.0,663000000.0,1083000000.0,452000000.0,2779000000.0,11394000000.0,,,6307000000.0,26226000000.0,537000000.0,10102000000.0,,,439000000.0,41444000000.0,3653000000.0,3443000000.0,,13456000000.0,,1480000000.0,,1093000000.0,,14186000000.0,-158000000.0,,41444000000.0,219000000.0,20000000.0,-66000000.0,-433000000.0,-28000000.0,,,,,,-358000000.0,362000000.0,,,,0.0,188000000.0,,0.0,-145000000.0,,,-1535000000.0,-2038000000.0,
2014-06-30,42190000000.0,40343000000.0,1847000000.0,,819000000.0,,,,1101000000.0,301000000.0,800000000.0,1.22,1.21,658000000.0,661000000.0,1630000000.0,366000000.0,4089000000.0,9024000000.0,,,5186000000.0,24658000000.0,539000000.0,10110000000.0,,,451000000.0,39930000000.0,2904000000.0,2580000000.0,,11891000000.0,,1489000000.0,,962000000.0,,14562000000.0,-70000000.0,,39930000000.0,432000000.0,33000000.0,-32000000.0,896000000.0,-2401000000.0,,,,,,983000000.0,641000000.0,,,,0.0,398000000.0,,9000000.0,-257000000.0,,,-2217000000.0,-1491000000.0,
2014-09-30,60307000000.0,56990000000.0,3317000000.0,,1270000000.0,,,,2134000000.0,586000000.0,1547000000.0,2.36,2.35,655000000.0,658000000.0,4539000000.0,348000000.0,2121000000.0,8034000000.0,,,6846000000.0,26639000000.0,518000000.0,9995000000.0,,,424000000.0,41821000000.0,3134000000.0,3362000000.0,,13751000000.0,,1522000000.0,,941000000.0,,15154000000.0,-469000000.0,,41821000000.0,646000000.0,43000000.0,-13000000.0,-957000000.0,-3181000000.0,,,,,,4424000000.0,885000000.0,,,,3000000.0,605000000.0,,-5000000.0,-420000000.0,,,-2586000000.0,1418000000.0,
2014-12-31,81201000000.0,76433000000.0,4768000000.0,79000000.0,1907000000.0,,,,3130000000.0,877000000.0,2248000000.0,3.44,3.43,653000000.0,656000000.0,1099000000.0,515000000.0,2704000000.0,9374000000.0,954000000.0,,6056000000.0,26028000000.0,485000000.0,9960000000.0,,1273000000.0,379000000.0,44027000000.0,4326000000.0,4114000000.0,,15602000000.0,,1662000000.0,,1575000000.0,,15701000000.0,-1241000000.0,,44027000000.0,894000000.0,55000000.0,-59000000.0,-425000000.0,-1274000000.0,,,,,,4962000000.0,1344000000.0,,,,2758000000.0,894000000.0,,52000000.0,-3407000000.0,,,-3577000000.0,-2022000000.0,
2015-03-31,17506000000.0,16404000000.0,1102000000.0,,498000000.0,,,,690000000.0,197000000.0,493000000.0,0.78,0.77,636000000.0,639000000.0,890000000.0,406000000.0,2036000000.0,8372000000.0,,,6149000000.0,23896000000.0,507000000.0,9833000000.0,,,396000000.0,41715000000.0,3142000000.0,3228000000.0,,14235000000.0,,1614000000.0,,1534000000.0,,16019000000.0,-1879000000.0,,41715000000.0,216000000.0,26000000.0,4000000.0,-550000000.0,-739000000.0,,,,,,45000000.0,246000000.0,,,,,244000000.0,,124000000.0,-261000000.0,,,7000000.0,-209000000.0,
2015-06-30,34692000000.0,32626000000.0,2066000000.0,,1017000000.0,,,,1216000000.0,340000000.0,879000000.0,1.4,1.39,630000000.0,633000000.0,867000000.0,309000000.0,2224000000.0,7845000000.0,,,5167000000.0,22588000000.0,492000000.0,9897000000.0,,,405000000.0,40568000000.0,3017000000.0,2222000000.0,,12859000000.0,,1618000000.0,,1568000000.0,,16232000000.0,-1705000000.0,,40568000000.0,441000000.0,42000000.0,29000000.0,-423000000.0,-1334000000.0,,,,,,407000000.0,545000000.0,,,,69000000.0,540000000.0,,-1000000.0,-407000000.0,,,-232000000.0,-232000000.0,
2015-09-30,51257000000.0,48102000000.0,3155000000.0,,1528000000.0,,,,1583000000.0,454000000.0,1131000000.0,1.81,1.8,624000000.0,627000000.0,720000000.0,417000000.0,2132000000.0,7428000000.0,,,6183000000.0,23045000000.0,436000000.0,9900000000.0,,,374000000.0,40877000000.0,3072000000.0,3268000000.0,,14130000000.0,,1678000000.0,,1362000000.0,,16313000000.0,-1862000000.0,,40877000000.0,658000000.0,64000000.0,5000000.0,-495000000.0,-1687000000.0,,,,,,1098000000.0,821000000.0,,,,83000000.0,819000000.0,,-3000000.0,-307000000.0,,,-1170000000.0,-379000000.0,
2015-12-31,67702000000.0,63682000000.0,4020000000.0,122000000.0,2010000000.0,,,321000000.0,2284000000.0,438000000.0,1849000000.0,2.99,2.98,618000000.0,621000000.0,910000000.0,438000000.0,1738000000.0,8243000000.0,185000000.0,,5286000000.0,21829000000.0,439000000.0,9853000000.0,2185000000.0,1503000000.0,447000000.0,40157000000.0,3474000000.0,1472000000.0,,13505000000.0,,1563000000.0,,1395000000.0,,16865000000.0,-2146000000.0,,40157000000.0,882000000.0,79000000.0,-7000000.0,-913000000.0,-872000000.0,,,,,,2481000000.0,1084000000.0,,,,479000000.0,1125000000.0,,217000000.0,-21000000.0,,,-2649000000.0,-189000000.0,
2016-03-31,14384000000.0,13588000000.0,796000000.0,,475000000.0,,,-19000000.0,306000000.0,76000000.0,230000000.0,0.39,0.39,595000000.0,597000000.0,706000000.0,525000000.0,1965000000.0,7914000000.0,,,4589000000.0,20970000000.0,441000000.0,9891000000.0,,,401000000.0,39681000000.0,2969000000.0,1263000000.0,,12867000000.0,,1621000000.0,,1429000000.0,,16971000000.0,-1947000000.0,,39681000000.0,231000000.0,28000000.0,50000000.0,172000000.0,-406000000.0,,,,,,23000000.0,426000000.0,,,,84000000.0,180000000.0,,152000000.0,-448000000.0,,,221000000.0,-204000000.0,
2016-06-30,30013000000.0,28460000000.0,1553000000.0,,1014000000.0,,,134000000.0,713000000.0,195000000.0,514000000.0,0.87,0.87,593000000.0,595000000.0,334000000.0,396000000.0,2257000000.0,8000000000.0,,,4340000000.0,20867000000.0,487000000.0,9802000000.0,,,648000000.0,40098000000.0,2770000000.0,1287000000.0,,13778000000.0,,1685000000.0,,1364000000.0,,17079000000.0,-2138000000.0,,40098000000.0,452000000.0,45000000.0,86000000.0,477000000.0,-283000000.0,,,,,,-366000000.0,802000000.0,,,,120000000.0,396000000.0,,3000000.0,-813000000.0,,,603000000.0,-576000000.0,
2016-09-30,45845000000.0,43187000000.0,2658000000.0,,1575000000.0,,,138000000.0,1193000000.0,331000000.0,855000000.0,1.45,1.44,591000000.0,593000000.0,701000000.0,256000000.0,2253000000.0,7228000000.0,,,4708000000.0,20543000000.0,462000000.0,9853000000.0,,,646000000.0,39853000000.0,2927000000.0,1313000000.0,,12737000000.0,,1642000000.0,,1284000000.0,,17192000000.0,-2190000000.0,,39853000000.0,678000000.0,58000000.0,36000000.0,463000000.0,-1053000000.0,,,,,,1156000000.0,1127000000.0,,,,136000000.0,621000000.0,,-4000000.0,-1231000000.0,,,-134000000.0,-209000000.0,
2016-12-31,62346000000.0,58662000000.0,3684000000.0,123000000.0,2045000000.0,,,147000000.0,1822000000.0,534000000.0,1279000000.0,2.18,2.16,588000000.0,591000000.0,619000000.0,296000000.0,1905000000.0,8831000000.0,740000000.0,,4383000000.0,21045000000.0,187000000.0,9758000000.0,2246000000.0,1457000000.0,579000000.0,39769000000.0,3606000000.0,1414000000.0,,13173000000.0,,1669000000.0,,1218000000.0,,17444000000.0,-2598000000.0,,39769000000.0,900000000.0,74000000.0,56000000.0,160000000.0,654000000.0,,,,,,1475000000.0,1401000000.0,,,,130000000.0,882000000.0,,-10000000.0,-1211000000.0,,,-579000000.0,,
2017-03-31,14988000000.0,14120000000.0,868000000.0,,521000000.0,,,7000000.0,458000000.0,118000000.0,339000000.0,0.59,0.59,576000000.0,579000000.0,476000000.0,272000000.0,1757000000.0,8664000000.0,,,3941000000.0,20486000000.0,196000000.0,9771000000.0,,,697000000.0,39630000000.0,3415000000.0,1369000000.0,,13602000000.0,,1682000000.0,,1235000000.0,,17345000000.0,-2574000000.0,,39630000000.0,225000000.0,32000000.0,1000000.0,-169000000.0,-222000000.0,,,,,,409000000.0,148000000.0,,,,90000000.0,200000000.0,,3000000.0,-381000000.0,,,-180000000.0,,
2017-06-30,29931000000.0,28176000000.0,1755000000.0,,1052000000.0,,,9000000.0,841000000.0,226000000.0,615000000.0,1.07,1.07,574000000.0,576000000.0,433000000.0,237000000.0,1717000000.0,7846000000.0,,,2898000000.0,18201000000.0,199000000.0,9945000000.0,,,750000000.0,37817000000.0,2926000000.0,1260000000.0,,11421000000.0,,1606000000.0,,1289000000.0,,17176000000.0,-2141000000.0,,37817000000.0,452000000.0,48000000.0,-82000000.0,-278000000.0,-1129000000.0,,,,,,1314000000.0,318000000.0,,,,180000000.0,452000000.0,,3000000.0,-566000000.0,,,-939000000.0,,
2017-09-30,44758000000.0,42191000000.0,2567000000.0,,1530000000.0,,,13000000.0,1066000000.0,256000000.0,807000000.0,1.41,1.41,571000000.0,574000000.0,518000000.0,261000000.0,1911000000.0,8326000000.0,,,3084000000.0,19140000000.0,207000000.0,9956000000.0,,,755000000.0,38969000000.0,3449000000.0,1050000000.0,,11873000000.0,,1754000000.0,,1117000000.0,,17023000000.0,-1843000000.0,,38969000000.0,684000000.0,63000000.0,-27000000.0,-106000000.0,-703000000.0,,,,,,2155000000.0,499000000.0,,,,187000000.0,696000000.0,,14000000.0,-933000000.0,,,-989000000.0,,
2017-12-31,60828000000.0,57322000000.0,3506000000.0,129000000.0,1993000000.0,,,37000000.0,1609000000.0,7000000.0,1595000000.0,2.8,2.79,569000000.0,572000000.0,804000000.0,0.0,1947000000.0,9173000000.0,470000000.0,,3175000000.0,19925000000.0,92000000.0,10138000000.0,2374000000.0,1544000000.0,802000000.0,39963000000.0,3894000000.0,1201000000.0,,12570000000.0,,1053000000.0,,1342000000.0,,17552000000.0,-1637000000.0,,39963000000.0,924000000.0,66000000.0,-714000000.0,-73000000.0,137000000.0,,,,,,2211000000.0,538000000.0,,,,187000000.0,1049000000.0,,12000000.0,-886000000.0,,,-1028000000.0,,
2018-03-31,15526000000.0,14637000000.0,889000000.0,,513000000.0,,,15000000.0,464000000.0,68000000.0,393000000.0,0.7,0.7,563000000.0,565000000.0,797000000.0,,2147000000.0,9820000000.0,,,3734000000.0,20906000000.0,91000000.0,10123000000.0,,,859000000.0,41100000000.0,3340000000.0,1112000000.0,,13285000000.0,,1037000000.0,,1325000000.0,,17755000000.0,-1451000000.0,,41100000000.0,235000000.0,29000000.0,-21000000.0,185000000.0,600000000.0,,,,,,-3574000000.0,0.0,,,,0.0,196000000.0,,-4000000.0,2180000000.0,,,1277000000.0,-117000000.0,
2018-06-30,32594000000.0,30524000000.0,2070000000.0,,1073000000.0,,,17000000.0,1116000000.0,154000000.0,959000000.0,1.7,1.7,564000000.0,567000000.0,851000000.0,,1900000000.0,7953000000.0,,,3642000000.0,18647000000.0,33000000.0,9948000000.0,,,938000000.0,38755000000.0,2609000000.0,1050000000.0,,11718000000.0,,1002000000.0,,1289000000.0,,18132000000.0,-1911000000.0,,38755000000.0,474000000.0,63000000.0,-92000000.0,30000000.0,-1156000000.0,,,,,,-3179000000.0,2000000.0,,,,0.0,379000000.0,,-7000000.0,3548000000.0,,,-176000000.0,193000000.0,
2018-09-30,48394000000.0,45266000000.0,3128000000.0,,1607000000.0,,,42000000.0,1748000000.0,250000000.0,1495000000.0,2.65,2.64,565000000.0,568000000.0,915000000.0,,1934000000.0,8483000000.0,,,3707000000.0,19465000000.0,26000000.0,9885000000.0,,,930000000.0,39664000000.0,3082000000.0,817000000.0,,11648000000.0,,965000000.0,,1275000000.0,,18478000000.0,-2032000000.0,,39664000000.0,706000000.0,88000000.0,-124000000.0,62000000.0,-578000000.0,,,,,,-3680000000.0,0.0,,,,324000000.0,555000000.0,,9000000.0,4575000000.0,,,-104000000.0,791000000.0,
2018-12-31,64341000000.0,60160000000.0,4181000000.0,141000000.0,2165000000.0,,,-101000000.0,2060000000.0,245000000.0,1810000000.0,3.21,3.19,564000000.0,567000000.0,1997000000.0,6000000.0,2233000000.0,8813000000.0,452000000.0,,3033000000.0,20588000000.0,7000000.0,9953000000.0,2496000000.0,1545000000.0,927000000.0,40833000000.0,3545000000.0,924000000.0,,11776000000.0,,,,1247000000.0,,18527000000.0,-2106000000.0,,40833000000.0,941000000.0,109000000.0,-47000000.0,376000000.0,-226000000.0,,,,,,-4784000000.0,0.0,,,,464000000.0,842000000.0,,-3000000.0,6582000000.0,,,187000000.0,,
2019-03-31,15304000000.0,14376000000.0,928000000.0,,659000000.0,,,8000000.0,315000000.0,81000000.0,233000000.0,0.41,0.41,565000000.0,566000000.0,926000000.0,9000000.0,2515000000.0,8946000000.0,,,3625000000.0,20262000000.0,22000000.0,10299000000.0,884000000.0,,1777000000.0,43151000000.0,3538000000.0,1135000000.0,,13361000000.0,,,,1906000000.0,,18553000000.0,-2242000000.0,,43151000000.0,245000000.0,43000000.0,39000000.0,-34000000.0,-166000000.0,,,,,,-2035000000.0,,,,,1876000000.0,198000000.0,,34000000.0,-271000000.0,,,1065000000.0,-1241000000.0,
2019-06-30,31601000000.0,29701000000.0,1900000000.0,,1261000000.0,,,21000000.0,589000000.0,117000000.0,468000000.0,0.83,0.83,565000000.0,566000000.0,849000000.0,4000000.0,2433000000.0,8294000000.0,,,3587000000.0,19548000000.0,8000000.0,10245000000.0,858000000.0,,1821000000.0,42616000000.0,3067000000.0,1231000000.0,,12602000000.0,,,,1976000000.0,,18497000000.0,-2130000000.0,,42616000000.0,493000000.0,45000000.0,11000000.0,-129000000.0,-852000000.0,,,,,,-2713000000.0,2000000.0,,,,1944000000.0,383000000.0,,18000000.0,1346000000.0,,,273000000.0,-1094000000.0,
2019-09-30,48327000000.0,45349000000.0,2978000000.0,,1839000000.0,,,39000000.0,1092000000.0,212000000.0,875000000.0,1.55,1.55,564000000.0,565000000.0,932000000.0,26000000.0,2241000000.0,8075000000.0,,,3515000000.0,19178000000.0,10000000.0,10101000000.0,857000000.0,,1715000000.0,41804000000.0,2973000000.0,1009000000.0,,12020000000.0,,,,1903000000.0,,18651000000.0,-2395000000.0,,41804000000.0,742000000.0,66000000.0,8000000.0,-276000000.0,-994000000.0,,,,,,-3639000000.0,26000000.0,,,,1946000000.0,566000000.0,,23000000.0,3251000000.0,,,-430000000.0,-818000000.0,
2019-12-31,64656000000.0,60509000000.0,4147000000.0,154000000.0,2493000000.0,,,-7000000.0,1588000000.0,209000000.0,1379000000.0,2.45,2.44,563000000.0,565000000.0,852000000.0,,2267000000.0,9170000000.0,811000000.0,,4600000000.0,21347000000.0,,10106000000.0,3385000000.0,2091000000.0,1936000000.0,43997000000.0,3746000000.0,1088000000.0,,13734000000.0,,,,2114000000.0,,18958000000.0,-2405000000.0,,43997000000.0,993000000.0,89000000.0,21000000.0,-287000000.0,21000000.0,,,,,,-5452000000.0,27000000.0,,,,1946000000.0,828000000.0,,5000000.0,5259000000.0,,,-660000000.0,-853000000.0,
2020-03-31,14970000000.0,14019000000.0,951000000.0,,664000000.0,,,,375000000.0,-16000000.0,391000000.0,0.69,0.69,563000000.0,564000000.0,4734000000.0,,2437000000.0,8830000000.0,,,5047000000.0,26146000000.0,,9883000000.0,,,2029000000.0,48395000000.0,3440000000.0,905000000.0,,17317000000.0,,,,2071000000.0,,19026000000.0,-2764000000.0,,48395000000.0,245000000.0,51000000.0,64000000.0,251000000.0,-182000000.0,,,,,,-655000000.0,,,,,8000000.0,194000000.0,,-1000000.0,1853000000.0,,,3342000000.0,4540000000.0,
2020-06-30,31251000000.0,29192000000.0,2059000000.0,,1302000000.0,,,,927000000.0,80000000.0,860000000.0,1.53,1.53,562000000.0,563000000.0,1203000000.0,,2583000000.0,7626000000.0,,,5554000000.0,22011000000.0,,9833000000.0,,,2046000000.0,44341000000.0,2897000000.0,989000000.0,,12809000000.0,,,,2157000000.0,,19293000000.0,-2705000000.0,,44341000000.0,489000000.0,75000000.0,49000000.0,364000000.0,-1439000000.0,,,,,,-436000000.0,3000000.0,,,,3000000.0,360000000.0,,3000000.0,2173000000.0,,,-228000000.0,1509000000.0,
2020-09-30,46377000000.0,43276000000.0,3101000000.0,,1938000000.0,,,,1127000000.0,38000000.0,1085000000.0,1.93,1.93,561000000.0,563000000.0,948000000.0,,2616000000.0,8762000000.0,,,4956000000.0,22766000000.0,,9816000000.0,,,2167000000.0,44795000000.0,3347000000.0,892000000.0,,13907000000.0,,,,2196000000.0,,19311000000.0,-2749000000.0,,44795000000.0,727000000.0,114000000.0,57000000.0,343000000.0,-370000000.0,,,,,,-1516000000.0,2000000.0,,,,3000000.0,558000000.0,,16000000.0,4728000000.0,,,-1943000000.0,1269000000.0,
2020-12-31,64355000000.0,59902000000.0,4453000000.0,160000000.0,2687000000.0,,,,1883000000.0,101000000.0,1772000000.0,3.16,3.15,561000000.0,563000000.0,666000000.0,,2793000000.0,11713000000.0,928000000.0,,6224000000.0,27286000000.0,,9951000000.0,3451000000.0,1962000000.0,1054000000.0,49719000000.0,4474000000.0,926000000.0,626000000.0,18182000000.0,,,,1391000000.0,,19780000000.0,-2604000000.0,,49719000000.0,976000000.0,151000000.0,75000000.0,149000000.0,2426000000.0,,,,,,-2386000000.0,2000000.0,,,,15000000.0,823000000.0,,27000000.0,4465000000.0,,,-423000000.0,1656000000.0,
2021-03-31,18893000000.0,17345000000.0,1548000000.0,,749000000.0,,,,824000000.0,131000000.0,689000000.0,1.22,1.22,563000000.0,564000000.0,694000000.0,,3269000000.0,12764000000.0,,,6154000000.0,29284000000.0,,9799000000.0,,,1077000000.0,51478000000.0,4011000000.0,899000000.0,,18512000000.0,,,,1371000000.0,,20261000000.0,-2278000000.0,,51478000000.0,249000000.0,76000000.0,-7000000.0,515000000.0,1138000000.0,,,,,,298000000.0,,,,,0.0,174000000.0,,11000000.0,-169000000.0,,,1077000000.0,1206000000.0,
2021-06-30,41819000000.0,38808000000.0,3011000000.0,,1488000000.0,,,,1649000000.0,244000000.0,1401000000.0,2.49,2.48,564000000.0,566000000.0,869000000.0,,3478000000.0,11446000000.0,,,5597000000.0,28504000000.0,,9873000000.0,,,1159000000.0,50958000000.0,3441000000.0,1070000000.0,,17296000000.0,,,,1385000000.0,,20762000000.0,-2121000000.0,,50958000000.0,492000000.0,114000000.0,-37000000.0,710000000.0,-223000000.0,,,,,,3007000000.0,0.0,,,,5000000.0,427000000.0,,17000000.0,-394000000.0,,,-576000000.0,2037000000.0,
2021-09-30,62159000000.0,57822000000.0,4337000000.0,,2208000000.0,,,,2302000000.0,364000000.0,1927000000.0,3.42,3.41,564000000.0,566000000.0,1083000000.0,,3797000000.0,11169000000.0,,,5220000000.0,29290000000.0,,9848000000.0,,,1302000000.0,52298000000.0,4617000000.0,952000000.0,,18576000000.0,,,,1358000000.0,,21081000000.0,-2076000000.0,,52298000000.0,739000000.0,135000000.0,-95000000.0,1060000000.0,-405000000.0,,,,,,5853000000.0,,,,,501000000.0,714000000.0,,143000000.0,-1287000000.0,,,-1554000000.0,3012000000.0,
2021-12-31,85249000000.0,79262000000.0,5987000000.0,171000000.0,2994000000.0,,,,3313000000.0,578000000.0,2709000000.0,4.8,4.79,564000000.0,566000000.0,943000000.0,,3311000000.0,14481000000.0,891000000.0,,5158000000.0,31909000000.0,,9803000000.0,4182000000.0,2565000000.0,1369000000.0,56136000000.0,6388000000.0,1294000000.0,581000000.0,21948000000.0,,,,1233000000.0,,21655000000.0,-2172000000.0,,56136000000.0,996000000.0,161000000.0,-129000000.0,578000000.0,2839000000.0,,,,,,6595000000.0,0.0,,,,1564000000.0,1169000000.0,,148000000.0,-2669000000.0,,,-1118000000.0,2808000000.0,
2022-03-31,23650000000.0,21753000000.0,1897000000.0,,829000000.0,,,,1271000000.0,207000000.0,1054000000.0,1.86,1.86,566000000.0,568000000.0,1079000000.0,,4235000000.0,17290000000.0,,,7717000000.0,40453000000.0,,9794000000.0,,,1466000000.0,64866000000.0,6135000000.0,1194000000.0,,28523000000.0,,,,1231000000.0,,22483000000.0,-1789000000.0,,64866000000.0,257000000.0,69000000.0,144000000.0,937000000.0,2881000000.0,,,,,,-1206000000.0,,,,,,217000000.0,,94000000.0,-342000000.0,,,3318000000.0,1770000000.0,
2022-06-30,50934000000.0,46937000000.0,3997000000.0,,1643000000.0,,,,2790000000.0,486000000.0,2290000000.0,4.05,4.03,566000000.0,568000000.0,906000000.0,,5336000000.0,14485000000.0,,,6946000000.0,37647000000.0,,9680000000.0,,,1488000000.0,61828000000.0,5601000000.0,1435000000.0,,25660000000.0,,,,1102000000.0,,23292000000.0,-1965000000.0,,61828000000.0,514000000.0,97000000.0,-15000000.0,2155000000.0,349000000.0,,,,,,-675000000.0,,,,,0.0,500000000.0,,101000000.0,-647000000.0,,,1491000000.0,169000000.0,
2022-09-30,75617000000.0,69809000000.0,5808000000.0,,2461000000.0,,,,4020000000.0,679000000.0,3321000000.0,5.88,5.87,565000000.0,566000000.0,1099000000.0,,4679000000.0,13282000000.0,,,6164000000.0,34569000000.0,,9605000000.0,,,1354000000.0,58304000000.0,6543000000.0,1532000000.0,,22936000000.0,,,,1016000000.0,,23099000000.0,-2212000000.0,,58304000000.0,774000000.0,123000000.0,-39000000.0,1613000000.0,-590000000.0,,,,,,3348000000.0,,,,,0.0,841000000.0,,98000000.0,-948000000.0,,,-2364000000.0,36000000.0,
2022-12-31,101556000000.0,93986000000.0,7570000000.0,216000000.0,3358000000.0,,,,5233000000.0,868000000.0,4340000000.0,7.72,7.71,562000000.0,563000000.0,1037000000.0,,4926000000.0,14771000000.0,848000000.0,,5666000000.0,35410000000.0,,9933000000.0,4162000000.0,2382000000.0,1332000000.0,59774000000.0,7803000000.0,1476000000.0,694000000.0,24191000000.0,,,,1014000000.0,,23646000000.0,-2509000000.0,,59774000000.0,1028000000.0,147000000.0,-89000000.0,1682000000.0,295000000.0,,,,,,3478000000.0,,,,155000000.0,22000000.0,1319000000.0,,-42000000.0,-1400000000.0,,,-2499000000.0,-421000000.0,
2023-03-31,24072000000.0,21992000000.0,2080000000.0,,881000000.0,,,,1397000000.0,225000000.0,1170000000.0,2.13,2.12,550000000.0,551000000.0,899000000.0,,4471000000.0,14771000000.0,,,5448000000.0,34325000000.0,,10071000000.0,,,1273000000.0,58802000000.0,6271000000.0,1322000000.0,,22730000000.0,,,,1011000000.0,,24217000000.0,-2463000000.0,,58802000000.0,259000000.0,65000000.0,47000000.0,-488000000.0,-52000000.0,,,,,,-1610000000.0,,,,0.0,,327000000.0,,10000000.0,-328000000.0,,,598000000.0,-1346000000.0,
2023-06-30,49262000000.0,45299000000.0,3963000000.0,,1722000000.0,,,,2529000000.0,429000000.0,2097000000.0,3.83,3.82,548000000.0,549000000.0,1426000000.0,,4110000000.0,11902000000.0,,,5081000000.0,30686000000.0,,10127000000.0,,,1341000000.0,55499000000.0,5079000000.0,1315000000.0,,18788000000.0,,,,984000000.0,,24244000000.0,-2433000000.0,,55499000000.0,521000000.0,86000000.0,8000000.0,-846000000.0,-2917000000.0,,,,,,899000000.0,,,,5000000.0,,614000000.0,,3000000.0,-611000000.0,,,-2131000000.0,-1846000000.0,
2023-09-30,70957000000.0,65184000000.0,5773000000.0,,2537000000.0,,,,3560000000.0,636000000.0,2918000000.0,5.36,5.35,545000000.0,546000000.0,1498000000.0,,4443000000.0,11224000000.0,,,5618000000.0,30522000000.0,,10218000000.0,,,1351000000.0,55093000000.0,5252000000.0,1475000000.0,,18105000000.0,,,,929000000.0,,24699000000.0,-2611000000.0,,55093000000.0,782000000.0,98000000.0,17000000.0,-443000000.0,-3501000000.0,,,,,,1891000000.0,,,,5000000.0,11000000.0,1055000000.0,,3000000.0,-1061000000.0,,,-2800000000.0,-1992000000.0,
2023-12-31,93935000000.0,86422000000.0,7513000000.0,256000000.0,3456000000.0,,,,4294000000.0,828000000.0,3483000000.0,6.44,6.43,541000000.0,542000000.0,1368000000.0,,4232000000.0,11957000000.0,884000000.0,,4982000000.0,29767000000.0,,10508000000.0,4103000000.0,2238000000.0,1304000000.0,54631000000.0,6313000000.0,1381000000.0,626000000.0,18662000000.0,,,,1005000000.0,,23465000000.0,-2487000000.0,,54631000000.0,1059000000.0,112000000.0,-23000000.0,-737000000.0,-2889000000.0,,,,,,4460000000.0,,,,0.0,23000000.0,1494000000.0,,21000000.0,-1496000000.0,,,-4604000000.0,-1643000000.0,
2024-03-31,21847000000.0,20188000000.0,1659000000.0,,951000000.0,,,,885000000.0,166000000.0,729000000.0,1.42,1.42,513000000.0,514000000.0,830000000.0,,4178000000.0,11634000000.0,,,4983000000.0,29006000000.0,,10596000000.0,,,1327000000.0,54831000000.0,5599000000.0,1518000000.0,,19730000000.0,,,,1016000000.0,,23069000000.0,-2570000000.0,,54831000000.0,280000000.0,66000000.0,-64000000.0,-61000000.0,-295000000.0,,,,,,700000000.0,,,,,915000000.0,328000000.0,,-11000000.0,-1230000000.0,,,-2000000.0,-545000000.0,
2024-06-30,44095000000.0,41040000000.0,3055000000.0,,1858000000.0,,,,1481000000.0,281000000.0,1215000000.0,2.42,2.41,503000000.0,503000000.0,764000000.0,,4382000000.0,10443000000.0,,,4398000000.0,26962000000.0,,10628000000.0,,,1288000000.0,52698000000.0,5035000000.0,1351000000.0,,18684000000.0,,,,1000000000.0,,21828000000.0,-2880000000.0,,52698000000.0,566000000.0,84000000.0,-92000000.0,180000000.0,-1443000000.0,,,,,,1168000000.0,,,,0.0,936000000.0,690000000.0,,-4000000.0,-1612000000.0,,,-661000000.0,-1119000000.0,
2024-09-30,18094000000.0,59612000000.0,4420000000.0,,2763000000.0,,,,1588000000.0,370000000.0,1233000000.0,2.49,2.48,496000000.0,497000000.0,784000000.0,,3770000000.0,10746000000.0,,,4249000000.0,26626000000.0,,10828000000.0,,,1313000000.0,52199000000.0,4911000000.0,3671000000.0,,19003000000.0,,,,1054000000.0,,21606000000.0,-2840000000.0,,52199000000.0,854000000.0,74000000.0,-107000000.0,-476000000.0,-1233000000.0,,,,,,2468000000.0,,,,0.0,936000000.0,1071000000.0,,-18000000.0,-2002000000.0,,,-1465000000.0,-993000000.0,
