Date,Net sales,Cost of sales,Gross margin,Research and development,"Selling, general and administrative",Total operating expenses,Operating income,"Other income/(expense), net",Income before provision for income taxes,Provision for income taxes,Net income,Earnings per share basic,Earnings per share diluted,Weighted-average basic,Weighted-average diluted,Cash and cash equivalents,Short-term marketable securities,"Accounts receivable, net",Inventories,Deferred tax assets,Vendor non-trade receivables,Other current assets,Total current assets,Long-term marketable securities,"Property, Plant and Equipment, Net",Goodwill,"Acquired intangible assets, net","Other Assets, Noncurrent",Total assets,accounts payable,Accrued expenses,Deferred revenue,Total current liabilities,Deferred revenue - non-current,deferred tax liabilities,long term taxes payable,Total other non-current liabilities,Total liabilities,Retained Earnings (Accumulated Deficit),Accumulated other comprehensive (loss)/income,Total shareholders equity,Total liabilities and shareholders' equity,"Depreciation, amortization and accretion",Stock-based compensation expense,Deferred income tax expense,"Increase (Decrease) in Accounts receivable, net",Increase (Decrease) in Inventories,Increase (Decrease) in Other Receivables,Increase (Decrease) in Other Operating Assets,Increase (Decrease) in Accounts Payable,Increase (Decrease) in Deferred Revenue,Increase (Decrease) Other liabilities,Cash generated by operating activities,Purchases of marketable securities,Proceeds from maturities of marketable securities,Proceeds from sales of marketable securities,Purchases of other long-term investments,"Business acquisitions, net of cash acquired",Cash payments for capital asset purchases,Payments for acquisition of intangible assets,Payments for (Proceeds from) Other Investing Activities,Cash used in investing activities,Proceeds from issuance of common stock,Excess tax benefits from stock-based compensation,Cash generated/used in financing activities,Increase/(decrease) in cash and cash equivalents,"Cash paid for income taxes, net"
2009-12-31,4307200000.0,2424700000.0,,,1012900000.0,3443200000.0,,63400000.0,927400000.0,327500000.0,599900000.0,1.2,1.19,502000000.0,506200000.0,1741100000.0,,1089400000.0,,,,673300000.0,24926400000.0,90600000.0,707400000.0,2413200000.0,558300000.0,761000000.0,29598900000.0,101400000.0,728900000.0,,22560500000.0,475600000.0,328200000.0,,444900000.0,23851000000.0,10979200000.0,311100000.0,5747900000.0,29598900000.0,,36700000.0,44800000.0,,,,144900000.0,,,,672900000.0,,,1693000000.0,,3800000.0,,67800000.0,-8200000.0,-4842200000.0,,,3625400000.0,-524200000.0,
2010-03-31,6737400000.0,3747400000.0,,,1515500000.0,5269700000.0,,90000000.0,1557700000.0,558000000.0,1003500000.0,2.0,1.99,502400000.0,505500000.0,1965000000.0,,1131000000.0,,,,621800000.0,30315000000.0,104100000.0,690000000.0,2431200000.0,554200000.0,757900000.0,34986200000.0,96200000.0,607300000.0,,27742000000.0,474500000.0,315600000.0,,474500000.0,29047900000.0,11211600000.0,266700000.0,5938300000.0,34986200000.0,,55000000.0,50800000.0,,,,155100000.0,,,,1286600000.0,,,2592900000.0,,98900000.0,,87500000.0,-6900000.0,-10081300000.0,,,8492400000.0,-300300000.0,
2010-06-30,8927700000.0,,,,2127400000.0,7165700000.0,,101200000.0,1863200000.0,655900000.0,1211400000.0,2.42,2.4,500500000.0,503700000.0,1643300000.0,,1127700000.0,,234500000.0,,673400000.0,22316700000.0,104300000.0,673800000.0,2383300000.0,542400000.0,712300000.0,26862200000.0,150000000.0,771000000.0,9900000.0,20052200000.0,456900000.0,306400000.0,,528000000.0,21383300000.0,11252000000.0,209500000.0,5478900000.0,26862200000.0,309200000.0,67600000.0,96100000.0,,,,30000000.0,,,,1682100000.0,,,3406900000.0,,100000000.0,,123800000.0,-1800000.0,-2379500000.0,,200000.0,89000000.0,-622000000.0,
2010-09-30,2229400000.0,,,,515600000.0,1830200000.0,,37200000.0,436400000.0,157900000.0,278500000.0,0.57,0.56,491400000.0,494900000.0,1176700000.0,,1161500000.0,,,,638000000.0,25679200000.0,99100000.0,664900000.0,2789100000.0,684100000.0,835600000.0,30878900000.0,132300000.0,697400000.0,9400000.0,23677300000.0,465600000.0,431200000.0,,512500000.0,25122200000.0,11362900000.0,382500000.0,5756700000.0,30878900000.0,75500000.0,13900000.0,7600000.0,,,,-106300000.0,,,,222300000.0,,,826900000.0,,475300000.0,,19400000.0,-3400000.0,-4155700000.0,,,3438800000.0,-466600000.0,
2010-12-31,4635200000.0,,,,1085700000.0,3783500000.0,,69300000.0,921000000.0,332400000.0,588600000.000001,1.2,1.19,492000000.0,496900000.0,1305700000.0,,1136600000.0,,,,662100000.0,27371500000.0,99300000.0,676900000.0,2878800000.0,682800000.0,823300000.0,32660300000.0,116200000.0,726600000.0,9200000.0,25492900000.0,464800000.0,361600000.0,,530300000.0,26884700000.0,11495000000.0,197500000.0,5775600000.0,32660300000.0,158200000.0,36700000.0,17200000.0,,,,79400000.0,,,,647300000.0,,,1559400000.0,,588800000.0,,35800000.0,-6900000.0,-6138100000.0,,,5130300000.0,-337599999.999999,
2011-03-31,7372400000.0,,,,1663000000.0,5882700000.0,,84300000.0,1574000000.0,561600000.0,1012400000.0,2.05,2.03,496200000.0,501300000.0,1600900000.0,,1293800000.0,,,,680800000.0,36083300000.0,96600000.0,685400000.0,3072000000.0,718700000.0,815100000.0,41596400000.0,131800000.0,700500000.0,8800000.0,33974100000.0,459900000.0,381700000.0,,551600000.0,35401900000.0,11739500000.0,198900000.0,6194500000.0,41596400000.0,239200000.0,58500000.0,51800000.0,,,,91900000.0,,,,1220300000.0,,,2315900000.0,,774700000.0,,58900000.0,-5400000.0,-14634800000.0,,,13335800000.0,-42399999.9999989,
2011-06-30,9879500000.0,,,,2323300000.0,8063400000.0,,116600000.0,1932700000.0,678500000.0,1254200000.0,2.54,2.52,493500000.0,498300000.0,1389400000.0,,1364800000.0,,373900000.0,,648300000.0,28583500000.0,98000000.0,716200000.0,3073600000.0,715700000.0,922600000.0,34238300000.0,153300000.0,930400000.0,8400000.0,26786800000.0,477200000.0,373500000.0,,556200000.0,28227900000.0,11803900000.0,367100000.0,6010400000.0,34238300000.0,318200000.0,76300000.0,107600000.0,,,,81300000.0,,,,1705800000.0,,,3305100000.0,,776000000.0,,95800000.0,-2900000.0,-7340600000.0,,1000000.0,5339200000.0,-253900000.0,
2011-09-30,2522500000.0,,,,589200000.0,2097400000.0,,34200000.0,459300000.0,156600000.0,302700000.0,0.62,0.61,487900000.0,493300000.0,1248900000.0,,1236900000.0,,,,667900000.0,22454000000.0,99700000.0,708300000.0,2997500000.0,686700000.0,949200000.0,28020200000.0,123000000.0,869900000.0,7900000.0,20511800000.0,465700000.0,415400000.0,,582100000.0,22001000000.0,11930700000.0,406500000.0,6019200000.0,28020200000.0,79700000.0,18600000.0,9700000.0,,,,117700000.0,,,,316300000.0,,,844300000.0,,1900000.0,,24000000.0,,5882100000.0,,,-6315400000.0,-140500000.0,
2011-12-31,5105500000.0,,,,1166700000.0,4196900000.0,,130400000.0,1039000000.0,361300000.0,677700000.0,1.39,1.38,487300000.0,492800000.0,1331300000.0,,1353900000.0,,,,659400000.0,26727100000.0,98700000.0,707900000.0,3130000000.0,731500000.0,964000000.0,32484400000.0,137300000.0,963000000.0,7400000.0,24797500000.0,464400000.0,409300000.0,,605300000.0,26302000000.0,12112600000.0,339500000.0,6182400000.0,32484400000.0,158900000.0,45700000.0,7200000.0,,,,123100000.0,,,,747900000.0,,,2031700000.0,,176300000.0,,51400000.0,-200000.0,1568100000.0,,,-2339800000.0,-58100000.0,
2012-03-31,8028600000.0,,,,1788800000.0,6445000000.0,,141000000.0,1724600000.0,594500000.0,1130100000.0,2.32,2.29,488500000.0,493200000.0,1665100000.0,,1372700000.0,,,,643900000.0,33553500000.0,96800000.0,710200000.0,3163700000.0,723100000.0,1001700000.0,39376100000.0,137700000.0,930500000.0,7200000.0,31423900000.0,474700000.0,418500000.0,,585100000.0,32919500000.0,12371500000.0,359700000.0,6456600000.0,39376100000.0,240000000.0,66100000.0,7900000.0,,,,139000000.0,,,,1411100000.0,,,2883800000.0,,199800000.0,,82500000.0,15200000.0,-5014800000.0,,,3903700000.0,275700000.0,
2012-06-30,10665200000.0,,,,2466200000.0,8713900000.0,,170800000.0,2122100000.0,733600000.0,1388500000.0,2.85,2.82,487300000.0,492200000.0,1548100000.0,,1399300000.0,,373800000.0,,632000000.0,25155600000.0,86900000.0,706300000.0,3155300000.0,711200000.0,870400000.0,30815500000.0,167700000.0,1054400000.0,7000000.0,23239400000.0,468100000.0,391300000.0,,585900000.0,24701500000.0,12438300000.0,230200000.0,6114000000.0,30815500000.0,323300000.0,78700000.0,38100000.0,,,,71600000.0,,,,1910200000.0,,,3962200000.0,,265700000.0,,109500000.0,16400000.0,3243600000.0,,5700000.0,-4953900000.0,158700000.0,
2012-09-30,2637500000.0,,,,611400000.0,2201000000.0,,29100000.0,465600000.0,163100000.0,305300000.0,0.63,0.63,483500000.0,488400000.0,1117400000.0,,1463400000.0,,,,756300000.0,23972600000.0,522400000.0,703900000.0,3088800000.0,683800000.0,1041900000.0,30144100000.0,138800000.0,1044900000.0,6900000.0,22351100000.0,466000000.0,411200000.0,,606800000.0,23851400000.0,12552000000.0,349400000.0,6292700000.0,30144100000.0,78300000.0,17600000.0,7100000.0,,,,330500000.0,,,,-65100000.0,,,602500000.0,,700000.0,,33500000.0,,715900000.0,,,-1093300000.0,-430700000.0,
2012-12-31,5385300000.0,,,,1236100000.0,4453100000.0,,62200000.0,994400000.0,340000000.0,696100000.0,1.44,1.43,482800000.0,487700000.0,1390900000.0,,1604100000.0,,,,754500000.0,27552400000.0,82400000.0,712900000.0,3100700000.0,670600000.0,1075400000.0,33330000000.0,141400000.0,1163600000.0,7100000.0,25438500000.0,484600000.0,385700000.0,,610100000.0,26934700000.0,12732000000.0,314200000.0,6395300000.0,33330000000.0,155600000.0,41900000.0,2600000.0,,,,328200000.0,,,,383400000.0,,,1837200000.0,,700000.0,,59000000.0,,-2143800000.0,,,1587000000.0,-157200000.0,
2013-03-31,8499600000.0,,,,1890500000.0,6854600000.0,,74200000.0,1719200000.0,582100000.0,1178800000.0,2.44,2.42,482800000.0,487100000.0,1647700000.0,,1723600000.0,,,,693000000.0,34433200000.0,77000000.0,716700000.0,3068500000.0,644400000.0,1089800000.0,40166300000.0,149700000.0,1137100000.0,7000000.0,32118500000.0,488900000.0,383500000.0,,599000000.0,33605200000.0,13003600000.0,209300000.0,6561100000.0,40166300000.0,236700000.0,,3400000.0,,,,313700000.0,,,,1001700000.0,,,2861500000.0,,15300000.0,,81400000.0,-1300000.0,-8919400000.0,,,8013700000.0,99600000.0,
2013-06-30,11310100000.0,,,,2620600000.0,9322000000.0,,96200000.0,2084300000.0,720200000.0,1405800000.0,2.91,2.89,482700000.0,487100000.0,1699100000.0,,1598300000.0,,256700000.0,,646800000.0,26201000000.0,314000000.0,728700000.0,3052600000.0,643200000.0,1189900000.0,32268100000.0,157300000.0,1178600000.0,6600000.0,24732800000.0,493200000.0,234400000.0,,603100000.0,26078200000.0,13020300000.0,15400000.0,6189900000.0,32268100000.0,317000000.0,96400000.0,24600000.0,,,,283500000.0,,,,1577200000.0,,,3638600000.0,,42000000.0,,108300000.0,-700000.0,-1578400000.0,,,151000000.0,151000000.0,
2013-09-30,2839600000.0,,,,638600000.0,2364900000.0,,22600000.0,497300000.0,168700000.0,328600000.0,0.68,0.68,480100000.0,484300000.0,1149000000.0,,1585800000.0,,,,823200000.0,21035800000.0,2549000000.0,735200000.0,3095700000.0,639100000.0,1286500000.0,29481300000.0,148900000.0,1169700000.0,6400000.0,21899400000.0,490700000.0,271500000.0,,612700000.0,23288500000.0,13139300000.0,70500000.0,6192800000.0,29481300000.0,80500000.0,27200000.0,18700000.0,,,,290000000.0,,,,81300000.0,,,571600000.0,,9700000.0,,32800000.0,,2504100000.0,,,-3137500000.0,-550100000.0,
2013-12-31,5822500000.0,,,,1314200000.0,4814900000.0,,50800000.0,1058400000.0,352800000.0,705600000.0,1.47,1.46,479200000.0,483600000.0,1267100000.0,,1730400000.0,,,,866800000.0,32301100000.0,59900000.0,739300000.0,3108600000.0,644500000.0,1320900000.0,38321800000.0,140600000.0,1193900000.0,6300000.0,30645000000.0,496500000.0,285600000.0,,623600000.0,32063300000.0,13285000000.0,10700000.0,6258500000.0,38321800000.0,164400000.0,66300000.0,-3300000.0,,,,316700000.0,,,,473000000.0,,,1046100000.0,,25400000.0,,75400000.0,,-6223800000.0,,,5317100000.0,-432000000.0,
2014-03-31,9132700000.0,,,,1986000000.0,7366600000.0,,59100000.0,1825200000.0,611400000.0,1227100000.0,2.56,2.54,479100000.0,483400000.0,1671000000.0,,1835200000.0,,,,759700000.0,30532600000.0,54300000.0,767500000.0,3102000000.0,636200000.0,1355000000.0,36596500000.0,145600000.0,1212700000.0,6000000.0,28578200000.0,509200000.0,253300000.0,,627600000.0,29980400000.0,13575100000.0,41000000.0,6616100000.0,36596500000.0,247100000.0,101900000.0,-60200000.0,,,,280800000.0,,,,1216900000.0,,,1469400000.0,,25700000.0,,111100000.0,-100000.0,-4178500000.0,,,2935800000.0,-28100000.0,
2014-06-30,12206500000.0,,,,2762400000.0,10004800000.0,,72900000.0,2274600000.0,772000000.0,1515900000.0,3.17,3.14,478900000.0,483100000.0,1983600000.0,,1800400000.0,,280300000.0,,759200000.0,25833400000.0,54100000.0,777400000.0,3113800000.0,632300000.0,1485300000.0,32051700000.0,169700000.0,1314900000.0,6000000.0,23908000000.0,513200000.0,288800000.0,,660000000.0,25381500000.0,13632900000.0,178200000.0,6670200000.0,32051700000.0,336200000.0,138400000.0,-50300000.0,,,,253200000.0,,,,1821400000.0,,,2059500000.0,,25700000.0,,151100000.0,0.0,813300000.0,,,-2358200000.0,284500000.0,
2014-09-30,2573800000.0,,,,578000000.0,2141800000.0,,20500000.0,452500000.0,154500000.0,295200000.0,0.62,0.61,478400000.0,481700000.0,2175700000.0,,1390300000.0,,,,827100000.0,25793400000.0,46600000.0,650700000.0,1857600000.0,500400000.0,1326700000.0,30208100000.0,146900000.0,1127400000.0,900000.0,23159300000.0,363700000.0,230200000.0,,616700000.0,24380800000.0,12990000000.0,-74100000.0,5827300000.0,30208100000.0,68300000.0,38800000.0,9200000.0,,,,224500000.0,,,,378200000.0,,,595200000.0,,8100000.0,,44000000.0,,267100000.0,,44200000.0,-418000000.0,192100000.0,
2014-12-31,5235100000.0,,,,1168300000.0,,,39800000.0,953600000.0,321600000.0,626700000.0,1.31,1.3,477600000.0,481000000.0,1850800000.0,101900000.0,1595600000.0,,,,860700000.0,39116000000.0,46300000.0,650300000.0,1833400000.0,499300000.0,1325800000.0,43503100000.0,136400000.0,1163900000.0,700000.0,36770200000.0,362700000.0,238100000.0,,629600000.0,38010900000.0,13090200000.0,-114700000.0,5492200000.0,43503100000.0,138000000.0,,-8400000.0,,,,205000000.0,,,,607100000.0,,,1372400000.0,,8100000.0,,84500000.0,,-13379800000.0,,48400000.0,12702600000.0,-132800000.0,
2015-03-31,8266800000.0,,,,1776400000.0,,,47600000.0,1696200000.0,572200000.0,1116300000.0,2.35,2.33,475100000.0,478300000.0,1808600000.0,26900000.0,1580700000.0,,,,674100000.0,32792800000.0,29200000.0,646000000.0,1785500000.0,498300000.0,1324200000.0,37107300000.0,130800000.0,1238200000.0,800000.0,30714700000.0,355300000.0,228000000.0,,621500000.0,31929200000.0,13348300000.0,-137000000.0,5178100000.0,37107300000.0,208400000.0,,-40800000.0,,,,106700000.0,,,,1464200000.0,,,2617400000.0,,8100000.0,,131700000.0,0.0,-7476500000.0,,47900000.0,5949800000.0,-175000000.0,
2015-06-30,10938500000.0,,,,2496900000.0,8931000000.0,,63200000.0,2070700000.0,694200000.0,1452500000.0,3.07,3.05,472600000.0,475800000.0,1639300000.0,26600000.0,1546900000.0,,134200000.0,,731100000.0,28809200000.0,28900000.0,672700000.0,1793500000.0,503200000.0,1270800000.0,33110500000.0,194500000.0,1159200000.0,1000000.0,27113700000.0,362700000.0,172100000.0,,644300000.0,28302000000.0,13460300000.0,-260600000.0,4808500000.0,33110500000.0,277900000.0,143200000.0,-15300000.0,,,,109100000.0,,,,1905600000.0,,,3841000000.0,,8100000.0,,176700000.0,0.0,-3760300000.0,,68400000.0,1616700000.0,-344300000.0,
2015-09-30,2714000000.0,,,,605300000.0,,,47700000.0,505000000.0,167500000.0,336600000.0,0.73,0.72,462400000.0,465700000.0,3184700000.0,27200000.0,1565200000.0,,,,890300000.0,30176100000.0,21300000.0,680300000.0,1684600000.0,476200000.0,1309200000.0,34380300000.0,146500000.0,1252200000.0,1000000.0,26587300000.0,356700000.0,162900000.0,,648000000.0,29750100000.0,13568600000.0,-247400000.0,4630200000.0,34380300000.0,68800000.0,,29400000.0,,,,249200000.0,,,,93200000.0,,,1255300000.0,,0.0,,45400000.0,,319200000.0,,15900000.0,1144100000.0,1545400000.0,
2015-12-31,5521000000.0,,,,1232400000.0,,,75100000.0,1012900000.0,334000000.0,678000000.0,1.47,1.46,460000000.0,462900000.0,2794900000.0,26900000.0,1634200000.0,,,,867200000.0,35659200000.0,21000000.0,679600000.0,1671200000.0,495300000.0,1341900000.0,39899500000.0,138700000.0,1121800000.0,,32468100000.0,362900000.0,192000000.0,,675500000.0,35693300000.0,13666300000.0,-379100000.0,4206200000.0,39899500000.0,141400000.0,,36700000.0,,,,226100000.0,,,,492700000.0,,,2664200000.0,,0.0,,105700000.0,,-5865700000.0,,22700000.0,6549500000.0,1155600000.0,
2016-03-31,8769500000.0,,,,1866700000.0,,,84700000.0,1807700000.0,596300000.0,1210500000.0,2.64,2.63,458200000.0,460600000.0,2941400000.0,23700000.0,2074400000.0,,,,728000000.0,46819000000.0,7800000.0,668800000.0,1689300000.0,513900000.0,1399300000.0,51125600000.0,158400000.0,1344700000.0,,43250400000.0,375200000.0,281600000.0,,707500000.0,46622400000.0,13957200000.0,-160000000.0,4503200000.0,51125600000.0,214700000.0,,22400000.0,,,,206700000.0,,,,1200800000.0,,,4061200000.0,,0.0,,160100000.0,,-16259400000.0,,33600000.0,16366200000.0,1302100000.0,420300000.0
2016-06-30,11667800000.0,,,,2637000000.0,9533500000.0,,100400000.0,2234700000.0,741300000.0,1492500000.0,3.27,3.25,457000000.0,459100000.0,3191100000.0,23500000.0,1742800000.0,,150800000.0,,701800000.0,39500400000.0,7800000.0,685000000.0,1682000000.0,534200000.0,1233500000.0,43670000000.0,152300000.0,1246800000.0,,35847400000.0,381100000.0,251100000.0,,701100000.0,39188400000.0,14003300000.0,-215100000.0,4481600000.0,43670000000.0,288600000.0,137600000.0,700000.0,,,,108900000.0,,,,1859900000.0,,,5215400000.0,,0.0,,217500000.0,,-9087200000.0,,37400000.0,8790100000.0,1551800000.0,651600000.0
2016-09-30,2916900000.0,,,,647700000.0,2411200000.0,,23000000.0,528700000.0,160000000.0,368700000.0,0.82,0.81,452300000.0,455300000.0,2776600000.0,41000000.0,1620600000.0,,,,898800000.0,30124200000.0,7800000.0,701000000.0,1698500000.0,553800000.0,1225500000.0,34337400000.0,117800000.0,1279600000.0,,26719300000.0,381800000.0,244500000.0,,734000000.0,30087300000.0,14130200000.0,-246400000.0,4250100000.0,34337400000.0,77600000.0,31100000.0,31900000.0,,,,221600000.0,,,,329800000.0,,,900100000.0,,20000000.0,,57200000.0,,8763900000.0,,,-9513600000.0,-414500000.0,36300000.0
2016-12-31,5904200000.0,,,,1288600000.0,4840500000.0,,251100000.0,1314800000.0,435200000.0,879600000.0,1.95,1.94,450100000.0,452700000.0,2705200000.0,41000000.0,1839500000.0,,,,837000000.0,35808100000.0,7600000.0,733200000.0,1652900000.0,552400000.0,1228200000.0,39999400000.0,137400000.0,1420300000.0,,32956300000.0,369800000.0,85100000.0,,770600000.0,36184300000.0,14384700000.0,-566700000.0,3815100000.0,39999400000.0,156000000.0,66900000.0,27700000.0,,,,144100000.0,,,,841100000.0,,,1878000000.0,,20000000.0,,106600000.0,,2719200000.0,,,-4029300000.0,-485900000.0,332600000.0
2017-03-31,9314900000.0,,,,1953600000.0,7433200000.0,,261000000.0,2142700000.0,675100000.0,1467600000.0,3.27,3.25,448900000.0,451300000.0,2995500000.0,3200000.0,1811500000.0,,,,820300000.0,39514400000.0,7600000.0,750600000.0,1726700000.0,594800000.0,1242400000.0,43855900000.0,126500000.0,1336200000.0,,36418500000.0,386800000.0,108900000.0,,836100000.0,39752800000.0,14717700000.0,-513200000.0,4103100000.0,43855900000.0,233600000.0,101200000.0,22200000.0,,,,152900000.0,,,,1668700000.0,,,2704600000.0,,86700000.0,,162100000.0,,-867000000.0,,,-986500000.0,-195600000.0,569200000.0
2017-06-30,12379800000.0,,,,2783200000.0,10133000000.0,,284300000.0,2531100000.0,797700000.0,1733400000.0,3.87,3.85,447800000.0,450300000.0,2780400000.0,3200000.0,1703600000.0,,69700000.0,,883200000.0,32658700000.0,7600000.0,779900000.0,1741000000.0,620200000.0,1352200000.0,37180000000.0,149700000.0,1381900000.0,,29815900000.0,391400000.0,163100000.0,,830200000.0,33203000000.0,14728200000.0,-379200000.0,3977000000.0,37180000000.0,316100000.0,138900000.0,8100000.0,,,,269100000.0,,,,2125900000.0,,,3593600000.0,,87400000.0,,230400000.0,,5730400000.0,,,-8281700000.0,-410700000.0,817100000.0
2017-09-30,3078800000.0,,,,662400000.0,2556800000.0,,26200000.0,548200000.0,146700000.0,401500000.0,0.91,0.9,442200000.0,445000000.0,2363600000.0,113200000.0,1788700000.0,,,,1164100000.0,31002600000.0,26800000.0,800400000.0,1757300000.0,687300000.0,1386200000.0,35661100000.0,112600000.0,1440400000.0,,28286600000.0,387500000.0,196000000.0,,835500000.0,31707700000.0,14872400000.0,-344600000.0,3953400000.0,35661100000.0,87200000.0,39000000.0,46400000.0,,,,259500000.0,,,,244700000.0,,,1007700000.0,,0.0,,69700000.0,,-292600000.0,,,-2064700000.0,-2098400000.0,41900000.0
2017-12-31,6314200000.0,,,,1379600000.0,5248100000.0,,47800000.0,1113900000.0,244900000.0,869000000.0,1.97,1.96,441800000.0,444400000.0,1773400000.0,3200000.0,2045500000.0,,,,1079800000.0,39350000000.0,7400000.0,799900000.0,2164300000.0,832700000.0,1371200000.0,44545500000.0,136800000.0,1583900000.0,,37250900000.0,387600000.0,148600000.0,,824800000.0,40614300000.0,15060100000.0,-432600000.0,3931200000.0,44545500000.0,182000000.0,77700000.0,7300000.0,,,,244700000.0,,,,675100000.0,,,1866000000.0,,487400000.0,,132400000.0,,-1326300000.0,,,6280300000.0,5678200000.0,389200000.0
2018-03-31,10007200000.0,,,,2134800000.0,8099200000.0,,58500000.0,1966500000.0,454400000.0,1512100000.0,3.42,3.4,441500000.0,444100000.0,2293600000.0,0.0,2043400000.0,,,,730300000.0,38714000000.0,7300000.0,794600000.0,2263300000.0,875300000.0,1391000000.0,44065500000.0,105700000.0,1505300000.0,,36741200000.0,391400000.0,105500000.0,,795800000.0,40036300000.0,15466100000.0,-638800000.0,4029200000.0,44065500000.0,278300000.0,119400000.0,18000000.0,,,,38600000.0,,,,1810000000.0,,,2702500000.0,,612400000.0,,195800000.0,,-1958000000.0,,,5358200000.0,5263300000.0,423000000.0
2018-06-30,13325800000.0,,,,2971500000.0,10916800000.0,,-237900000.0,2171100000.0,550300000.0,1620800000.0,3.68,3.66,440600000.0,443300000.0,2170000000.0,3300000.0,1984200000.0,,17200000.0,,758000000.0,32050000000.0,7200000.0,793700000.0,2243500000.0,886400000.0,1089600000.0,37088700000.0,135400000.0,1547700000.0,,30413600000.0,377800000.0,107300000.0,,728000000.0,33629100000.0,15271300000.0,-680800000.0,3459600000.0,37088700000.0,377600000.0,175400000.0,500000.0,,,,-93500000.0,,,,2515200000.0,,,3455000000.0,,612400000.0,,264700000.0,,-2504600000.0,,,-1655900000.0,-1639500000.0,529700000.0
2018-09-30,3323200000.0,,,,713900000.0,2690300000.0,,13900000.0,646800000.0,141400000.0,505400000.0,1.16,1.15,436800000.0,439900000.0,1490300000.0,127100000.0,2216400000.0,,,,846500000.0,29955900000.0,335800000.0,787700000.0,2325000000.0,917200000.0,1053400000.0,37416700000.0,131800000.0,1603500000.0,,29037300000.0,428600000.0,533200000.0,,736400000.0,32737900000.0,16741100000.0,-740100000.0,4678800000.0,37416700000.0,99000000.0,38400000.0,,,,,471200000.0,,,,149200000.0,,,539800000.0,,119700000.0,,73800000.0,,-452700000.0,,,-1817700000.0,-2133800000.0,39300000.0
2018-12-31,6829100000.0,,,,1459000000.0,5487800000.0,,46500000.0,1387800000.0,324200000.0,1063600000.0,2.44,2.42,436200000.0,438900000.0,2785600000.0,3400000.0,2638100000.0,,,,653000000.0,31682600000.0,7200000.0,772700000.0,2321400000.0,926700000.0,739700000.0,38806300000.0,151300000.0,2057800000.0,,30296900000.0,410200000.0,580500000.0,,752500000.0,34042400000.0,16959100000.0,-615000000.0,4763900000.0,38806300000.0,196500000.0,77000000.0,,,,,594400000.0,,,,931500000.0,,,1163400000.0,,120400000.0,,139300000.0,,-469200000.0,,,-1488300000.0,-1058100000.0,280300000.0
2019-03-31,10676500000.0,,,,2209400000.0,8371700000.0,,67500000.0,2372300000.0,554900000.0,1817400000.0,4.17,4.15,435500000.0,438100000.0,1826200000.0,7300000.0,2485200000.0,,,,534400000.0,40924000000.0,3200000.0,765800000.0,2316100000.0,1062900000.0,740300000.0,48196300000.0,156300000.0,1678700000.0,,39166000000.0,406200000.0,615800000.0,,759800000.0,42950100000.0,17368600000.0,-411900000.0,5246200000.0,48196300000.0,299600000.0,122200000.0,,,,,748900000.0,,,,1956000000.0,,,2090600000.0,,120400000.0,,329900000.0,,-1197900000.0,,,6945400000.0,7669400000.0,437700000.0
2019-06-30,14175200000.0,8086600000.0,,,3064200000.0,11280700000.0,,111100000.0,3005600000.0,712800000.0,2292800000.0,5.27,5.24,435000000.0,437600000.0,1949200000.0,10500000.0,2439300000.0,,595900000.0,,519600000.0,34342300000.0,261400000.0,764200000.0,2323000000.0,1071500000.0,934400000.0,41887700000.0,125500000.0,1759000000.0,,32627700000.0,399300000.0,659900000.0,,798700000.0,36487800000.0,17500600000.0,-257300000.0,5399900000.0,41887700000.0,409000000.0,167300000.0,9300000.0,,,,987200000.0,,,,2688300000.0,,,2909000000.0,,125500000.0,,404500000.0,,-2197700000.0,,,-207700000.0,254100000.0,633800000.0
2019-09-30,3495700000.0,2044800000.0,,,726500000.0,2811200000.0,,54600000.0,739100000.0,156700000.0,582400000.0,1.35,1.34,432700000.0,435400000.0,1403900000.0,3545100000.0,2490400000.0,,,,675900000.0,29508500000.0,576000000.0,767100000.0,2303300000.0,1078900000.0,1129400000.0,37714700000.0,108800000.0,1994600000.0,,29200900000.0,378200000.0,708200000.0,,707900000.0,32354000000.0,17729600000.0,-233900000.0,5360700000.0,37714700000.0,117300000.0,37100000.0,,,,,391700000.0,,,,432800000.0,,,1653700000.0,,0.0,,88200000.0,,122200000.0,,,-5045900000.0,-4524000000.0,45600000.0
2019-12-31,7165200000.0,4138800000.0,,,1480900000.0,5691200000.0,,100600000.0,1574600000.0,340600000.0,1234000000.0,2.86,2.84,432100000.0,434300000.0,1500400000.0,7200000.0,2587900000.0,,,,660900000.0,41365000000.0,0.0,761300000.0,2314900000.0,1102500000.0,596600000.0,49059400000.0,132900000.0,2051500000.0,,40522400000.0,381000000.0,702400000.0,,726000000.0,43695000000.0,17987600000.0,-231200000.0,5364400000.0,49059400000.0,234900000.0,73300000.0,,,,,605400000.0,,,,1130900000.0,,,2995200000.0,,0.0,,167700000.0,,-124900000.0,,,5525100000.0,6518900000.0,350400000.0
2020-03-31,11213000000.0,6378000000.0,,,2237400000.0,8706900000.0,,145200000.0,2651300000.0,596400000.0,2054900000.0,4.76,4.74,431400000.0,433500000.0,1705000000.0,3200000.0,2620600000.0,,,,545500000.0,35708700000.0,0.0,743100000.0,2299300000.0,1106700000.0,579900000.0,43383400000.0,115500000.0,1978700000.0,215800000.0,34672800000.0,378100000.0,,,745600000.0,37892700000.0,18416500000.0,-234400000.0,5490700000.0,43383400000.0,355500000.0,106700000.0,,,,,762300000.0,,,,2249600000.0,,,4749900000.0,,0.0,,261000000.0,,478600000.0,,,-964000000.0,1722800000.0,520200000.0
2020-06-30,14589800000.0,8445100000.0,,,3003000000.0,11555200000.0,,148000000.0,3182600000.0,716100000.0,2466500000.0,5.73,5.7,430800000.0,432700000.0,1908500000.0,0.0,2441300000.0,,368800000.0,,506200000.0,31564100000.0,13600000.0,703900000.0,2309400000.0,1215800000.0,458400000.0,39165500000.0,102000000.0,1980700000.0,212500000.0,30126600000.0,370600000.0,,,837000000.0,33413300000.0,18436300000.0,-14800000.0,5752200000.0,39165500000.0,480000000.0,130800000.0,26000000.0,,,,910400000.0,,,,3026200000.0,,,7648400000.0,,0.0,,443700000.0,,3156300000.0,,,-5890600000.0,257400000.0,677100000.0
2020-09-30,3470700000.0,2034300000.0,,,681000000.0,2730400000.0,,24900000.0,765200000.0,163100000.0,602100000.0,1.4,1.4,428600000.0,430000000.0,1613100000.0,3400000.0,2489100000.0,,,,762900000.0,34815400000.0,0.0,701500000.0,2326300000.0,1215900000.0,438000000.0,42390100000.0,111200000.0,1900200000.0,205000000.0,32329600000.0,370400000.0,,,813900000.0,36581200000.0,18644700000.0,15900000.0,5808900000.0,42390100000.0,131100000.0,33800000.0,,,,,454800000.0,,,,481900000.0,,,1196700000.0,,,,76400000.0,,264200000.0,,,2524100000.0,3308100000.0,45400000.0
2020-12-31,7166500000.0,4156800000.0,,,1436900000.0,5622700000.0,,54000000.0,1597800000.0,348200000.0,1249600000.0,2.92,2.91,428000000.0,429500000.0,1602200000.0,10600000.0,2509800000.0,,,,684100000.0,41662300000.0,0.0,692700000.0,2346600000.0,1207200000.0,483500000.0,49325900000.0,113900000.0,1778100000.0,207700000.0,39176500000.0,373900000.0,,,812500000.0,43425900000.0,18893600000.0,40300000.0,5900000000.0,49325900000.0,257800000.0,80900000.0,,,,,643300000.0,,,,1188300000.0,,,2832500000.0,,,,148100000.0,,-949600000.0,,,8751500000.0,9074900000.0,362700000.0
2021-03-31,11268400000.0,6434800000.0,,,2199800000.0,8677000000.0,,72700000.0,2664100000.0,603800000.0,2060300000.0,4.82,4.8,427300000.0,428900000.0,1891500000.0,10500000.0,2765400000.0,,,,604500000.0,46752400000.0,0.0,701400000.0,2333800000.0,1212800000.0,475100000.0,54407700000.0,112200000.0,2000900000.0,200700000.0,44615200000.0,,,,806500000.0,48733800000.0,19307500000.0,-257700000.0,5673900000.0,54407700000.0,384700000.0,126400000.0,,,,,794000000.0,,,,2440500000.0,,,5159600000.0,,,,240200000.0,,-2366400000.0,,,12923700000.0,13068200000.0,570100000.0
2021-06-30,15005400000.0,8640300000.0,,,3040500000.0,11740500000.0,,96300000.0,3361200000.0,762700000.0,2598500000.0,6.1,6.07,426300000.0,428100000.0,2575200000.0,10400000.0,2727400000.0,,371500000.0,,533400000.0,40741800000.0,23500000.0,684500000.0,2338400000.0,1210100000.0,825800000.0,48772500000.0,141100000.0,1963300000.0,203900000.0,38094800000.0,362400000.0,,,834100000.0,43102400000.0,19451100000.0,10600000.0,5670100000.0,48772500000.0,510700000.0,175300000.0,-251100000.0,,,,1029400000.0,,,,3093300000.0,,,6238400000.0,,0.0,,327300000.0,,-3515000000.0,,,6437500000.0,6089600000.0,973700000.0
2021-09-30,3832300000.0,2222600000.0,,,719200000.0,2960300000.0,,28800000.0,900800000.0,200300000.0,700500000.0,1.66,1.65,421400000.0,423800000.0,1602100000.0,74300000.0,2769700000.0,,,,867500000.0,52047900000.0,0.0,648700000.0,2325800000.0,1211600000.0,817500000.0,59987200000.0,77800000.0,1796100000.0,191600000.0,49669900000.0,,,,813600000.0,54636500000.0,19754800000.0,-122900000.0,5350700000.0,59987200000.0,129100000.0,42300000.0,,,,,494200000.0,,,,121900000.0,,,,,,,93200000.0,,-1236400000.0,,,11184800000.0,10049100000.0,55000000.0
2021-12-31,7857700000.0,4563800000.0,,,1501500000.0,6102200000.0,,55400000.0,1810900000.0,416000000.0,1394900000.0,3.32,3.3,420600000.0,422900000.0,1745000000.0,19700000.0,2736000000.0,,,,735900000.0,51107300000.0,0.0,644500000.0,2330700000.0,1222500000.0,868000000.0,59102600000.0,103500000.0,1937000000.0,189400000.0,49084000000.0,,,,843600000.0,54053000000.0,20011800000.0,-328400000.0,5049600000.0,59102600000.0,255600000.0,97900000.0,,,,,668600000.0,,,,1215600000.0,,,,,11700000.0,,180700000.0,,-3468400000.0,,,9664700000.0,7391000000.0,365700000.0
2022-03-31,12370600000.0,7076000000.0,,,2319000000.0,9450300000.0,,80400000.0,3000700000.0,677300000.0,2323400000.0,5.53,5.51,419800000.0,422000000.0,1634200000.0,27600000.0,3250700000.0,,,,699300000.0,63903800000.0,0.0,650500000.0,2324100000.0,1327300000.0,910000000.0,72068100000.0,81700000.0,2100600000.0,197500000.0,63106500000.0,,,,954200000.0,67875200000.0,20504500000.0,-1262300000.0,4192900000.0,72068100000.0,384600000.0,146200000.0,,,,,936900000.0,,,,2186600000.0,,,,,11700000.0,,282300000.0,,-5963700000.0,,,22378700000.0,18587400000.0,587900000.0
2022-06-30,16498300000.0,9461900000.0,,,3233200000.0,12777000000.0,,82800000.0,3804100000.0,855200000.0,2948900000.0,7.04,7.0,418800000.0,421100000.0,1436300000.0,47000000.0,3170600000.0,,90400000.0,,628800000.0,54804900000.0,122100000.0,652600000.0,2300500000.0,1333100000.0,937400000.0,63068200000.0,110200000.0,2107800000.0,188200000.0,55158700000.0,335000000.0,,,924200000.0,59842900000.0,20696300000.0,-1993700000.0,3225300000.0,63068200000.0,515100000.0,201700000.0,36600000.0,,,,1258400000.0,,,,3099500000.0,,,4249700000.0,,11700000.0,,379000000.0,,-7014400000.0,,,13653400000.0,9639800000.0,856800000.0
2022-09-30,4215600000.0,2393600000.0,,,800300000.0,3245100000.0,,39500000.0,1010000000.0,231000000.0,779000000.0,1.88,1.87,414600000.0,416900000.0,1207700000.0,24400000.0,2939200000.0,,,,884000000.0,37968800000.0,167000000.0,645100000.0,2273400000.0,1368700000.0,1135000000.0,46364700000.0,82700000.0,2165100000.0,172300000.0,39166200000.0,,,,902100000.0,43788200000.0,21039000000.0,-2724100000.0,2576500000.0,46364700000.0,135100000.0,50600000.0,,,,,504000000.0,,,,718100000.0,,,,,,,86300000.0,,-1577600000.0,,,-16302600000.0,-17207000000.0,57500000.0
2022-12-31,8606600000.0,4844300000.0,,,1656100000.0,6608500000.0,,70000000.0,2068100000.0,475900000.0,1592200000.0,3.84,3.82,414400000.0,416600000.0,1345000000.0,16400000.0,3162300000.0,,,,875800000.0,46143600000.0,0.0,655100000.0,2315000000.0,1365600000.0,990900000.0,54453000000.0,85300000.0,2373300000.0,176800000.0,46813700000.0,,,,931600000.0,51466300000.0,21333000000.0,-2450900000.0,2986700000.0,54453000000.0,271900000.0,109000000.0,,,,,787900000.0,,,,1617800000.0,,,,,14400000.0,,178400000.0,,-1469400000.0,,,-9624300000.0,-9500500000.0,537100000.0
2023-03-31,13534400000.0,7468100000.0,,,2594200000.0,10208700000.0,,106300000.0,3432000000.0,796700000.0,2635300000.0,6.36,6.33,414200000.0,416200000.0,1828400000.0,26300000.0,3072100000.0,,,,769300000.0,51518200000.0,0.0,663500000.0,2335700000.0,1360300000.0,959900000.0,59881800000.0,74800000.0,2188600000.0,187100000.0,51536100000.0,,,,918700000.0,56188000000.0,21857800000.0,-2127800000.0,3693800000.0,59881800000.0,408900000.0,176600000.0,,,,,985700000.0,,,,3021900000.0,,,,,32400000.0,,285300000.0,,-2052800000.0,,,-5686200000.0,-4742400000.0,778800000.0
2023-06-30,18012200000.0,9953400000.0,,,3551400000.0,13758100000.0,,183500000.0,4437600000.0,1025600000.0,3412000000.0,8.25,8.21,413700000.0,415700000.0,2083500000.0,14700000.0,3009600000.0,,257500000.0,,743900000.0,42170600000.0,104600000.0,681400000.0,2339400000.0,1343600000.0,1255400000.0,50971000000.0,96800000.0,2342600000.0,188600000.0,42767600000.0,348100000.0,,,933700000.0,47461900000.0,22118000000.0,-2305800000.0,3509100000.0,50971000000.0,549300000.0,220400000.0,-80100000.0,,,,1357400000.0,,,,4207600000.0,,,4705500000.0,,32400000.0,,365300000.0,,-2517300000.0,,,-15680700000.0,-14011500000.0,1080700000.0
2023-09-30,4512400000.0,2515400000.0,,236500000.0,880300000.0,3487300000.0,,67700000.0,1092800000.0,233400000.0,859400000.0,2.09,2.08,411700000.0,413600000.0,1441400000.0,146800000.0,3095100000.0,,,,1180700000.0,40480100000.0,211200000.0,660400000.0,2352500000.0,1331800000.0,1352000000.0,49323600000.0,67400000.0,2292000000.0,182800000.0,41228700000.0,,,,893000000.0,45850800000.0,22455400000.0,-2467800000.0,3472800000.0,49323600000.0,141500000.0,58800000.0,,,,,304900000.0,,,,326500000.0,,,,,33600000.0,,87000000.0,,-216100000.0,,,-1903700000.0,-1809600000.0,87900000.0
2023-12-31,9180300000.0,5076900000.0,,465100000.0,1802800000.0,7076200000.0,,132500000.0,2236600000.0,498800000.0,1737800000.0,4.22,4.2,411400000.0,414000000.0,1641300000.0,24400000.0,3372400000.0,,,,1020600000.0,48543400000.0,0.0,671000000.0,2369800000.0,1315100000.0,995800000.0,57069400000.0,76800000.0,2634900000.0,188300000.0,48097700000.0,,,,918900000.0,52749800000.0,22757100000.0,-1745200000.0,4319600000.0,57069400000.0,281600000.0,132400000.0,,,,,313600000.0,,,,1358900000.0,,,,,33600000.0,,165700000.0,8500000.0,-77800000.0,,,3816100000.0,5107800000.0,590400000.0
2024-03-31,14434100000.0,7845100000.0,,707800000.0,2743600000.0,10847900000.0,,196800000.0,3783000000.0,860300000.0,2922700000.0,7.11,7.07,411100000.0,413600000.0,3291700000.0,0.0,3460700000.0,,,,957700000.0,55639600000.0,0.0,676500000.0,2355400000.0,1295300000.0,1014700000.0,64181600000.0,84600000.0,3714500000.0,189100000.0,54901900000.0,,,,935500000.0,59554900000.0,23366100000.0,-1851900000.0,4626700000.0,64181600000.0,426200000.0,188700000.0,,,,,225700000.0,,,,2857000000.0,,,,,33600000.0,,263200000.0,8500000.0,-1171800000.0,,,9683800000.0,11353300000.0,806100000.0
2024-06-30,19202600000.0,10476700000.0,,955700000.0,3778900000.0,14617000000.0,,286700000.0,4872300000.0,1120300000.0,3752000000.0,9.14,9.1,410600000.0,412200000.0,2913400000.0,384000000.0,3428200000.0,,135900000.0,,1204800000.0,45542500000.0,0.0,685600000.0,2353600000.0,1336000000.0,1102100000.0,54362700000.0,100600000.0,3350100000.0,199800000.0,45080000000.0,,,,990800000.0,49815100000.0,23622200000.0,-1808300000.0,4547600000.0,54362700000.0,561900000.0,243500000.0,-37400000.0,,,,157200000.0,,,,4157600000.0,,,6039500000.0,,33600000.0,,355000000.0,24500000.0,-1389000000.0,,,-1431700000.0,1314500000.0,1185200000.0
2024-09-30,4832700000.0,2633700000.0,,232600000.0,926700000.0,3698200000.0,,101700000.0,1236200000.0,279900000.0,956300000.0,2.34,2.34,407900000.0,409500000.0,2104900000.0,5242200000.0,3316700000.0,,,,1070500000.0,39911200000.0,940600000.0,692500000.0,2369000000.0,1330300000.0,923200000.0,49511400000.0,145200000.0,2973900000.0,188600000.0,39372400000.0,,,,977000000.0,44162800000.0,24001200000.0,-1100200000.0,5348600000.0,49511400000.0,138600000.0,60600000.0,,,,,217100000.0,,,,824400000.0,,,,,0.0,,80900000.0,3100000.0,-1644400000.0,,,-6491500000.0,-7294500000.0,64700000.0
