Date,Net sales,Cost of sales,Gross margin,Research and development,"Selling, general and administrative",Total operating expenses,Operating income,"Other income/(expense), net",Income before provision for income taxes,Provision for income taxes,Net income,Earnings per share basic,Earnings per share diluted,Weighted-average basic,Weighted-average diluted,Cash and cash equivalents,Short-term marketable securities,"Accounts receivable, net",Inventories,Deferred tax assets,Vendor non-trade receivables,Other current assets,Total current assets,Long-term marketable securities,"Property, Plant and Equipment, Net",Goodwill,"Acquired intangible assets, net","Other Assets, Noncurrent",Total assets,accounts payable,Accrued expenses,Deferred revenue,Total current liabilities,Deferred revenue - non-current,deferred tax liabilities,long term taxes payable,Total other non-current liabilities,Total liabilities,Retained Earnings (Accumulated Deficit),Accumulated other comprehensive (loss)/income,Total shareholders equity,Total liabilities and shareholders' equity,"Depreciation, amortization and accretion",Stock-based compensation expense,Deferred income tax expense,"Increase (Decrease) in Accounts receivable, net",Increase (Decrease) in Inventories,Increase (Decrease) in Other Receivables,Increase (Decrease) in Other Operating Assets,Increase (Decrease) in Accounts Payable,Increase (Decrease) in Deferred Revenue,Increase (Decrease) Other liabilities,Cash generated by operating activities,Purchases of marketable securities,Proceeds from maturities of marketable securities,Proceeds from sales of marketable securities,Purchases of other long-term investments,"Business acquisitions, net of cash acquired",Cash payments for capital asset purchases,Payments for acquisition of intangible assets,Payments for (Proceeds from) Other Investing Activities,Cash used in investing activities,Proceeds from issuance of common stock,Excess tax benefits from stock-based compensation,Cash generated/used in financing activities,Increase/(decrease) in cash and cash equivalents,"Cash paid for income taxes, net"
2010-01-31,1713700000.0,191800000.0,1521900000.0,457500000.0,,1456300000.0,65600000.0,,84700000.0,26700000.0,58000000.0,0.25,0.25,228700000.0,232100000.0,838700000.0,161900000.0,277400000.0,,44200000.0,,,1379600000.0,125600000.0,101600000.0,542900000.0,88000000.0,107600000.0,2447200000.0,67800000.0,,444600000.0,704000000.0,71900000.0,0.0,127200000.0,70600000.0,,272700000.0,-3500000.0,1473500000.0,2447200000.0,,93600000.0,,-37300000.0,,,,,-34000000.0,,246800000.0,,328700000.0,26400000.0,,18800000.0,39000000.0,,,-283000000.0,70000000.0,,-45300000.0,-78900000.0,
2010-04-30,474600000.0,51300000.0,423300000.0,127200000.0,,372500000.0,50800000.0,,47400000.0,10500000.0,36900000.0,0.16,0.16,229000000.0,234600000.0,938100000.0,121700000.0,218100000.0,,43800000.0,,,1394000000.0,179500000.0,95500000.0,540300000.0,80100000.0,99900000.0,2501700000.0,90400000.0,,470600000.0,711000000.0,73100000.0,,131100000.0,72400000.0,,277600000.0,-1100000.0,1514100000.0,2501700000.0,,24300000.0,,,,,,,,,139100000.0,,94100000.0,29700000.0,,,5800000.0,,,-16500000.0,36200000.0,,-22600000.0,99400000.0,
2010-07-31,947400000.0,99700000.0,847700000.0,246500000.0,,717100000.0,130600000.0,,127300000.0,30500000.0,96800000.0,0.42,0.41,228500000.0,234500000.0,850000000.0,236600000.0,231000000.0,,156700000.0,,,1417400000.0,184100000.0,88500000.0,545700000.0,73600000.0,102600000.0,2525000000.0,79000000.0,,454200000.0,723100000.0,71900000.0,,135100000.0,69100000.0,,303600000.0,-2900000.0,1525800000.0,2525000000.0,,45300000.0,,,,,,,,,250600000.0,,135800000.0,52800000.0,,8500000.0,11100000.0,,500000.0,-150200000.0,40100000.0,,-89100000.0,11300000.0,
2010-10-31,1424100000.0,148200000.0,1275900000.0,369300000.0,,1076100000.0,199800000.0,,199000000.0,48600000.0,150400000.0,0.66,0.64,227900000.0,233400000.0,904300000.0,232500000.0,240100000.0,,152400000.0,,,1470800000.0,199800000.0,84800000.0,549700000.0,65300000.0,103000000.0,2581100000.0,86100000.0,,430000000.0,734700000.0,77100000.0,,139200000.0,74000000.0,,318000000.0,-4000000.0,1556100000.0,2581100000.0,,62300000.0,,,,,,,,,364900000.0,,201300000.0,85900000.0,,8500000.0,18100000.0,,500000.0,-169200000.0,76400000.0,,-127700000.0,65600000.0,
2011-01-31,1951800000.0,196600000.0,1755200000.0,496200000.0,,1483800000.0,271400000.0,,272000000.0,60000000.0,212000000.0,0.93,0.9,227600000.0,234200000.0,1075100000.0,199200000.0,318400000.0,,147500000.0,,,1714300000.0,192600000.0,84500000.0,554100000.0,57200000.0,94200000.0,2787600000.0,76800000.0,,496200000.0,869800000.0,91700000.0,,139100000.0,77700000.0,,342700000.0,-600000.0,1609300000.0,2787600000.0,105400000.0,80700000.0,,40700000.0,,,,,71500000.0,,540800000.0,,275400000.0,135300000.0,,13500000.0,28300000.0,,,-142300000.0,120900000.0,,-159400000.0,236400000.0,
2011-04-30,528300000.0,54600000.0,473700000.0,136600000.0,,395100000.0,78600000.0,,84500000.0,15200000.0,69300000.0,0.3,0.29,228200000.0,237100000.0,1091400000.0,258400000.0,271000000.0,,141800000.0,,,1732400000.0,175900000.0,99800000.0,605700000.0,62800000.0,122900000.0,2902200000.0,101700000.0,,518900000.0,819500000.0,103500000.0,,144000000.0,84000000.0,,382900000.0,4800000.0,1751200000.0,2902200000.0,,25900000.0,,,,,,,,,128400000.0,,96500000.0,34600000.0,,76200000.0,23400000.0,,14500000.0,-152700000.0,111300000.0,,42700000.0,16300000.0,
2011-07-31,1074600000.0,112000000.0,962600000.0,275800000.0,,789000000.0,173600000.0,,178700000.0,38200000.0,140500000.0,0.61,0.59,229400000.0,236900000.0,1131500000.0,241800000.0,297000000.0,,154100000.0,,,1778800000.0,179200000.0,105200000.0,607400000.0,69400000.0,114900000.0,2973700000.0,89800000.0,,525300000.0,827100000.0,117100000.0,,157400000.0,83000000.0,,418300000.0,14300000.0,1789100000.0,2973700000.0,,53200000.0,,,,,,,,,260600000.0,,220700000.0,61600000.0,,81200000.0,53000000.0,,15100000.0,-174800000.0,129600000.0,13500000.0,-26300000.0,56400000.0,
2011-10-31,1623200000.0,171600000.0,1451600000.0,417000000.0,,1187800000.0,263800000.0,,270000000.0,56700000.0,213300000.0,0.93,0.91,228200000.0,233700000.0,1103300000.0,240300000.0,259200000.0,,172900000.0,,,1698600000.0,190600000.0,102100000.0,653900000.0,90400000.0,130700000.0,3005000000.0,81900000.0,,499900000.0,813600000.0,120000000.0,,161300000.0,82600000.0,,464200000.0,3400000.0,1827500000.0,3005000000.0,,78800000.0,,,,,,,,,398300000.0,,307000000.0,110800000.0,,142600000.0,88800000.0,,23500000.0,-293100000.0,156300000.0,33000000.0,-74400000.0,28200000.0,
2012-01-31,2215600000.0,229100000.0,1986500000.0,566500000.0,,1630900000.0,355600000.0,,362900000.0,77600000.0,285300000.0,1.25,1.22,227700000.0,233300000.0,1156900000.0,254400000.0,395100000.0,,165900000.0,,,1895900000.0,192800000.0,104500000.0,682400000.0,84600000.0,131800000.0,3227800000.0,89300000.0,,582300000.0,954100000.0,136900000.0,,174800000.0,79100000.0,,511600000.0,5900000.0,1882900000.0,3227800000.0,115500000.0,108800000.0,,71800000.0,,,,,129600000.0,,573500000.0,,409600000.0,149500000.0,,221700000.0,,,,-370300000.0,176100000.0,31500000.0,-119800000.0,81800000.0,
2012-04-30,588600000.0,58800000.0,529800000.0,152700000.0,,435800000.0,94000000.0,,97500000.0,18600000.0,78900000.0,0.35,0.34,228100000.0,234100000.0,1074500000.0,437500000.0,300600000.0,,168000000.0,,,1912100000.0,284100000.0,104000000.0,682900000.0,74800000.0,129800000.0,3317000000.0,88900000.0,,584700000.0,875500000.0,142200000.0,,171700000.0,82300000.0,,545400000.0,3700000.0,2045300000.0,3317000000.0,,33400000.0,,,,,,,,,139300000.0,,128500000.0,48800000.0,,0.0,11500000.0,,5000000.0,-287000000.0,153000000.0,9900000.0,63700000.0,-82400000.0,
2012-07-31,1157300000.0,118600000.0,1038700000.0,297600000.0,,851800000.0,186900000.0,,189600000.0,46100000.0,143500000.0,0.63,0.62,228000000.0,233100000.0,930200000.0,500500000.0,361400000.0,,181600000.0,,,1902700000.0,286100000.0,109000000.0,739200000.0,71400000.0,130700000.0,3375900000.0,82900000.0,,590900000.0,901400000.0,161100000.0,,179000000.0,83100000.0,,593400000.0,600000.0,2051300000.0,3375900000.0,,66900000.0,,,,,,,,,246400000.0,,250500000.0,138900000.0,,69200000.0,28200000.0,,18000000.0,-451300000.0,158800000.0,28100000.0,-23400000.0,-226700000.0,
2013-01-31,2312200000.0,238500000.0,2073700000.0,600000000.0,,1767800000.0,305900000.0,,310000000.0,62600000.0,247400000.0,1.09,1.07,226400000.0,231700000.0,1612200000.0,342100000.0,495100000.0,,165000000.0,,,2552400000.0,411100000.0,114900000.0,871500000.0,76000000.0,159700000.0,4308400000.0,94200000.0,,647000000.0,1043700000.0,187600000.0,,194200000.0,94100000.0,,599100000.0,-5700000.0,2043200000.0,4308400000.0,127800000.0,156300000.0,,98100000.0,,,,,113300000.0,,559100000.0,,764800000.0,332900000.0,,263700000.0,,,,-647200000.0,220200000.0,12900000.0,541400000.0,455300000.0,
2013-04-30,570400000.0,67500000.0,502900000.0,150800000.0,,421500000.0,81400000.0,,72600000.0,17000000.0,55600000.0,0.25,0.24,223800000.0,229300000.0,1655800000.0,432100000.0,285800000.0,,190300000.0,,,2511100000.0,392000000.0,129000000.0,895700000.0,69200000.0,158400000.0,4289700000.0,86100000.0,,663700000.0,979800000.0,187700000.0,,193300000.0,98600000.0,,587000000.0,-2000000.0,2084500000.0,4289700000.0,,33500000.0,,,,,,,,,224100000.0,,68900000.0,128100000.0,,34700000.0,25800000.0,,3600000.0,-131700000.0,70000000.0,9000000.0,-50200000.0,43600000.0,
2013-07-31,1132100000.0,135300000.0,996800000.0,299700000.0,,831800000.0,165000000.0,,154400000.0,37100000.0,117300000.0,0.52,0.51,223600000.0,229300000.0,1401000000.0,596900000.0,303900000.0,,176900000.0,,,2436500000.0,410100000.0,133400000.0,903200000.0,63100000.0,151700000.0,4223300000.0,74400000.0,,636900000.0,955900000.0,168600000.0,,203400000.0,98300000.0,,602800000.0,-7500000.0,2051100000.0,4223300000.0,,64600000.0,,,,,,,,,289400000.0,,231900000.0,215100000.0,,47200000.0,42600000.0,,5400000.0,-345500000.0,79800000.0,3200000.0,-156800000.0,-211200000.0,
2013-10-31,1687300000.0,202400000.0,1484900000.0,448700000.0,,1251800000.0,233100000.0,,223600000.0,48700000.0,174900000.0,0.78,0.77,223400000.0,228600000.0,1473400000.0,587100000.0,304100000.0,,171800000.0,,,2517900000.0,418500000.0,134100000.0,922300000.0,54300000.0,156100000.0,4321500000.0,75300000.0,,610800000.0,948100000.0,154900000.0,,209000000.0,101400000.0,,630900000.0,-4100000.0,2161900000.0,4321500000.0,,96100000.0,,,,,,,,,380000000.0,,395100000.0,329900000.0,,68000000.0,55000000.0,,15700000.0,-383500000.0,183400000.0,-800000.0,-136100000.0,-138800000.0,
2014-01-31,2273900000.0,274300000.0,1999600000.0,611100000.0,,1714800000.0,284800000.0,,279900000.0,51100000.0,228800000.0,1.02,1.0,224000000.0,229600000.0,1853000000.0,414100000.0,423700000.0,,187900000.0,,,2835000000.0,277300000.0,130300000.0,1009900000.0,63100000.0,148300000.0,4595000000.0,84500000.0,,696200000.0,1071500000.0,204400000.0,,211800000.0,99400000.0,,624800000.0,-600000.0,2261500000.0,4595000000.0,128900000.0,132200000.0,,-72300000.0,,,,,66000000.0,,563500000.0,,742100000.0,537000000.0,,176100000.0,,,,-194000000.0,288200000.0,9100000.0,-126500000.0,240800000.0,75700000.0
2014-04-30,592500000.0,78700000.0,513800000.0,170500000.0,,471600000.0,42200000.0,,35600000.0,7300000.0,28300000.0,0.12,0.12,227000000.0,231600000.0,1609600000.0,510100000.0,323300000.0,,148100000.0,,,2590300000.0,268200000.0,142100000.0,1263000000.0,89400000.0,202000000.0,4648600000.0,90300000.0,,749700000.0,1118700000.0,213800000.0,,170500000.0,110300000.0,,600000000.0,5600000.0,2288700000.0,4648600000.0,,33600000.0,,,,,,,,,218700000.0,,163100000.0,59200000.0,,322300000.0,14500000.0,,800000.0,-421700000.0,62200000.0,0.0,-40300000.0,-243400000.0,
2014-07-31,1229600000.0,166600000.0,1063000000.0,349800000.0,,970900000.0,92100000.0,,78500000.0,18900000.0,59600000.0,0.26,0.26,227300000.0,232400000.0,1323100000.0,583300000.0,365300000.0,,163100000.0,,,2450000000.0,262100000.0,146900000.0,1447600000.0,100700000.0,209300000.0,4703400000.0,92400000.0,,763000000.0,1157300000.0,217800000.0,,186800000.0,111300000.0,,584000000.0,2300000.0,2283400000.0,4703400000.0,,73400000.0,,,,,,,,,314900000.0,,407100000.0,127300000.0,,548300000.0,31600000.0,,700000.0,-730400000.0,91300000.0,0.0,-114700000.0,-529900000.0,
2014-10-31,1847600000.0,252600000.0,1595000000.0,533700000.0,,1488300000.0,106700000.0,,90100000.0,19800000.0,70300000.0,0.31,0.3,227100000.0,231900000.0,1345000000.0,556400000.0,375700000.0,,178400000.0,,,2458700000.0,255500000.0,160400000.0,1474100000.0,97200000.0,193200000.0,4736800000.0,99100000.0,,775100000.0,1193300000.0,231100000.0,,182000000.0,114900000.0,,538600000.0,-1300000.0,2268500000.0,4736800000.0,,116500000.0,,,,,,,,,450900000.0,,623200000.0,160700000.0,,603800000.0,60000000.0,,-1200000.0,-777700000.0,129600000.0,0.0,-179700000.0,-508000000.0,
2015-01-31,2512200000.0,342100000.0,2170100000.0,725200000.0,,2049400000.0,120700000.0,,83000000.0,-18600000.0,81800000.0,0.36,0.35,227100000.0,232400000.0,1410600000.0,615800000.0,458900000.0,,185100000.0,,,2671300000.0,273000000.0,159200000.0,1456200000.0,86500000.0,167600000.0,4913800000.0,100500000.0,,900800000.0,1400100000.0,256300000.0,,158800000.0,132200000.0,,499400000.0,-53300000.0,2219200000.0,4913800000.0,145900000.0,165600000.0,,17300000.0,,,,,245200000.0,,708100000.0,,969000000.0,190000000.0,,630000000.0,,,,-905600000.0,135400000.0,500000.0,-239900000.0,-442400000.0,63400000.0
2015-04-30,646500000.0,91800000.0,554700000.0,194500000.0,,533200000.0,21500000.0,,21800000.0,2700000.0,19100000.0,0.08,0.08,227200000.0,231700000.0,1182700000.0,648200000.0,316000000.0,,188000000.0,,,2341000000.0,440300000.0,156900000.0,1476100000.0,84800000.0,170000000.0,4775900000.0,93100000.0,,893400000.0,1270300000.0,260300000.0,,139600000.0,133900000.0,,464200000.0,-56000000.0,2224400000.0,4775900000.0,,50200000.0,,-143100000.0,,,,,,,86500000.0,,192400000.0,97500000.0,,34500000.0,12500000.0,,10600000.0,-252900000.0,34100000.0,,-61300000.0,-227900000.0,
2015-07-31,1256000000.0,184800000.0,1071200000.0,387600000.0,,1045400000.0,25800000.0,,22700000.0,239100000.0,-235500000.0,-1.04,-1.04,227100000.0,227100000.0,1473100000.0,916800000.0,394100000.0,,10000000.0,,,2899800000.0,562500000.0,158200000.0,1473800000.0,73200000.0,170100000.0,5341800000.0,90800000.0,,881600000.0,1313800000.0,354700000.0,28900000.0,124000000.0,132100000.0,,164400000.0,-70300000.0,1902100000.0,5341800000.0,,90900000.0,,-64400000.0,,,,,,,163700000.0,,541000000.0,187000000.0,,37500000.0,29800000.0,,13100000.0,-666600000.0,33200000.0,,567500000.0,62500000.0,
2015-10-31,1855800000.0,275800000.0,1580000000.0,585500000.0,,1569000000.0,-14800000.0,,-22500000.0,293500000.0,-293300000.0,-1.29,-1.29,226500000.0,226500000.0,1337500000.0,946800000.0,362300000.0,,10200000.0,,,2747500000.0,540100000.0,155300000.0,1515000000.0,76100000.0,181600000.0,5220000000.0,104600000.0,,877000000.0,1311200000.0,335300000.0,54900000.0,163800000.0,134800000.0,,9700000.0,-86500000.0,1733100000.0,5220000000.0,,141100000.0,,-97400000.0,,,,,,,244100000.0,,970700000.0,263000000.0,,104600000.0,41800000.0,,15500000.0,-756100000.0,57000000.0,,441300000.0,-73100000.0,
2016-01-31,2504100000.0,370700000.0,2133400000.0,790000000.0,,2132100000.0,-9700000.0,,-20300000.0,310200000.0,-330500000.0,-1.46,-1.46,226000000.0,226000000.0,1353000000.0,897900000.0,653600000.0,,18100000.0,,,2993100000.0,532300000.0,169300000.0,1535000000.0,70800000.0,205600000.0,5515300000.0,119900000.0,,1068900000.0,1591000000.0,450300000.0,67700000.0,161400000.0,137600000.0,,-80800000.0,-121100000.0,1619600000.0,5515300000.0,145800000.0,197200000.0,,195500000.0,,,,,360500000.0,,414000000.0,,1376600000.0,329400000.0,,148500000.0,,,,-809500000.0,110800000.0,0.0,343200000.0,-57600000.0,59100000.0
2016-04-30,511900000.0,92500000.0,419400000.0,195500000.0,,574400000.0,-155000000.0,,-158600000.0,14400000.0,-173000000.0,-0.77,-0.77,224400000.0,224400000.0,1223400000.0,1043900000.0,256400000.0,,,,,2629000000.0,538900000.0,174900000.0,1580500000.0,70000000.0,202500000.0,5205600000.0,107200000.0,,1091800000.0,1474500000.0,431900000.0,78100000.0,153800000.0,143000000.0,,-308200000.0,-121500000.0,1435900000.0,5205600000.0,,56900000.0,,-397400000.0,,,,,,,164400000.0,,322600000.0,107600000.0,,59600000.0,22300000.0,,1000000.0,-230200000.0,51200000.0,,-67200000.0,-129600000.0,
2016-07-31,1062600000.0,177500000.0,885100000.0,386500000.0,,1097700000.0,-212600000.0,,-226300000.0,39600000.0,-265900000.0,-1.19,-1.19,223800000.0,223800000.0,1467300000.0,597600000.0,306900000.0,,,,,2486500000.0,505600000.0,173000000.0,1597400000.0,66600000.0,208500000.0,5047400000.0,110300000.0,,1107100000.0,1559600000.0,412900000.0,66600000.0,42700000.0,144700000.0,,-395600000.0,-129800000.0,1331700000.0,5047400000.0,,105900000.0,,-346900000.0,,,,,,,146400000.0,,791300000.0,354700000.0,,85200000.0,42600000.0,,6700000.0,200600000.0,54200000.0,,-235700000.0,114300000.0,
2016-10-31,1552200000.0,259000000.0,1293200000.0,579100000.0,,1625700000.0,-332500000.0,,-355600000.0,53100000.0,-408700000.0,-1.83,-1.83,223300000.0,223300000.0,1436500000.0,532400000.0,259800000.0,,,,,2332100000.0,455000000.0,168300000.0,1557300000.0,53900000.0,213000000.0,4829200000.0,102800000.0,,1099100000.0,1597600000.0,433900000.0,75900000.0,40000000.0,131300000.0,,-634700000.0,-187500000.0,1060600000.0,4829200000.0,,162500000.0,,-393800000.0,,,,,,,154100000.0,,1012600000.0,544700000.0,,85200000.0,65100000.0,,14800000.0,285800000.0,102200000.0,,-354300000.0,83500000.0,
2017-01-31,2031000000.0,341900000.0,1689100000.0,766100000.0,,2188700000.0,-499600000.0,,-523800000.0,58300000.0,-582100000.0,-2.61,-2.61,222700000.0,222700000.0,1213100000.0,686800000.0,452300000.0,,42500000.0,,,2460600000.0,306200000.0,158600000.0,1561100000.0,45700000.0,202000000.0,4798100000.0,93500000.0,,1270100000.0,2185400000.0,517900000.0,91500000.0,39300000.0,138400000.0,,-964200000.0,-178500000.0,733600000.0,4798100000.0,,221800000.0,,-201500000.0,,,,,267000000.0,,169700000.0,,1057200000.0,1257700000.0,,85200000.0,,,,272000000.0,119600000.0,,-578300000.0,-139900000.0,77700000.0
2017-04-30,485700000.0,78200000.0,407500000.0,187700000.0,,527100000.0,-119600000.0,,-121400000.0,8200000.0,-129600000.0,-0.59,-0.59,219900000.0,219900000.0,1340200000.0,471100000.0,231500000.0,,,,,2139700000.0,264400000.0,150400000.0,1570700000.0,41100000.0,201100000.0,4431400000.0,93400000.0,,1291500000.0,2049600000.0,510000000.0,91700000.0,32100000.0,147500000.0,,-1224600000.0,-166300000.0,508100000.0,4431400000.0,,66800000.0,,-220900000.0,,,,,,,45200000.0,,282600000.0,100000000.0,,0.0,8600000.0,,-3900000.0,258500000.0,50100000.0,,-178800000.0,127100000.0,
2017-07-31,987500000.0,152800000.0,834700000.0,381500000.0,,1061900000.0,-227200000.0,,-247800000.0,25800000.0,-273600000.0,-1.25,-1.25,219700000.0,219700000.0,1174100000.0,533600000.0,265600000.0,,,,,2083300000.0,236000000.0,153000000.0,1588600000.0,34000000.0,192900000.0,4354000000.0,93000000.0,,1308500000.0,1701700000.0,467500000.0,100900000.0,33200000.0,150300000.0,,-1466400000.0,-152900000.0,315500000.0,4354000000.0,,134400000.0,,-185500000.0,,,,,,,-27300000.0,,420300000.0,110800000.0,,0.0,26400000.0,,4300000.0,200700000.0,55900000.0,,-218000000.0,-39000000.0,
2017-10-31,1502800000.0,230300000.0,1272500000.0,573300000.0,,1599700000.0,-327200000.0,,-359000000.0,34400000.0,-393400000.0,-1.79,-1.79,219700000.0,219700000.0,1025200000.0,428700000.0,307800000.0,,,,,1871900000.0,264300000.0,148100000.0,1588700000.0,29900000.0,184400000.0,4152000000.0,93300000.0,,1333100000.0,1750000000.0,430800000.0,97900000.0,31300000.0,149300000.0,,-1668000000.0,-155500000.0,107300000.0,4152000000.0,,199500000.0,,-143300000.0,,,,,,,-78400000.0,,530100000.0,199200000.0,,0.0,39300000.0,,11500000.0,258900000.0,93200000.0,,-374200000.0,-187900000.0,
2018-01-31,2056600000.0,303400000.0,1753200000.0,755500000.0,,2262300000.0,-509100000.0,,-557300000.0,-24800000.0,-566900000.0,-2.58,-2.58,219500000.0,219500000.0,1078000000.0,245200000.0,438200000.0,,15100000.0,,,1877900000.0,190800000.0,145000000.0,1620200000.0,27100000.0,170900000.0,4113600000.0,94700000.0,,1551600000.0,2123200000.0,403500000.0,,41600000.0,148700000.0,,-2084900000.0,-123800000.0,-256000000.0,4113600000.0,,261400000.0,,-13300000.0,,,,,168300000.0,,900000.0,,594300000.0,489000000.0,,0.0,,,,506400000.0,94400000.0,,-656600000.0,-135100000.0,84500000.0
2018-04-30,559900000.0,66800000.0,493100000.0,172800000.0,,548400000.0,-55300000.0,,-63800000.0,18600000.0,-82400000.0,-0.38,-0.38,218600000.0,218600000.0,1093000000.0,199900000.0,206700000.0,,,,,1698000000.0,171500000.0,158200000.0,1604900000.0,23100000.0,188700000.0,3911400000.0,103500000.0,,1469200000.0,1852600000.0,,,41700000.0,137100000.0,,-1995800000.0,-133800000.0,-128600000.0,3911400000.0,,54400000.0,,-231400000.0,,,,,,,-16900000.0,,68600000.0,6200000.0,,,16700000.0,,600000.0,47600000.0,49100000.0,,-11700000.0,15000000.0,
2018-07-31,1171600000.0,136600000.0,1035000000.0,353600000.0,,1115000000.0,-80000000.0,,-87200000.0,34600000.0,-121800000.0,-0.56,-0.56,219000000.0,219000000.0,895400000.0,274400000.0,234400000.0,,,,,1598800000.0,128100000.0,146800000.0,1658700000.0,23700000.0,195400000.0,3833000000.0,82200000.0,,1491500000.0,1915100000.0,,,41500000.0,134600000.0,,-2103200000.0,-150900000.0,-241600000.0,3833000000.0,,111300000.0,,-204200000.0,,,,,,,26400000.0,,119600000.0,27000000.0,,34100000.0,36700000.0,,6000000.0,-40300000.0,50400000.0,,-157300000.0,-182600000.0,
2018-10-31,1832500000.0,208900000.0,1623600000.0,534600000.0,,1688900000.0,-65300000.0,,-75700000.0,69800000.0,-145500000.0,-0.67,-0.67,218900000.0,218900000.0,875700000.0,202500000.0,309000000.0,,,,,1590000000.0,114800000.0,144700000.0,1645300000.0,19800000.0,188100000.0,3774400000.0,88600000.0,,1517600000.0,1985500000.0,,,40900000.0,127500000.0,,-2189900000.0,-157500000.0,-338300000.0,3774400000.0,,175500000.0,,-129400000.0,,,,,,,65600000.0,,194900000.0,61300000.0,,34100000.0,49400000.0,,-2300000.0,39700000.0,90100000.0,,-291900000.0,-202300000.0,
2019-01-31,2569800000.0,285900000.0,2283900000.0,725000000.0,,2308900000.0,40300000.0,,-42700000.0,38100000.0,-80800000.0,-0.37,-0.37,218900000.0,218900000.0,886000000.0,67600000.0,474300000.0,,53100000.0,,,1620000000.0,0.0,149700000.0,2450800000.0,105600000.0,337800000.0,4729200000.0,101600000.0,,1763300000.0,2301200000.0,,,21500000.0,121800000.0,,-2147400000.0,-135000000.0,-210900000.0,4729200000.0,,249500000.0,,25400000.0,,,,,197000000.0,,377100000.0,,211400000.0,319600000.0,,1040200000.0,,,-4000000.0,-710400000.0,90900000.0,,151900000.0,-192000000.0,78000000.0
2019-04-30,735500000.0,82700000.0,652800000.0,205600000.0,,628000000.0,24800000.0,,8600000.0,32800000.0,-24200000.0,-0.11,-0.11,219600000.0,219600000.0,883200000.0,88900000.0,268100000.0,,,,,1422300000.0,,152600000.0,2446200000.0,96300000.0,326800000.0,4808500000.0,98000000.0,,1777500000.0,2220700000.0,,,18400000.0,115900000.0,,-2226800000.0,-141600000.0,-245300000.0,4808500000.0,,75200000.0,,-206200000.0,,,,,,,221200000.0,,0.0,4600000.0,,,14700000.0,,-700000.0,-29200000.0,46900000.0,,-192400000.0,-2800000.0,
2019-07-31,1532300000.0,162200000.0,1370100000.0,421000000.0,,1271500000.0,98600000.0,,75100000.0,59100000.0,40200000.0,0.18,0.18,219600000.0,222400000.0,923900000.0,67400000.0,347400000.0,,,,,1515500000.0,,151400000.0,2431800000.0,87600000.0,341300000.0,4872700000.0,93000000.0,,1772100000.0,2707300000.0,,,19500000.0,116000000.0,,-2224300000.0,-170700000.0,-194300000.0,4872700000.0,,163400000.0,,-125800000.0,,,,,,,440500000.0,,5000000.0,22400000.0,,0.0,29500000.0,,10500000.0,-32500000.0,49700000.0,,-366100000.0,37900000.0,
2019-10-31,2375000000.0,241700000.0,2133300000.0,634000000.0,,1924100000.0,209200000.0,,171500000.0,88800000.0,82700000.0,0.38,0.37,219700000.0,222100000.0,956200000.0,68300000.0,520300000.0,,,,,1706800000.0,,151500000.0,2443600000.0,79200000.0,334200000.0,5036600000.0,106100000.0,,1822000000.0,2840200000.0,,,19400000.0,116600000.0,,-2240300000.0,-156300000.0,-171500000.0,5036600000.0,,257400000.0,,47200000.0,,,,,,,716900000.0,,5000000.0,22400000.0,,0.0,39200000.0,,11000000.0,-42700000.0,91800000.0,,-600000000.0,70200000.0,
2020-01-31,3274300000.0,324900000.0,2949400000.0,851100000.0,,2606400000.0,343000000.0,,294800000.0,80300000.0,214500000.0,0.98,0.96,219700000.0,222500000.0,1774700000.0,69000000.0,652300000.0,,152600000.0,,,2659300000.0,,161700000.0,2445000000.0,70900000.0,347200000.0,6179300000.0,83700000.0,,2176100000.0,3219200000.0,,,19100000.0,119800000.0,,-2295800000.0,-160300000.0,-139100000.0,6179300000.0,,362400000.0,,178500000.0,,,,,916700000.0,,1415100000.0,,5000000.0,22400000.0,,0.0,,,11600000.0,-57300000.0,93700000.0,,-466800000.0,888700000.0,60300000.0
2020-04-30,885700000.0,81900000.0,803800000.0,217400000.0,,673200000.0,130600000.0,,90500000.0,24000000.0,66500000.0,0.3,0.3,219200000.0,221300000.0,1389700000.0,77200000.0,356500000.0,,,,,2024300000.0,,164200000.0,2430200000.0,67000000.0,382700000.0,5543900000.0,85200000.0,,2163900000.0,2578300000.0,,,18900000.0,126000000.0,,-2361300000.0,-179100000.0,-139100000.0,5543900000.0,,98200000.0,,-295500000.0,,,,,-1100000.0,,327300000.0,,,0.0,,,19900000.0,3600000.0,43500000.0,-78000000.0,56800000.0,,-630200000.0,-385000000.0,
2020-07-31,1798800000.0,162800000.0,1636000000.0,449900000.0,,1359300000.0,276700000.0,,219500000.0,54800000.0,164700000.0,0.75,0.74,219200000.0,222200000.0,1439800000.0,79700000.0,490100000.0,,,,,2203900000.0,,177800000.0,2459100000.0,61000000.0,377800000.0,5747300000.0,99200000.0,,2102100000.0,2619600000.0,,,20200000.0,144100000.0,,-2270900000.0,-154500000.0,67300000.0,5747300000.0,,194100000.0,,-162700000.0,,,,,-130000000.0,,418500000.0,,11000000.0,0.0,,,46700000.0,4800000.0,54300000.0,-111800000.0,58500000.0,,-642600000.0,-334900000.0,
2020-10-31,2751200000.0,246500000.0,2504700000.0,682900000.0,,2060000000.0,444700000.0,,375600000.0,78700000.0,296900000.0,1.35,1.34,219600000.0,222300000.0,1537000000.0,78500000.0,540400000.0,,,,,2339800000.0,,191500000.0,2484200000.0,65400000.0,392900000.0,5944500000.0,121300000.0,,2161500000.0,2811600000.0,,,20400000.0,152000000.0,,-2281400000.0,-156400000.0,69300000.0,5944500000.0,,291500000.0,,-112800000.0,,,,,-78300000.0,,779600000.0,,17000000.0,0.0,,44800000.0,67600000.0,4800000.0,55500000.0,-176700000.0,112900000.0,,-844000000.0,-237700000.0,
2021-01-31,3790400000.0,337100000.0,3453300000.0,932500000.0,,2824200000.0,629100000.0,,546700000.0,-740200000.0,1208200000.0,5.51,5.44,219400000.0,222100000.0,1772200000.0,85000000.0,643100000.0,,751700000.0,,,2699200000.0,,192800000.0,2706500000.0,88600000.0,412900000.0,7279800000.0,122500000.0,,2500900000.0,3254700000.0,,,15900000.0,139800000.0,,-1487500000.0,-125900000.0,965500000.0,7279800000.0,,398400000.0,,-12600000.0,,,,,344400000.0,,1437200000.0,,17000000.0,0.0,,246200000.0,91100000.0,4800000.0,57800000.0,-403900000.0,114100000.0,,-1046800000.0,-2500000.0,92800000.0
2021-04-30,989300000.0,92800000.0,896500000.0,265500000.0,,762700000.0,133800000.0,,131400000.0,-24200000.0,155600000.0,0.71,0.7,219600000.0,222000000.0,923200000.0,0.0,326100000.0,,,,,1505400000.0,,197300000.0,3484000000.0,173900000.0,792500000.0,7298300000.0,124000000.0,,2540700000.0,3130100000.0,,,19700000.0,145200000.0,,-1409300000.0,-101700000.0,1128400000.0,7298300000.0,,115800000.0,,-324400000.0,,,,,-27500000.0,,336100000.0,,,,,1031600000.0,20300000.0,900000.0,-8400000.0,-1040400000.0,64200000.0,,-142100000.0,-849000000.0,
2021-07-31,2049000000.0,198200000.0,1850800000.0,542400000.0,,1568900000.0,281900000.0,,270200000.0,23200000.0,271200000.0,1.23,1.22,219800000.0,222500000.0,923500000.0,1400000.0,357800000.0,,,,,1546000000.0,,198300000.0,3562200000.0,511300000.0,478900000.0,7420600000.0,108400000.0,,2521000000.0,3087400000.0,,,21100000.0,147200000.0,,-1339500000.0,-113400000.0,1327800000.0,7420600000.0,,266000000.0,,-292600000.0,,,,,-70600000.0,,538100000.0,,,,,1154600000.0,36100000.0,7700000.0,-8000000.0,-1186400000.0,64700000.0,,-195900000.0,-848700000.0,
2021-10-31,3174800000.0,305300000.0,2869500000.0,824500000.0,,2394300000.0,475200000.0,,457600000.0,50700000.0,407900000.0,1.86,1.83,220000000.0,222500000.0,1748900000.0,43200000.0,580300000.0,,,,,2654800000.0,19700000.0,193600000.0,3579200000.0,498200000.0,483300000.0,8531000000.0,133600000.0,,2563000000.0,3281500000.0,,,22000000.0,155900000.0,,-1439100000.0,-102400000.0,1279900000.0,8531000000.0,,409800000.0,,-70000000.0,,,,,-28400000.0,,808500000.0,,,,,1185100000.0,49500000.0,9600000.0,2300000.0,-1299000000.0,113300000.0,,473300000.0,-23300000.0,
2022-01-31,4386400000.0,418500000.0,3967900000.0,1114800000.0,,3350300000.0,617600000.0,,564700000.0,67700000.0,497000000.0,2.26,2.24,219700000.0,222000000.0,1528400000.0,235700000.0,716100000.0,,711700000.0,,,2763800000.0,45400000.0,162500000.0,3603800000.0,493800000.0,492300000.0,8606800000.0,120800000.0,,2863300000.0,4009400000.0,,,19800000.0,148900000.0,,-1950000000.0,-124000000.0,849100000.0,8606800000.0,,555400000.0,,66200000.0,,,,,419400000.0,,1531300000.0,,25800000.0,12000000.0,,1250300000.0,56000000.0,10500000.0,4500000.0,-1594600000.0,113700000.0,,-168600000.0,-243800000.0,165200000.0
2022-04-30,1170000000.0,117000000.0,1053000000.0,289000000.0,,839000000.0,214000000.0,,195000000.0,49000000.0,146000000.0,0.67,0.67,217000000.0,219000000.0,1518000000.0,67000000.0,384000000.0,,,,,2358000000.0,39000000.0,162000000.0,3642000000.0,479000000.0,519000000.0,8261000000.0,135000000.0,,2809000000.0,3801000000.0,,,37000000.0,142000000.0,,-2143000000.0,-148000000.0,681000000.0,8261000000.0,,152000000.0,,-332000000.0,,,,,-38000000.0,,434000000.0,,,,,96000000.0,12000000.0,4000000.0,30000000.0,31000000.0,67000000.0,,-460000000.0,-10000000.0,
2022-07-31,2407000000.0,236000000.0,2171000000.0,595000000.0,,1715000000.0,456000000.0,,427000000.0,95000000.0,332000000.0,1.53,1.52,217000000.0,218000000.0,1440000000.0,85000000.0,434000000.0,,,,,2329000000.0,46000000.0,154000000.0,3612000000.0,451000000.0,553000000.0,8227000000.0,109000000.0,,2709000000.0,3642000000.0,,,57000000.0,142000000.0,,-2180000000.0,-169000000.0,740000000.0,8227000000.0,,322000000.0,,-281000000.0,,,,,-77000000.0,,691000000.0,,,,,96000000.0,23000000.0,5000000.0,47000000.0,-23000000.0,67000000.0,,-733000000.0,-88000000.0,
2022-10-31,3687000000.0,356000000.0,3331000000.0,906000000.0,,2619000000.0,712000000.0,,669000000.0,139000000.0,530000000.0,2.44,2.43,217000000.0,218000000.0,1665000000.0,139000000.0,642000000.0,,,,,2788000000.0,37000000.0,149000000.0,3577000000.0,423000000.0,554000000.0,8635000000.0,134000000.0,,2731000000.0,3811000000.0,,,85000000.0,134000000.0,,-2100000000.0,-207000000.0,906000000.0,8635000000.0,,493000000.0,,-70000000.0,,,,,14000000.0,,1160000000.0,,,,,96000000.0,32000000.0,6000000.0,53000000.0,-84000000.0,124000000.0,,-897000000.0,137000000.0,
2023-01-31,5005000000.0,480000000.0,4525000000.0,1219000000.0,,3536000000.0,989000000.0,,946000000.0,123000000.0,823000000.0,3.81,3.78,216000000.0,218000000.0,1947000000.0,125000000.0,961000000.0,,982000000.0,,,3341000000.0,102000000.0,144000000.0,3625000000.0,407000000.0,560000000.0,9438000000.0,102000000.0,,3203000000.0,4000000000.0,,,164000000.0,139000000.0,,-1995000000.0,-185000000.0,1145000000.0,9438000000.0,,657000000.0,,247000000.0,,,,,798000000.0,,2071000000.0,,298000000.0,152000000.0,,96000000.0,40000000.0,6000000.0,54000000.0,-143000000.0,124000000.0,,-1487000000.0,419000000.0,241000000.0
2023-04-30,1269000000.0,127000000.0,1142000000.0,327000000.0,,925000000.0,217000000.0,,221000000.0,60000000.0,161000000.0,0.75,0.75,215000000.0,216000000.0,1909000000.0,222000000.0,331000000.0,,,,,2833000000.0,185000000.0,140000000.0,3624000000.0,426000000.0,552000000.0,9069000000.0,127000000.0,,3189000000.0,3926000000.0,,,168000000.0,141000000.0,,-2271000000.0,-200000000.0,897000000.0,9069000000.0,,165000000.0,,-630000000.0,,,,,-98000000.0,,723000000.0,,,,,26000000.0,9000000.0,6000000.0,10000000.0,-230000000.0,71000000.0,,-523000000.0,-38000000.0,
2023-07-31,2614000000.0,254000000.0,2360000000.0,682000000.0,,1881000000.0,479000000.0,,479000000.0,96000000.0,383000000.0,1.79,1.77,214000000.0,216000000.0,1714000000.0,359000000.0,402000000.0,,,,,2821000000.0,219000000.0,136000000.0,3637000000.0,410000000.0,558000000.0,9107000000.0,124000000.0,,3131000000.0,3875000000.0,,,147000000.0,149000000.0,,-2127000000.0,-198000000.0,1206000000.0,9107000000.0,,362000000.0,,-559000000.0,,,,,-350000000.0,,858000000.0,,,,,26000000.0,16000000.0,10000000.0,18000000.0,-418000000.0,71000000.0,,-665000000.0,-233000000.0,
2023-10-31,4028000000.0,381000000.0,3647000000.0,1021000000.0,,2834000000.0,813000000.0,,799000000.0,175000000.0,624000000.0,2.92,2.89,214000000.0,216000000.0,1526000000.0,428000000.0,579000000.0,,,,,2939000000.0,219000000.0,128000000.0,3604000000.0,411000000.0,566000000.0,9226000000.0,127000000.0,,3120000000.0,3912000000.0,,,161000000.0,160000000.0,,-1939000000.0,-257000000.0,1482000000.0,9226000000.0,,544000000.0,,-380000000.0,,,,,-551000000.0,,876000000.0,,,,,44000000.0,21000000.0,25000000.0,19000000.0,-524000000.0,130000000.0,,-753000000.0,-421000000.0,
2024-01-31,5497000000.0,511000000.0,4986000000.0,1373000000.0,,3858000000.0,1128000000.0,,1136000000.0,230000000.0,906000000.0,4.23,4.19,214000000.0,216000000.0,1892000000.0,354000000.0,876000000.0,,1070000000.0,,,3579000000.0,234000000.0,121000000.0,3653000000.0,406000000.0,602000000.0,9912000000.0,100000000.0,,3500000000.0,4351000000.0,,,168000000.0,190000000.0,,-1713000000.0,-234000000.0,1855000000.0,9912000000.0,,703000000.0,,-86000000.0,,,,,-316000000.0,,1313000000.0,,487000000.0,277000000.0,,70000000.0,31000000.0,30000000.0,25000000.0,-502000000.0,130000000.0,,-852000000.0,-55000000.0,321000000.0
2024-04-30,1417000000.0,137000000.0,1280000000.0,346000000.0,,981000000.0,299000000.0,,309000000.0,57000000.0,252000000.0,1.17,1.16,215000000.0,217000000.0,1681000000.0,308000000.0,353000000.0,,,,,2810000000.0,238000000.0,117000000.0,4133000000.0,572000000.0,620000000.0,9830000000.0,163000000.0,,3362000000.0,4097000000.0,,,178000000.0,204000000.0,,-1470000000.0,-263000000.0,2161000000.0,9830000000.0,,149000000.0,,-526000000.0,,,,,-305000000.0,,494000000.0,,,,,637000000.0,7000000.0,34000000.0,2000000.0,-638000000.0,71000000.0,,-61000000.0,-211000000.0,
2024-07-31,2922000000.0,277000000.0,2645000000.0,714000000.0,,2003000000.0,642000000.0,,661000000.0,127000000.0,534000000.0,2.48,2.46,216000000.0,217000000.0,1513000000.0,365000000.0,402000000.0,,,,,2758000000.0,231000000.0,116000000.0,4253000000.0,609000000.0,659000000.0,9960000000.0,174000000.0,,3228000000.0,4337000000.0,,,183000000.0,230000000.0,,-1286000000.0,-249000000.0,2474000000.0,9960000000.0,,316000000.0,,-477000000.0,,,,,-577000000.0,,706000000.0,,,,,801000000.0,16000000.0,39000000.0,7000000.0,-864000000.0,71000000.0,,-221000000.0,-379000000.0,
2024-10-31,4492000000.0,424000000.0,4068000000.0,1092000000.0,,3080000000.0,988000000.0,,1012000000.0,203000000.0,809000000.0,3.76,3.73,215000000.0,217000000.0,1437000000.0,276000000.0,702000000.0,,,,,2899000000.0,264000000.0,116000000.0,4256000000.0,594000000.0,670000000.0,10133000000.0,217000000.0,,3277000000.0,4468000000.0,,,192000000.0,223000000.0,,-1224000000.0,-260000000.0,2616000000.0,10133000000.0,,497000000.0,,-177000000.0,,,,,-612000000.0,,915000000.0,,,,,801000000.0,26000000.0,57000000.0,10000000.0,-836000000.0,121000000.0,,-530000000.0,-455000000.0,
