Date,Net sales,Cost of sales,Gross margin,Research and development,"Selling, general and administrative",Total operating expenses,Operating income,"Other income/(expense), net",Income before provision for income taxes,Provision for income taxes,Net income,Earnings per share basic,Earnings per share diluted,Weighted-average basic,Weighted-average diluted,Cash and cash equivalents,Short-term marketable securities,"Accounts receivable, net",Inventories,Deferred tax assets,Vendor non-trade receivables,Other current assets,Total current assets,Long-term marketable securities,"Property, Plant and Equipment, Net",Goodwill,"Acquired intangible assets, net","Other Assets, Noncurrent",Total assets,accounts payable,Accrued expenses,Deferred revenue,Total current liabilities,Deferred revenue - non-current,deferred tax liabilities,long term taxes payable,Total other non-current liabilities,Total liabilities,Retained Earnings (Accumulated Deficit),Accumulated other comprehensive (loss)/income,Total shareholders equity,Total liabilities and shareholders' equity,"Depreciation, amortization and accretion",Stock-based compensation expense,Deferred income tax expense,"Increase (Decrease) in Accounts receivable, net",Increase (Decrease) in Inventories,Increase (Decrease) in Other Receivables,Increase (Decrease) in Other Operating Assets,Increase (Decrease) in Accounts Payable,Increase (Decrease) in Deferred Revenue,Increase (Decrease) Other liabilities,Cash generated by operating activities,Purchases of marketable securities,Proceeds from maturities of marketable securities,Proceeds from sales of marketable securities,Purchases of other long-term investments,"Business acquisitions, net of cash acquired",Cash payments for capital asset purchases,Payments for acquisition of intangible assets,Payments for (Proceeds from) Other Investing Activities,Cash used in investing activities,Proceeds from issuance of common stock,Excess tax benefits from stock-based compensation,Cash generated/used in financing activities,Increase/(decrease) in cash and cash equivalents,"Cash paid for income taxes, net"
2009-12-31,13489000000.0,,,,,10718000000.0,2771000000.0,,1938000000.0,575000000.0,1360000000.0,2.96,2.96,458677534.0,458982292.0,490000000.0,,1050000000.0,,,,211000000.0,4756000000.0,,34344000000.0,76000000.0,,946000000.0,48348000000.0,1158000000.0,931000000.0,,5327000000.0,,6420000000.0,,1163000000.0,35147000000.0,4451000000.0,-374000000.0,13140000000.0,48348000000.0,,,1244000000.0,,475000000.0,,70000000.0,8000000.0,,-262000000.0,2475000000.0,,,,,,104000000.0,,40000000.0,-2916000000.0,1728000000.0,,520000000.0,79000000.0,
2010-03-31,3569000000.0,,,,,2811000000.0,758000000.0,,549000000.0,207000000.0,345000000.0,0.72,0.72,478429535.0,478844632.0,818000000.0,,1656000000.0,,,,239000000.0,5516000000.0,,34526000000.0,76000000.0,,1077000000.0,49625000000.0,954000000.0,920000000.0,,5515000000.0,,6587000000.0,,1242000000.0,36240000000.0,4597000000.0,-364000000.0,13324000000.0,49625000000.0,,,121000000.0,,-83000000.0,,14000000.0,-83000000.0,,-55000000.0,2000000.0,,,,,,,,32000000.0,-430000000.0,26000000.0,,756000000.0,328000000.0,
2010-06-30,6929000000.0,,,,,5777000000.0,1152000000.0,,750000000.0,272000000.0,481000000.0,1.0,1.0,479050774.0,479176543.0,838000000.0,,1847000000.0,,,,152000000.0,5793000000.0,,34718000000.0,76000000.0,,985000000.0,49937000000.0,863000000.0,1132000000.0,,5778000000.0,,6671000000.0,,1272000000.0,36607000000.0,4533000000.0,-372000000.0,13269000000.0,49937000000.0,,,212000000.0,,-71000000.0,,-51000000.0,-168000000.0,,151000000.0,582000000.0,,,,,,12000000.0,,24000000.0,-992000000.0,42000000.0,,758000000.0,348000000.0,174000000.0
2010-09-30,10993000000.0,,,,,8816000000.0,2177000000.0,,1562000000.0,530000000.0,1037000000.0,2.16,2.16,479578139.0,479750447.0,1090000000.0,,1816000000.0,,,,155000000.0,5421000000.0,,34998000000.0,76000000.0,,910000000.0,49892000000.0,884000000.0,941000000.0,,6148000000.0,,6928000000.0,,804000000.0,36176000000.0,4887000000.0,-364000000.0,13656000000.0,49892000000.0,,,404000000.0,,-240000000.0,,-35000000.0,-163000000.0,,-15000000.0,1702000000.0,,,,,,16000000.0,,19000000.0,-1575000000.0,65000000.0,,473000000.0,600000000.0,-243000000.0
2010-12-31,14427000000.0,,,,,11764000000.0,2663000000.0,,1849000000.0,643000000.0,1214000000.0,2.53,2.53,479373306.0,479601442.0,294000000.0,,1923000000.0,,-7490000000.0,,145000000.0,5016000000.0,,35674000000.0,76000000.0,,1079000000.0,50455000000.0,1061000000.0,952000000.0,,6518000000.0,,7359000000.0,,795000000.0,36773000000.0,4842000000.0,-381000000.0,13622000000.0,50455000000.0,,,809000000.0,,-221000000.0,,-72000000.0,-36000000.0,,56000000.0,2662000000.0,,,,,,155000000.0,,14000000.0,-2523000000.0,93000000.0,,-335000000.0,-196000000.0,-268000000.0
2011-03-31,3730000000.0,,,,,2898000000.0,832000000.0,,627000000.0,278000000.0,354000000.0,0.73,0.73,481144270.0,481365806.0,625000000.0,,1749000000.0,,,,157000000.0,4789000000.0,,35766000000.0,76000000.0,,1347000000.0,50560000000.0,884000000.0,930000000.0,,5989000000.0,,7490000000.0,,993000000.0,36721000000.0,4973000000.0,-373000000.0,13779000000.0,50560000000.0,,,330000000.0,,-121000000.0,,16000000.0,-126000000.0,,-83000000.0,830000000.0,,,,,,,,4000000.0,-613000000.0,31000000.0,,114000000.0,331000000.0,2000000.0
2011-06-30,7339000000.0,,,,,5790000000.0,1549000000.0,,1148000000.0,452000000.0,706000000.0,1.46,1.46,481928494.0,482203255.0,417000000.0,,1866000000.0,,,,,4754000000.0,,36064000000.0,76000000.0,,1264000000.0,50752000000.0,969000000.0,942000000.0,,5887000000.0,,7716000000.0,,997000000.0,36753000000.0,5103000000.0,-362000000.0,13939000000.0,50752000000.0,,,525000000.0,,-146000000.0,,,-87000000.0,,,1732000000.0,,,,,,10000000.0,,22000000.0,-1280000000.0,49000000.0,,-329000000.0,123000000.0,15000000.0
2011-09-30,11672000000.0,,,,,9233000000.0,2439000000.0,,2132000000.0,786000000.0,1635000000.0,3.39,3.39,482498734.0,482796945.0,546000000.0,,1860000000.0,,,,,4374000000.0,,36417000000.0,76000000.0,,1135000000.0,51187000000.0,1003000000.0,1004000000.0,,5684000000.0,,8108000000.0,,978000000.0,36474000000.0,5810000000.0,-380000000.0,14653000000.0,51187000000.0,,,764000000.0,,-275000000.0,,,-66000000.0,,,3338000000.0,,,,,,10000000.0,,38000000.0,-1967000000.0,70000000.0,,-1119000000.0,252000000.0,-119000000.0
2011-12-31,15116000000.0,,,,,12334000000.0,2782000000.0,,2394000000.0,818000000.0,1946000000.0,4.02,4.02,482169282.0,482460328.0,221000000.0,,1834000000.0,,-8330000000.0,,,4182000000.0,,36971000000.0,76000000.0,,1346000000.0,52223000000.0,1095000000.0,990000000.0,,6611000000.0,,8227000000.0,,974000000.0,37558000000.0,5890000000.0,-470000000.0,14664000000.0,52223000000.0,,,794000000.0,,-176000000.0,,,-44000000.0,,,3788000000.0,,,,,,19000000.0,,71000000.0,-2890000000.0,92000000.0,,-971000000.0,-73000000.0,-118000000.0
2012-03-31,3625000000.0,,,,,2871000000.0,754000000.0,,570000000.0,189000000.0,389000000.0,0.8,0.8,483828101.0,484248868.0,286000000.0,,1670000000.0,,,,,4214000000.0,,37432000000.0,90000000.0,,1499000000.0,52902000000.0,978000000.0,853000000.0,,6342000000.0,,8493000000.0,,923000000.0,38045000000.0,6050000000.0,-472000000.0,14856000000.0,52902000000.0,,,261000000.0,,126000000.0,,,-26000000.0,,,876000000.0,,,,,,85000000.0,,23000000.0,-792000000.0,31000000.0,,-19000000.0,65000000.0,-65000000.0
2012-06-30,7176000000.0,,,,,5681000000.0,1495000000.0,,1113000000.0,379000000.0,751000000.0,1.55,1.55,484500029.0,484860690.0,297000000.0,,1762000000.0,,,,,4483000000.0,,37828000000.0,90000000.0,,1405000000.0,53421000000.0,906000000.0,870000000.0,,6407000000.0,,8627000000.0,,934000000.0,38413000000.0,6185000000.0,-475000000.0,15007000000.0,53421000000.0,,,417000000.0,,199000000.0,,,-100000000.0,,,1713000000.0,,,,,,88000000.0,,38000000.0,-1530000000.0,50000000.0,,-107000000.0,76000000.0,-42000000.0
2012-09-30,11332000000.0,,,,,8925000000.0,2407000000.0,,1828000000.0,620000000.0,1238000000.0,2.55,2.55,484979543.0,485362858.0,443000000.0,,1855000000.0,,,,,4648000000.0,,38133000000.0,90000000.0,,1397000000.0,53843000000.0,988000000.0,1037000000.0,,6795000000.0,,8905000000.0,,923000000.0,38537000000.0,6444000000.0,-454000000.0,15306000000.0,53843000000.0,,,592000000.0,,169000000.0,,,-135000000.0,,,2912000000.0,,,,,,89000000.0,,57000000.0,-2281000000.0,64000000.0,,-409000000.0,222000000.0,-44000000.0
2012-12-31,14945000000.0,,,,,12289000000.0,2656000000.0,,1866000000.0,604000000.0,1259000000.0,2.6,2.6,484682469.0,485084694.0,279000000.0,,1871000000.0,,-9198000000.0,,,4589000000.0,,38763000000.0,91000000.0,,1627000000.0,54367000000.0,1169000000.0,968000000.0,,6823000000.0,,9252000000.0,,940000000.0,39130000000.0,6236000000.0,-337000000.0,15237000000.0,54367000000.0,,,636000000.0,,224000000.0,,,-60000000.0,,,3804000000.0,,,,,,94000000.0,,97000000.0,-3391000000.0,83000000.0,,-355000000.0,58000000.0,-82000000.0
2013-03-31,3826000000.0,,,,,3071000000.0,755000000.0,,545000000.0,195000000.0,,0.75,0.75,485823668.0,486344036.0,179000000.0,,1869000000.0,,,,,4397000000.0,,39130000000.0,91000000.0,,1651000000.0,54550000000.0,1004000000.0,811000000.0,,6175000000.0,,9556000000.0,,913000000.0,39129000000.0,6370000000.0,-306000000.0,15421000000.0,54550000000.0,,,246000000.0,,1000000.0,,,-3000000.0,,,756000000.0,,,,,,2000000.0,,0.0,-772000000.0,15000000.0,,-84000000.0,-100000000.0,-19000000.0
2013-06-30,7408000000.0,,,,,6106000000.0,1302000000.0,,938000000.0,263000000.0,,1.44,1.44,486293026.0,486763615.0,117000000.0,,1931000000.0,,,,,4622000000.0,,39425000000.0,91000000.0,,1581000000.0,54979000000.0,987000000.0,823000000.0,,6519000000.0,,9691000000.0,,889000000.0,39442000000.0,6470000000.0,-313000000.0,15537000000.0,54979000000.0,,,367000000.0,,61000000.0,,,-57000000.0,,,1516000000.0,,,,,,4000000.0,,26000000.0,-1643000000.0,41000000.0,,-35000000.0,-162000000.0,-10000000.0
2013-09-30,11584000000.0,,,,,9407000000.0,2177000000.0,,1618000000.0,520000000.0,,2.33,2.33,486932747.0,487258905.0,147000000.0,,1856000000.0,,,,,4317000000.0,,39870000000.0,91000000.0,,1414000000.0,54963000000.0,1044000000.0,841000000.0,,5692000000.0,,9871000000.0,,891000000.0,39200000000.0,6664000000.0,-306000000.0,15762000000.0,54963000000.0,,,582000000.0,,-72000000.0,,,-28000000.0,,,3040000000.0,,,,,,6000000.0,,4000000.0,-2520000000.0,61000000.0,,-652000000.0,-132000000.0,-64000000.0
2013-12-31,15357000000.0,,,,,12502000000.0,2855000000.0,,2168000000.0,684000000.0,1480000000.0,3.04,3.04,486619555.0,487040956.0,118000000.0,,1860000000.0,,-10188000000.0,,,4310000000.0,,40997000000.0,91000000.0,,2038000000.0,56414000000.0,1266000000.0,965000000.0,,6112000000.0,,10300000000.0,,967000000.0,40328000000.0,6766000000.0,-115000000.0,16085000000.0,56414000000.0,,,709000000.0,,-122000000.0,,,95000000.0,,,4106000000.0,,,,,,32000000.0,,21000000.0,-3818000000.0,84000000.0,,-449000000.0,-161000000.0,-55000000.0
2014-03-31,4648000000.0,,,,,3607000000.0,1041000000.0,,850000000.0,307000000.0,,1.15,1.15,487867089.0,488271167.0,292000000.0,,1943000000.0,,,,,4335000000.0,,41530000000.0,91000000.0,,2162000000.0,57038000000.0,1213000000.0,917000000.0,,6519000000.0,,10446000000.0,,968000000.0,40619000000.0,7076000000.0,-109000000.0,16416000000.0,57038000000.0,,,299000000.0,,-209000000.0,,,33000000.0,,,1133000000.0,,,,,,43000000.0,,9000000.0,-981000000.0,15000000.0,,22000000.0,174000000.0,-6000000.0
2014-06-30,8692000000.0,,,,,6884000000.0,1808000000.0,,1433000000.0,522000000.0,,1.95,1.95,488291576.0,488538227.0,190000000.0,,1926000000.0,,,,,4323000000.0,,42273000000.0,91000000.0,,2056000000.0,57620000000.0,1228000000.0,1010000000.0,,7600000000.0,,10463000000.0,,1097000000.0,41035000000.0,7222000000.0,-104000000.0,16581000000.0,57620000000.0,,,410000000.0,,-207000000.0,,,-39000000.0,,,2197000000.0,,,,,,45000000.0,,33000000.0,-2068000000.0,29000000.0,,-57000000.0,72000000.0,63000000.0
2014-09-30,12994000000.0,,,,,10261000000.0,2733000000.0,,2172000000.0,791000000.0,,2.95,2.95,488912892.0,488970647.0,194000000.0,,1855000000.0,,,,,4111000000.0,,43064000000.0,91000000.0,,1944000000.0,57925000000.0,1259000000.0,1119000000.0,,7457000000.0,,10506000000.0,,1119000000.0,41053000000.0,7470000000.0,-105000000.0,16868000000.0,57925000000.0,,,383000000.0,,-222000000.0,,,-43000000.0,,,3725000000.0,,,,,,45000000.0,,22000000.0,-3081000000.0,63000000.0,,-568000000.0,76000000.0,109000000.0
2014-12-31,17020000000.0,,,,,13788000000.0,3232000000.0,,2580000000.0,942000000.0,,3.34,3.34,488592997.0,488899840.0,163000000.0,,1926000000.0,,-10946000000.0,,,4478000000.0,,44117000000.0,91000000.0,,2221000000.0,59633000000.0,1287000000.0,1250000000.0,,7967000000.0,,10986000000.0,,1071000000.0,42809000000.0,7406000000.0,-103000000.0,16820000000.0,59633000000.0,,,878000000.0,,-102000000.0,,,-80000000.0,,,4613000000.0,,,,,,65000000.0,,10000000.0,-4406000000.0,73000000.0,,-162000000.0,45000000.0,117000000.0
2015-03-31,4708000000.0,,,,,3584000000.0,1124000000.0,,940000000.0,333000000.0,,1.29,1.29,489597986.0,489936726.0,190000000.0,,1889000000.0,,,,,4116000000.0,,44810000000.0,91000000.0,,2278000000.0,60038000000.0,1283000000.0,1000000000.0,,7128000000.0,,11188000000.0,,1062000000.0,42790000000.0,7776000000.0,-103000000.0,17241000000.0,60038000000.0,,,243000000.0,,-133000000.0,,,49000000.0,,,1257000000.0,,,,,,2000000.0,,-39000000.0,-1017000000.0,31000000.0,,-213000000.0,27000000.0,2000000.0
2015-06-30,8650000000.0,,,,,6717000000.0,1933000000.0,,1571000000.0,558000000.0,,2.16,2.16,490207482.0,490484450.0,195000000.0,,1920000000.0,,,,,4225000000.0,,45013000000.0,91000000.0,,2188000000.0,60938000000.0,1236000000.0,1059000000.0,,6650000000.0,,11426000000.0,,1088000000.0,43496000000.0,7945000000.0,-102000000.0,17434000000.0,60938000000.0,,,453000000.0,,-149000000.0,,,-10000000.0,,,2203000000.0,,,,,,2000000.0,,-41000000.0,-2190000000.0,56000000.0,,19000000.0,32000000.0,98000000.0
2015-09-30,12839000000.0,,,,,9971000000.0,2868000000.0,,2330000000.0,827000000.0,,3.22,3.22,490648929.0,490800335.0,178000000.0,,1853000000.0,,,,,4548000000.0,,45238000000.0,53000000.0,,2069000000.0,61099000000.0,1274000000.0,1234000000.0,,7058000000.0,,11425000000.0,,865000000.0,43390000000.0,8204000000.0,-109000000.0,17699000000.0,61099000000.0,,,529000000.0,,-194000000.0,,,-13000000.0,,,3910000000.0,,,,,,1000000.0,,-60000000.0,-3248000000.0,68000000.0,,-647000000.0,15000000.0,116000000.0
2015-12-31,16453200000.0,,,,,13119700000.0,3333500000.0,,2688200000.0,919600000.0,,4.17,4.17,490340522.0,490574568.0,176400000.0,,1640500000.0,,,,,4072400000.0,,46133200000.0,52500000.0,,2106600000.0,61683100000.0,1418000000.0,1305100000.0,,7108500000.0,,11733200000.0,,890600000.0,43778200000.0,8398300000.0,-127100000.0,17891700000.0,61683100000.0,,,808200000.0,,38600000.0,,,16500000.0,,,4748700000.0,,,,,,5300000.0,,-96000000.0,-4564000000.0,81600000.0,,-661700000.0,13900000.0,120200000.0
2016-03-31,4044900000.0,,,,,3152000000.0,892900000.0,,713600000.0,235500000.0,,1.02,1.02,491108392.0,491332305.0,190400000.0,,1650000000.0,,,,,4146300000.0,,46832900000.0,52500000.0,,2174800000.0,62486500000.0,1219500000.0,1055600000.0,,7221900000.0,,12133800000.0,,872700000.0,44344800000.0,8624800000.0,-133800000.0,18126500000.0,62486500000.0,,,330200000.0,,95400000.0,,,-34400000.0,,,799900000.0,,,,,,,,-2200000.0,-1138300000.0,12100000.0,,352400000.0,14000000.0,7300000.0
2016-06-30,7937800000.0,,,,,6178700000.0,1759100000.0,,1392400000.0,400500000.0,,2.04,2.04,491500000.0,491641400.0,246800000.0,,1815200000.0,,,,,4438900000.0,,47436200000.0,52500000.0,,2004000000.0,63317100000.0,1242300000.0,1038600000.0,,7869900000.0,,12402500000.0,,771100000.0,44912200000.0,8851400000.0,-117900000.0,18386200000.0,63317100000.0,,,552300000.0,,107000000.0,,,-22600000.0,,,1725800000.0,,,,,,,,-4800000.0,-2299700000.0,30900000.0,,646800000.0,70400000.0,26200000.0
2016-09-30,12590000000.0,,,,,11958800000.0,-1127900000.0,,-1323900000.0,-534500000.0,,-1.56,-1.56,491700000.0,491813858.0,212200000.0,,1880000000.0,,,,,5949200000.0,,44262200000.0,52500000.0,,1894200000.0,61442000000.0,1340300000.0,1019800000.0,,7779400000.0,,11815100000.0,,702100000.0,44099000000.0,7809400000.0,-145800000.0,17321900000.0,61442000000.0,,,-47000000.0,,-11600000.0,,,47800000.0,,,3421000000.0,,,,,,,,-4200000.0,-3428700000.0,34200000.0,,46000000.0,35800000.0,32200000.0
2016-12-31,16380100000.0,,,,,15173000000.0,1207100000.0,,546800000.0,-73700000.0,,1.24,1.24,491495458.0,491662007.0,210500000.0,,1916700000.0,,,,,6033900000.0,,45639300000.0,52500000.0,,2085100000.0,63467700000.0,1688500000.0,1302800000.0,,9498000000.0,,11884400000.0,,774600000.0,46047600000.0,7892400000.0,-156300000.0,17397000000.0,63467700000.0,,,-50000000.0,,-60200000.0,,,164900000.0,,,4521800000.0,,,,,,107900000.0,,-15600000.0,-4989100000.0,34200000.0,,503900000.0,34100000.0,29500000.0
2017-03-31,3933300000.0,,,,,2836200000.0,1097100000.0,,910400000.0,343200000.0,,1.2,1.2,491712042.0,492031975.0,175000000.0,,1711200000.0,,,,,3616400000.0,,46236300000.0,52500000.0,,2171100000.0,61728300000.0,1116900000.0,1008000000.0,,7914500000.0,,11981600000.0,,728300000.0,44015000000.0,8194300000.0,-171000000.0,17687100000.0,61728300000.0,,,136200000.0,,-13400000.0,,,-250700000.0,,,806800000.0,,,,,,,,-17200000.0,844800000.0,0.0,,-1687100000.0,-35500000.0,-88800000.0
2017-06-30,7509800000.0,,,,,5668000000.0,1841800000.0,,1461200000.0,533800000.0,,1.97,1.96,491800000.0,492642100.0,172400000.0,,1661800000.0,,,,,3809000000.0,,47227200000.0,52500000.0,,2025800000.0,62739100000.0,1268400000.0,985800000.0,,8392200000.0,,12288500000.0,,813300000.0,44884100000.0,8276400000.0,-161600000.0,17824100000.0,62739100000.0,,,424100000.0,,9500000.0,,,-170500000.0,,,1717000000.0,,,,,,,,-29600000.0,-375700000.0,0.0,,-1379400000.0,-38100000.0,-21200000.0
2017-09-30,11614500000.0,,,,,8786200000.0,2828300000.0,,2261800000.0,797800000.0,,3.07,3.07,491840722.0,493000000.0,343900000.0,,1740900000.0,,,,,4067800000.0,,48316500000.0,52500000.0,,1856900000.0,63964900000.0,1537000000.0,953900000.0,,7322000000.0,,12628200000.0,,837000000.0,45850100000.0,8532000000.0,-175400000.0,18069100000.0,63964900000.0,,,740900000.0,,-58500000.0,,,-91000000.0,,,3124200000.0,,,,,,,,-27900000.0,-1676600000.0,0.0,,-1314200000.0,133400000.0,-6800000.0
2017-12-31,15424900000.0,,,,,11854400000.0,3570500000.0,,2898600000.0,969700000.0,,3.89,3.88,491814651.0,492611067.0,214600000.0,,1891000000.0,,,,,4253100000.0,,50261500000.0,52500000.0,,2553500000.0,64729100000.0,2065300000.0,1033200000.0,,8271300000.0,,6813900000.0,,830900000.0,46403600000.0,8626700000.0,-67800000.0,18287000000.0,64729100000.0,,,901500000.0,,-17900000.0,,,-58000000.0,,,4270400000.0,,,,,,6800000.0,,-48500000.0,-3656400000.0,12200000.0,,-604900000.0,,-1100000.0
2018-03-31,4048300000.0,,,,,3342300000.0,706000000.0,,540200000.0,102000000.0,,0.92,0.92,492267402.0,493127300.0,183400000.0,,1851500000.0,,,,,4135000000.0,,51365100000.0,52500000.0,,2611600000.0,65609500000.0,1449600000.0,960000000.0,,9471400000.0,,6943900000.0,,808200000.0,47010200000.0,8801500000.0,-95400000.0,18483300000.0,65609500000.0,,,87300000.0,,-28500000.0,,,-129300000.0,,,802200000.0,,,,,,,,-19100000.0,-1927800000.0,32200000.0,,1029500000.0,,-900000.0
2018-06-30,8061500000.0,,,,,6598500000.0,1463000000.0,,1123800000.0,174200000.0,,2.0,1.99,492700000.0,493505085.0,211200000.0,,2270700000.0,,,,,4570100000.0,,52441500000.0,52500000.0,,2528900000.0,66870100000.0,1635400000.0,938800000.0,,9058300000.0,,7085300000.0,,871600000.0,48024700000.0,9023100000.0,-94800000.0,18722300000.0,66870100000.0,,,149700000.0,,-31200000.0,,,-53600000.0,,,2006800000.0,,,,,,,,-40100000.0,-3238900000.0,50900000.0,,1206800000.0,,33800000.0
2018-09-30,12394600000.0,,,,,10263000000.0,2131600000.0,,1604700000.0,93500000.0,,3.17,3.16,493000000.0,493940543.0,788300000.0,,2118100000.0,,,,,4692400000.0,,53355700000.0,52500000.0,,2394600000.0,67617400000.0,1579900000.0,1128900000.0,,8426200000.0,,7110400000.0,,807200000.0,48470100000.0,9293700000.0,-86000000.0,19016800000.0,67617400000.0,,,43000000.0,,-98700000.0,,,-45000000.0,,,3932600000.0,,,,,,,,-66100000.0,-4688700000.0,62500000.0,,1281000000.0,,-27900000.0
2018-12-31,16195700000.0,,,,,13513000000.0,2682700000.0,,2043900000.0,115300000.0,,3.9,3.9,492774600.0,493758277.0,234100000.0,,1926500000.0,,,,,4113900000.0,,55099100000.0,52500000.0,,2577400000.0,68802800000.0,1874300000.0,1190500000.0,,8648800000.0,,7086500000.0,,782600000.0,49634600000.0,9325300000.0,-120400000.0,19028400000.0,68802800000.0,,,104300000.0,,-20700000.0,,,36600000.0,,,5223200000.0,,,,,,14600000.0,,-75800000.0,-6353600000.0,73600000.0,,1161900000.0,,-24700000.0
2019-03-31,4056800000.0,,,,,3268400000.0,788400000.0,,600100000.0,44500000.0,,1.16,1.16,493309076.0,494500000.0,227700000.0,,1882300000.0,,,,,3914800000.0,,55968600000.0,52500000.0,,2655400000.0,70722000000.0,1497200000.0,888100000.0,,7990600000.0,,7193000000.0,,797900000.0,51378800000.0,9565600000.0,-150700000.0,19196300000.0,70722000000.0,,,16800000.0,,26400000.0,,,-152600000.0,,,808300000.0,,,,,,,,-33500000.0,-1582800000.0,14500000.0,,693500000.0,,-600000.0
2019-06-30,7630400000.0,,,,,6291000000.0,1339400000.0,,987400000.0,-54400000.0,,2.1,2.09,493600000.0,495400000.0,210500000.0,,1781200000.0,,,,,4061300000.0,,57202900000.0,52500000.0,,2991500000.0,72550000000.0,1689000000.0,1038500000.0,,8357100000.0,,7294000000.0,,763100000.0,53001000000.0,9694200000.0,-230700000.0,19259600000.0,72550000000.0,,,-35500000.0,,114600000.0,,,-72400000.0,,,1800800000.0,,,,,,581200000.0,,-42700000.0,-3595000000.0,32300000.0,,1739700000.0,,19700000.0
2019-09-30,11945400000.0,,,,,9647800000.0,2297600000.0,,1746700000.0,40600000.0,,3.58,3.57,493839034.0,495500000.0,348800000.0,,1825100000.0,,,,,4166400000.0,,58692700000.0,52500000.0,,2794800000.0,73900700000.0,1766800000.0,1032400000.0,,8611200000.0,,7427800000.0,,790000000.0,53765100000.0,10095300000.0,-187900000.0,19716400000.0,73900700000.0,,,15900000.0,,116600000.0,,,-32400000.0,,,3349900000.0,,,,,,921300000.0,,-68900000.0,-5357600000.0,44700000.0,,2053400000.0,,22800000.0
2019-12-31,15561400000.0,,,,,12969100000.0,2592300000.0,,1903900000.0,-12900000.0,,3.89,3.88,493700000.0,495306238.0,246800000.0,,1705100000.0,,,,,4077800000.0,,60138100000.0,52500000.0,,3407300000.0,75892300000.0,2085800000.0,1373800000.0,,10299100000.0,,7588200000.0,,719800000.0,55870500000.0,9900900000.0,-147700000.0,19632200000.0,75892300000.0,,,-17800000.0,,248200000.0,,,5800000.0,,,4270100000.0,,,,,,918400000.0,,600000.0,-7144500000.0,65300000.0,,2862900000.0,,6100000.0
2020-03-31,3747500000.0,,,,,2995900000.0,751600000.0,,516200000.0,46500000.0,,1.0,1.0,494600000.0,496608918.0,1554600000.0,,1741500000.0,,,,,5292000000.0,,61048900000.0,52500000.0,,3414500000.0,77724000000.0,1593400000.0,1034500000.0,,11654700000.0,,7668500000.0,,709500000.0,57598300000.0,10038800000.0,-216500000.0,19728400000.0,77724000000.0,,,27900000.0,,35800000.0,,,-111100000.0,,,615700000.0,,,,,,,,-25100000.0,-1766000000.0,56100000.0,,2388500000.0,,-600000.0
2020-06-30,7241500000.0,,,,,5767200000.0,1474300000.0,,1024100000.0,59100000.0,,2.05,2.04,495700000.0,497337980.0,348800000.0,,1791500000.0,,,,,4273200000.0,,61926800000.0,52500000.0,,3292500000.0,77804800000.0,1628000000.0,982900000.0,,10122000000.0,,7811200000.0,,715400000.0,57393800000.0,10221900000.0,-172900000.0,20007400000.0,77804800000.0,,,60000000.0,,120300000.0,,,-64700000.0,,,1746200000.0,,,,,,0.0,,-52100000.0,-3247600000.0,111000000.0,,1573500000.0,,3100000.0
2020-09-30,11307900000.0,,,,,8890400000.0,2417500000.0,,1756400000.0,57900000.0,,3.56,3.55,496200000.0,497500000.0,409700000.0,,1850700000.0,,,,,4338200000.0,,62786400000.0,52500000.0,,3109600000.0,78689300000.0,1659600000.0,1084200000.0,,9047200000.0,,8011400000.0,,794600000.0,57982200000.0,10621400000.0,-135400000.0,20365900000.0,78689300000.0,,,142500000.0,,97400000.0,,,21900000.0,,,2922200000.0,,,,,,0.0,,-88000000.0,-4707300000.0,136500000.0,,1816300000.0,,-23900000.0
2020-12-31,14918500000.0,,,,,11930800000.0,2987700000.0,,2234300000.0,40500000.0,,4.44,4.42,495718223.0,497226867.0,392700000.0,,1842700000.0,,,,,4351500000.0,,63901600000.0,52500000.0,,3852300000.0,80757200000.0,1709700000.0,1199300000.0,,9926700000.0,,8240900000.0,,728000000.0,59937500000.0,10687800000.0,-85100000.0,20550900000.0,80757200000.0,,,196100000.0,,142900000.0,,,-35300000.0,,,3832900000.0,,,,,,0.0,,-116600000.0,-6233900000.0,155000000.0,,2406700000.0,,-49100000.0
2021-03-31,4281100000.0,,,,,3470800000.0,810300000.0,,604800000.0,54500000.0,,1.16,1.15,497100000.0,498200000.0,273200000.0,,1858400000.0,,,,,4258400000.0,,64696100000.0,52500000.0,,3962000000.0,82985100000.0,1703900000.0,965700000.0,,10220100000.0,,8349900000.0,,733700000.0,61709800000.0,10892700000.0,-30800000.0,20972800000.0,82985100000.0,,,44300000.0,,-39500000.0,,,171800000.0,,,-117200000.0,,,,,,102900000.0,,-29400000.0,-1634200000.0,184600000.0,,1637100000.0,,-200000.0
2021-06-30,8107600000.0,,,,,6487400000.0,1620200000.0,,1209400000.0,115700000.0,,2.31,2.31,499916640.0,501000000.0,312700000.0,,2073800000.0,,,,,4605800000.0,,65664500000.0,52500000.0,,3727900000.0,84358200000.0,1641600000.0,1009700000.0,,10428600000.0,,8382100000.0,,724900000.0,62663400000.0,11098700000.0,97000000.0,21378700000.0,84358200000.0,,,86700000.0,,-132300000.0,,,97500000.0,,,1043900000.0,,,,,,,,-33300000.0,-3229800000.0,256900000.0,,2107300000.0,,8600000.0
2021-09-30,12730600000.0,,,,,10003000000.0,2727600000.0,,2059100000.0,185500000.0,,3.9,3.89,501233680.0,502606836.0,1372700000.0,,2050400000.0,,,,,5785100000.0,,66691200000.0,52500000.0,,3528500000.0,86337100000.0,1597100000.0,1182800000.0,,9954000000.0,,8644800000.0,,672900000.0,63736600000.0,11523000000.0,274700000.0,22278100000.0,86337100000.0,,,191100000.0,,-347400000.0,,,107600000.0,,,2973000000.0,,,,,,,,-51800000.0,-4906200000.0,548000000.0,,2921600000.0,,9300000.0
2021-12-31,16792000000.0,,,,,13380700000.0,3411300000.0,,2600200000.0,115500000.0,,4.97,4.96,500522177.0,501800000.0,403400000.0,,1941600000.0,,,,,7809200000.0,,66001300000.0,52500000.0,,4398300000.0,87668700000.0,2054600000.0,1369200000.0,,12426700000.0,,8202500000.0,,601300000.0,64945200000.0,11667100000.0,184800000.0,22433200000.0,87668700000.0,,,107600000.0,,-300200000.0,,,200600000.0,,,3839900000.0,,,,,,,,-151100000.0,-6433900000.0,600500000.0,,2607100000.0,,13200000.0
2022-03-31,4592600000.0,,,,,3604500000.0,988100000.0,,755200000.0,52800000.0,,1.41,1.41,506100000.0,507700000.0,675600000.0,,1936600000.0,,,,,8268000000.0,,67878000000.0,52500000.0,,4432300000.0,89831400000.0,1694300000.0,1206400000.0,,13568600000.0,,8324900000.0,,573400000.0,65738200000.0,11985100000.0,430600000.0,23791300000.0,89831400000.0,,,-17700000.0,,-27600000.0,,,-1000000.0,,,1622200000.0,,,,,,,,-42900000.0,-2893200000.0,809500000.0,,1545100000.0,,6900000.0
2022-06-30,9232300000.0,,,,,7239800000.0,1992500000.0,,1495000000.0,106800000.0,,2.43,2.42,513623431.0,515200000.0,575300000.0,,2349300000.0,,,,,9371000000.0,,68708200000.0,52500000.0,,3993100000.0,90861300000.0,2198200000.0,1340300000.0,,12448000000.0,,8481000000.0,,589900000.0,66500700000.0,12108600000.0,551400000.0,24056000000.0,90861300000.0,,,21400000.0,,110500000.0,,,484800000.0,,,2990700000.0,,,,,,,,-15500000.0,-4199000000.0,812700000.0,,1378100000.0,,95500000.0
2022-09-30,14758400000.0,,,,,11835800000.0,2922600000.0,,2152000000.0,90700000.0,,3.76,3.75,513730196.0,515315994.0,522200000.0,,2401300000.0,,,,,9320000000.0,,69813100000.0,52500000.0,,3695700000.0,91249400000.0,2240200000.0,1351600000.0,,11836400000.0,,,,638700000.0,66663800000.0,12389800000.0,474900000.0,24278200000.0,91249400000.0,,,16600000.0,,134600000.0,,,369400000.0,,,4733200000.0,,,,,,,,-44300000.0,-5822500000.0,827200000.0,,1215200000.0,,104100000.0
2022-12-31,19639500000.0,,,,,16156800000.0,3482700000.0,,2309600000.0,5400000.0,,4.51,4.49,511841946.0,513500000.0,509400000.0,,2570300000.0,,,,,9418700000.0,,71282900000.0,52500000.0,,3717800000.0,93469400000.0,2613000000.0,1261100000.0,,14567400000.0,,,,599100000.0,69301100000.0,12345600000.0,83700000.0,23893400000.0,93469400000.0,,,-137200000.0,,313900000.0,,,489200000.0,,,5288000000.0,,,,,,,,-50300000.0,-7751800000.0,826500000.0,,2568900000.0,,116800000.0
2023-03-31,4690900000.0,,,,,3986100000.0,704800000.0,,390600000.0,10400000.0,,0.77,0.77,514200000.0,515600000.0,343500000.0,,2303800000.0,,,,,7798200000.0,,73347000000.0,52500000.0,,3871300000.0,94517900000.0,2269300000.0,1045200000.0,,12621700000.0,,,,573100000.0,70493500000.0,12313800000.0,-68100000.0,23738200000.0,94517900000.0,,,68000000.0,,115900000.0,,,-255900000.0,,,717800000.0,,,,,,,,-12000000.0,-2245200000.0,41100000.0,,1364400000.0,,15800000.0
2023-06-30,9063400000.0,,,,,7483900000.0,1579500000.0,,915900000.0,39000000.0,916500000.0,1.78,1.78,514900000.0,516242919.0,304900000.0,,2385900000.0,,,,,8041300000.0,,74681400000.0,52500000.0,,3610100000.0,96002100000.0,2433900000.0,1076100000.0,,13267100000.0,,,,568200000.0,71813800000.0,12405500000.0,-36400000.0,23901400000.0,96002100000.0,,,135800000.0,,315100000.0,,,62600000.0,,,1881600000.0,,,,,,,,-32100000.0,-4265500000.0,77600000.0,,2178100000.0,,9900000.0
2023-09-30,14405100000.0,,,,,11472300000.0,2932800000.0,,1917100000.0,103200000.0,916500000.0,3.62,3.62,520500000.0,521444125.0,353300000.0,,2565000000.0,,,,,6736600000.0,,75821100000.0,52500000.0,,3093700000.0,95125600000.0,2258600000.0,1179800000.0,,11278100000.0,,,,597300000.0,69700900000.0,12929500000.0,-40500000.0,25309700000.0,95125600000.0,,,171500000.0,,344400000.0,,,-163000000.0,,,3675700000.0,,,,,,,,-62500000.0,-4643500000.0,959300000.0,,818400000.0,,26700000.0
2023-12-31,18982300000.0,,,,,15426100000.0,3556200000.0,,2265800000.0,54600000.0,,4.26,4.24,518903682.0,520206258.0,330100000.0,,2447400000.0,,,,,6082100000.0,,76693400000.0,52500000.0,,3625700000.0,96684000000.0,2032500000.0,1251100000.0,,11583600000.0,,,,545800000.0,71355600000.0,12800400000.0,-55500000.0,25246700000.0,96684000000.0,,,185100000.0,,504000000.0,,,-253200000.0,,,5012200000.0,,,,,,,,-122100000.0,-6266700000.0,999600000.0,,1077000000.0,,78400000.0
2024-03-31,5025700000.0,,,,,3853100000.0,1172600000.0,,839300000.0,-141900000.0,1005700000.0,1.91,1.9,526600000.0,527600000.0,230700000.0,,2415300000.0,,,,,5849600000.0,,77796000000.0,52500000.0,,3672700000.0,97744600000.0,1990900000.0,1068900000.0,,10906600000.0,,,,561400000.0,71849300000.0,13338000000.0,-62300000.0,25803300000.0,97744600000.0,,,-113300000.0,,-104300000.0,,,-99500000.0,,,1442200000.0,,,,,,,,-29600000.0,-1669300000.0,40600000.0,,129900000.0,,16100000.0
2024-06-30,9604900000.0,,,,,7748400000.0,1856500000.0,,1163300000.0,-135200000.0,,2.55,2.54,528900000.0,530140990.0,202500000.0,,2651800000.0,,,,,6652800000.0,,78860400000.0,52500000.0,,3368900000.0,99622600000.0,2331500000.0,1398100000.0,,10162700000.0,,,,646100000.0,73390000000.0,13211300000.0,-40000000.0,26135200000.0,99622600000.0,,,-56100000.0,,-111300000.0,,,77000000.0,,,2904200000.0,,,,,,,,-57400000.0,-3249700000.0,475800000.0,,214400000.0,,60800000.0
2024-09-30,15025000000.0,,,,,11817000000.0,3208000000.0,,2145200000.0,-97700000.0,2309900000.0,4.35,4.34,532208876.0,533600842.0,245800000.0,,2597100000.0,,,,,6020800000.0,,80073800000.0,52500000.0,,14024500000.0,100119100000.0,2265600000.0,1415400000.0,,10647600000.0,,,,677900000.0,73394500000.0,13700700000.0,-86900000.0,26617400000.0,100119100000.0,,,89500000.0,,-188500000.0,,,14200000.0,,,5076900000.0,,,,,,,,-73000000.0,-4769500000.0,513000000.0,,-387200000.0,,87900000.0
