Date,Net sales,Cost of sales,Gross margin,Research and development,"Selling, general and administrative",Total operating expenses,Operating income,"Other income/(expense), net",Income before provision for income taxes,Provision for income taxes,Net income,Earnings per share basic,Earnings per share diluted,Weighted-average basic,Weighted-average diluted,Cash and cash equivalents,Short-term marketable securities,"Accounts receivable, net",Inventories,Deferred tax assets,Vendor non-trade receivables,Other current assets,Total current assets,Long-term marketable securities,"Property, Plant and Equipment, Net",Goodwill,"Acquired intangible assets, net","Other Assets, Noncurrent",Total assets,accounts payable,Accrued expenses,Deferred revenue,Total current liabilities,Deferred revenue - non-current,deferred tax liabilities,long term taxes payable,Total other non-current liabilities,Total liabilities,Retained Earnings (Accumulated Deficit),Accumulated other comprehensive (loss)/income,Total shareholders equity,Total liabilities and shareholders' equity,"Depreciation, amortization and accretion",Stock-based compensation expense,Deferred income tax expense,"Increase (Decrease) in Accounts receivable, net",Increase (Decrease) in Inventories,Increase (Decrease) in Other Receivables,Increase (Decrease) in Other Operating Assets,Increase (Decrease) in Accounts Payable,Increase (Decrease) in Deferred Revenue,Increase (Decrease) Other liabilities,Cash generated by operating activities,Purchases of marketable securities,Proceeds from maturities of marketable securities,Proceeds from sales of marketable securities,Purchases of other long-term investments,"Business acquisitions, net of cash acquired",Cash payments for capital asset purchases,Payments for acquisition of intangible assets,Payments for (Proceeds from) Other Investing Activities,Cash used in investing activities,Proceeds from issuance of common stock,Excess tax benefits from stock-based compensation,Cash generated/used in financing activities,Increase/(decrease) in cash and cash equivalents,"Cash paid for income taxes, net"
2009-12-31,,,3495000000.0,,,,,,2343000000.0,599000000.0,658000000.0,0.99,0.98,,,1809000000.0,,2152000000.0,569000000.0,218000000.0,,1558000000.0,8787000000.0,,24297000000.0,1299000000.0,510000000.0,1551000000.0,39535000000.0,1217000000.0,3017000000.0,,6621000000.0,,1090000000.0,,3208000000.0,,650000000.0,-2724000000.0,4675000000.0,39535000000.0,,,15000000.0,-62000000.0,34000000.0,,177000000.0,,,-366000000.0,2213000000.0,,,,,,2520000000.0,,26000000.0,-1917000000.0,,,610000000.0,928000000.0,484000000.0
2010-03-31,,,1000000000.0,,,,,,580000000.0,196000000.0,187000000.0,0.27,0.27,,,3392000000.0,,2244000000.0,575000000.0,235000000.0,,1215000000.0,10460000000.0,,24827000000.0,1297000000.0,508000000.0,1556000000.0,41882000000.0,,,,6894000000.0,,1130000000.0,,3253000000.0,,791000000.0,-2881000000.0,6247000000.0,41882000000.0,,,29000000.0,64000000.0,-3000000.0,,70000000.0,,,42000000.0,684000000.0,,,,,,493000000.0,,-59000000.0,-595000000.0,1570000000.0,,1515000000.0,1583000000.0,260000000.0
2010-06-30,,,1968000000.0,,,,,,1106000000.0,451000000.0,331000000.0,0.44,0.44,795000000.0,800000000.0,2891000000.0,,2184000000.0,551000000.0,257000000.0,,1086000000.0,9564000000.0,,24086000000.0,1293000000.0,574000000.0,1533000000.0,40701000000.0,,,,6364000000.0,,1208000000.0,,2742000000.0,,942000000.0,-2602000000.0,6687000000.0,40701000000.0,-561000000.0,,117000000.0,69000000.0,1000000.0,,51000000.0,,,56000000.0,1416000000.0,,,3210000000.0,,,1002000000.0,,-43000000.0,-955000000.0,1569000000.0,,692000000.0,1109000000.0,429000000.0
2010-09-30,,,2953000000.0,,,,,,1487000000.0,562000000.0,445000000.0,0.58,0.58,794000000.0,799000000.0,2848000000.0,,2349000000.0,611000000.0,244000000.0,,1142000000.0,9768000000.0,,24975000000.0,1276000000.0,610000000.0,1634000000.0,41780000000.0,,,,7029000000.0,,1249000000.0,,3025000000.0,,1056000000.0,-2504000000.0,6890000000.0,41780000000.0,847000000.0,,31000000.0,136000000.0,-9000000.0,,51000000.0,,,108000000.0,2412000000.0,,,4652000000.0,,,1528000000.0,,-31000000.0,-1347000000.0,1566000000.0,,22000000.0,1066000000.0,589000000.0
2010-12-31,,,3964000000.0,,,,,,1044000000.0,307000000.0,9000000.0,0.01,0.01,769000000.0,769000000.0,2554000000.0,,2362000000.0,600000000.0,13000000.0,,1059000000.0,9446000000.0,,24621000000.0,1271000000.0,516000000.0,1624000000.0,40511000000.0,2060000000.0,2700000000.0,,8065000000.0,,895000000.0,8000000.0,2863000000.0,,620000000.0,-2383000000.0,6473000000.0,40511000000.0,-1137000000.0,,-418000000.0,98000000.0,-10000000.0,,248000000.0,,,257000000.0,3510000000.0,,,5888000000.0,,,2310000000.0,,-40000000.0,-2040000000.0,1567000000.0,,-706000000.0,772000000.0,698000000.0
2011-03-31,,,1016000000.0,,,,,,703000000.0,218000000.0,224000000.0,0.28,0.28,787000000.0,792000000.0,2008000000.0,,2489000000.0,634000000.0,310000000.0,,741000000.0,8746000000.0,,25023000000.0,1269000000.0,515000000.0,1618000000.0,40500000000.0,1873000000.0,2273000000.0,,7551000000.0,,907000000.0,,2713000000.0,,844000000.0,-2248000000.0,6792000000.0,40500000000.0,296000000.0,,17000000.0,112000000.0,69000000.0,,-11000000.0,,,59000000.0,505000000.0,,,1257000000.0,,,479000000.0,,20000000.0,-601000000.0,0.0,,-463000000.0,-544000000.0,304000000.0
2011-06-30,,,2035000000.0,,,,,,1328000000.0,396000000.0,398000000.0,0.51,0.5,785000000.0,790000000.0,3624000000.0,,2614000000.0,654000000.0,298000000.0,,855000000.0,10173000000.0,,25547000000.0,1267000000.0,527000000.0,2057000000.0,42635000000.0,1892000000.0,2452000000.0,,7193000000.0,,891000000.0,,2938000000.0,,1018000000.0,-2278000000.0,6911000000.0,42635000000.0,607000000.0,,28000000.0,182000000.0,88000000.0,,43000000.0,,,178000000.0,1180000000.0,,,3124000000.0,,,1019000000.0,,15000000.0,-757000000.0,0.0,,620000000.0,1072000000.0,506000000.0
2011-09-30,13117000000.0,,3019000000.0,,,,,,1519000000.0,469000000.0,267000000.0,0.34,0.34,783000000.0,787000000.0,3392000000.0,,2364000000.0,668000000.0,278000000.0,,1128000000.0,10067000000.0,,23813000000.0,1246000000.0,493000000.0,2133000000.0,40883000000.0,1792000000.0,2619000000.0,,7241000000.0,,621000000.0,,2978000000.0,,887000000.0,-2727000000.0,6233000000.0,40883000000.0,909000000.0,,-67000000.0,185000000.0,118000000.0,,167000000.0,,,227000000.0,2308000000.0,,,4218000000.0,,,1832000000.0,,4000000.0,-1734000000.0,0.0,,347000000.0,842000000.0,647000000.0
2011-12-31,17274000000.0,,4134000000.0,,,,,,2179000000.0,636000000.0,58000000.0,0.07,0.07,778000000.0,783000000.0,1710000000.0,,2547000000.0,789000000.0,-199000000.0,,1576000000.0,9228000000.0,,25731000000.0,3733000000.0,566000000.0,2340000000.0,45333000000.0,2020000000.0,3419000000.0,,8446000000.0,,1328000000.0,3000000.0,3119000000.0,,678000000.0,-2758000000.0,5946000000.0,45333000000.0,1209000000.0,,-199000000.0,236000000.0,141000000.0,,403000000.0,,,351000000.0,2884000000.0,,,6119000000.0,,,2430000000.0,,-6000000.0,-4906000000.0,0.0,,1412000000.0,-815000000.0,971000000.0
2012-03-31,4740000000.0,,1078000000.0,,,,,,773000000.0,267000000.0,341000000.0,0.45,0.44,766000000.0,785000000.0,1688000000.0,,2735000000.0,799000000.0,480000000.0,,1394000000.0,9559000000.0,,25589000000.0,3732000000.0,550000000.0,2273000000.0,45431000000.0,2014000000.0,3114000000.0,,7978000000.0,,1445000000.0,,3132000000.0,,1019000000.0,-2575000000.0,6489000000.0,45431000000.0,351000000.0,,101000000.0,189000000.0,11000000.0,,156000000.0,,,41000000.0,534000000.0,,,1523000000.0,,,579000000.0,,-4000000.0,-725000000.0,,,37000000.0,-16000000.0,325000000.0
2012-06-30,8932000000.0,,1770000000.0,,,,,,974000000.0,343000000.0,481000000.0,0.63,0.63,765000000.0,769000000.0,1727000000.0,,2628000000.0,826000000.0,433000000.0,,1087000000.0,8317000000.0,,25097000000.0,3801000000.0,507000000.0,2177000000.0,42749000000.0,2171000000.0,2250000000.0,,7039000000.0,,1354000000.0,,3756000000.0,,1159000000.0,-2865000000.0,6123000000.0,42749000000.0,692000000.0,,72000000.0,175000000.0,43000000.0,,293000000.0,,,245000000.0,1114000000.0,,,3603000000.0,,,1071000000.0,,17000000.0,-352000000.0,,,-862000000.0,23000000.0,525000000.0
2012-09-30,13519000000.0,,2774000000.0,,,,,,-1251000000.0,519000000.0,-1568000000.0,-2.1,-2.1,759000000.0,759000000.0,1943000000.0,,2671000000.0,796000000.0,431000000.0,,1009000000.0,8684000000.0,,25484000000.0,1967000000.0,462000000.0,2168000000.0,41356000000.0,2327000000.0,2438000000.0,,7526000000.0,,1417000000.0,,3719000000.0,,-439000000.0,-2905000000.0,4424000000.0,41356000000.0,1019000000.0,,101000000.0,191000000.0,10000000.0,,379000000.0,,,275000000.0,2129000000.0,,,5160000000.0,,,1581000000.0,,21000000.0,-676000000.0,,,-1343000000.0,239000000.0,580000000.0
2012-12-31,18141000000.0,,3714000000.0,,,,,,314000000.0,708000000.0,-912000000.0,-1.21,-1.21,755000000.0,755000000.0,1970000000.0,,2712000000.0,769000000.0,145000000.0,,1114000000.0,8465000000.0,,25913000000.0,1999000000.0,429000000.0,2242000000.0,41830000000.0,2638000000.0,2532000000.0,,8319000000.0,,1238000000.0,2000000.0,3706000000.0,,-264000000.0,-2920000000.0,4569000000.0,41830000000.0,,,162000000.0,241000000.0,-24000000.0,,589000000.0,,,335000000.0,2901000000.0,,,6489000000.0,,,2236000000.0,,1000000.0,-1023000000.0,0.0,,-1739000000.0,275000000.0,647000000.0
2013-03-31,4265000000.0,,755000000.0,,,,,,299000000.0,82000000.0,82000000.0,0.11,0.11,745000000.0,749000000.0,2301000000.0,,2633000000.0,755000000.0,231000000.0,,1403000000.0,9258000000.0,,26012000000.0,1999000000.0,417000000.0,2153000000.0,42718000000.0,2951000000.0,2251000000.0,,9286000000.0,,1239000000.0,,3713000000.0,,-182000000.0,-2952000000.0,4633000000.0,42718000000.0,,,13000000.0,-42000000.0,4000000.0,,45000000.0,,,-1000000.0,618000000.0,,,1704000000.0,,,546000000.0,,-14000000.0,-726000000.0,,,455000000.0,335000000.0,295000000.0
2013-06-30,8333000000.0,,1673000000.0,,,,,,708000000.0,163000000.0,249000000.0,0.33,0.33,747000000.0,751000000.0,1611000000.0,,2417000000.0,763000000.0,207000000.0,,1157000000.0,7810000000.0,,25868000000.0,1999000000.0,408000000.0,2183000000.0,40836000000.0,2622000000.0,2335000000.0,,8273000000.0,,1195000000.0,,3251000000.0,,-15000000.0,-2939000000.0,4749000000.0,40836000000.0,,,-46000000.0,-191000000.0,12000000.0,,147000000.0,,,-11000000.0,1185000000.0,,,2323000000.0,,,866000000.0,,-22000000.0,-706000000.0,,,-799000000.0,-355000000.0,432000000.0
2013-09-30,12108000000.0,,2603000000.0,,,,,,1105000000.0,285000000.0,320000000.0,0.43,0.43,745000000.0,749000000.0,2031000000.0,,2326000000.0,711000000.0,172000000.0,,836000000.0,8251000000.0,,25082000000.0,1941000000.0,325000000.0,2169000000.0,41250000000.0,2156000000.0,2116000000.0,,8009000000.0,,1116000000.0,,3042000000.0,,56000000.0,-2918000000.0,4813000000.0,41250000000.0,,,-82000000.0,-135000000.0,6000000.0,,149000000.0,,,6000000.0,2040000000.0,,,3394000000.0,,,1330000000.0,,-34000000.0,-1267000000.0,,,-635000000.0,122000000.0,506000000.0
2013-12-31,15891000000.0,,3247000000.0,,,,,,1048000000.0,343000000.0,114000000.0,0.15,0.15,743000000.0,748000000.0,1642000000.0,,2363000000.0,684000000.0,-368000000.0,,976000000.0,7739000000.0,,25112000000.0,1622000000.0,297000000.0,2170000000.0,40411000000.0,2259000000.0,2114000000.0,,7653000000.0,,1119000000.0,2000000.0,3299000000.0,,-150000000.0,-2882000000.0,4330000000.0,40411000000.0,,,-158000000.0,-146000000.0,-16000000.0,,103000000.0,,,137000000.0,2715000000.0,,,4406000000.0,,,1988000000.0,,-32000000.0,-1774000000.0,,,-1136000000.0,-258000000.0,570000000.0
2014-03-31,4262000000.0,,794000000.0,,,,,,118000000.0,54000000.0,-58000000.0,-0.08,-0.08,724000000.0,724000000.0,1413000000.0,,2586000000.0,687000000.0,181000000.0,,1252000000.0,7989000000.0,,25353000000.0,1468000000.0,293000000.0,2445000000.0,40973000000.0,2632000000.0,1926000000.0,,7840000000.0,,1145000000.0,,3191000000.0,,-208000000.0,-2967000000.0,4193000000.0,40973000000.0,,,56000000.0,219000000.0,12000000.0,,444000000.0,,,-62000000.0,221000000.0,,,1060000000.0,,,399000000.0,,-3000000.0,-326000000.0,,,-132000000.0,-229000000.0,237000000.0
2014-06-30,,,1613000000.0,,,,,,536000000.0,211000000.0,133000000.0,0.18,0.18,725000000.0,728000000.0,1515000000.0,,2689000000.0,710000000.0,190000000.0,,1220000000.0,7407000000.0,17000000.0,25628000000.0,1468000000.0,299000000.0,2426000000.0,39433000000.0,2130000000.0,2170000000.0,,6667000000.0,,1114000000.0,,3106000000.0,,-75000000.0,-3023000000.0,4211000000.0,39433000000.0,,,52000000.0,312000000.0,39000000.0,,316000000.0,,,66000000.0,453000000.0,,,2218000000.0,,,908000000.0,,61000000.0,-391000000.0,,,-250000000.0,-127000000.0,332000000.0
2014-09-30,,,2380000000.0,,,,,,1142000000.0,303000000.0,563000000.0,0.78,0.78,724000000.0,740000000.0,1670000000.0,,2755000000.0,741000000.0,148000000.0,,1192000000.0,7887000000.0,,25067000000.0,1468000000.0,283000000.0,2401000000.0,38983000000.0,2203000000.0,2121000000.0,,7073000000.0,,1165000000.0,,3158000000.0,,413000000.0,-3176000000.0,4397000000.0,38983000000.0,,,83000000.0,494000000.0,75000000.0,,439000000.0,,,319000000.0,1216000000.0,,,3362000000.0,,,1389000000.0,,55000000.0,-364000000.0,,,-844000000.0,28000000.0,401000000.0
2014-12-31,17146000000.0,,3088000000.0,,,,,,1576000000.0,419000000.0,769000000.0,1.07,1.06,720000000.0,724000000.0,1539000000.0,,2709000000.0,702000000.0,-385000000.0,,1434000000.0,7826000000.0,,25151000000.0,1458000000.0,281000000.0,2640000000.0,38966000000.0,2278000000.0,2326000000.0,,6997000000.0,,1277000000.0,2000000.0,3222000000.0,,512000000.0,-3286000000.0,4272000000.0,38966000000.0,,,47000000.0,520000000.0,48000000.0,,723000000.0,,,516000000.0,1791000000.0,,,4569000000.0,,,2016000000.0,,52000000.0,-656000000.0,,,-1262000000.0,-103000000.0,480000000.0
2015-03-31,,,721000000.0,,,,,,335000000.0,96000000.0,142000000.0,0.2,0.2,704000000.0,706000000.0,1337000000.0,,2807000000.0,707000000.0,173000000.0,,1562000000.0,7642000000.0,,22848000000.0,1465000000.0,261000000.0,2520000000.0,37997000000.0,2051000000.0,2345000000.0,,6582000000.0,,1223000000.0,,3060000000.0,,423000000.0,-3549000000.0,4022000000.0,37997000000.0,,,-12000000.0,337000000.0,35000000.0,,290000000.0,,,124000000.0,437000000.0,,,1086000000.0,,,619000000.0,,31000000.0,-720000000.0,,,113000000.0,-202000000.0,103000000.0
2015-06-30,,,1475000000.0,,,,,,719000000.0,216000000.0,211000000.0,0.3,0.3,698000000.0,701000000.0,1022000000.0,,2877000000.0,734000000.0,213000000.0,,1799000000.0,7515000000.0,,23440000000.0,1473000000.0,241000000.0,2691000000.0,38584000000.0,1994000000.0,2317000000.0,,6563000000.0,,1281000000.0,,3110000000.0,,258000000.0,-3445000000.0,3864000000.0,38584000000.0,,,17000000.0,444000000.0,54000000.0,,815000000.0,,,453000000.0,590000000.0,,,2481000000.0,,,1168000000.0,,26000000.0,-1070000000.0,,,-11000000.0,-517000000.0,247000000.0
2015-09-30,,,2148000000.0,,,,,,885000000.0,261000000.0,391000000.0,0.57,0.56,692000000.0,694000000.0,1437000000.0,,2477000000.0,670000000.0,155000000.0,,1514000000.0,7220000000.0,,22463000000.0,1473000000.0,251000000.0,2596000000.0,37000000000.0,1729000000.0,2134000000.0,,6534000000.0,,1185000000.0,,2906000000.0,,370000000.0,-3758000000.0,3567000000.0,37000000000.0,,,-8000000.0,314000000.0,11000000.0,,1103000000.0,,,452000000.0,1505000000.0,,,3705000000.0,,,1687000000.0,,50000000.0,-1639000000.0,,,86000000.0,-102000000.0,319000000.0
2015-12-31,14963000000.0,,2866000000.0,,,,,,1122000000.0,465000000.0,306000000.0,0.45,0.44,687000000.0,689000000.0,1262000000.0,,2473000000.0,675000000.0,1992000000.0,,1473000000.0,6866000000.0,,22816000000.0,1157000000.0,214000000.0,2536000000.0,36850000000.0,1721000000.0,2436000000.0,,6950000000.0,,1090000000.0,35000000.0,2896000000.0,,143000000.0,-3883000000.0,3149000000.0,36850000000.0,,,-50000000.0,378000000.0,26000000.0,,1305000000.0,,,533000000.0,2134000000.0,,,4902000000.0,,,2308000000.0,,70000000.0,-2366000000.0,,,28000000.0,-277000000.0,388000000.0
2016-03-31,,,504000000.0,,,,,,160000000.0,92000000.0,126000000.0,0.19,0.19,661000000.0,663000000.0,1185000000.0,,2581000000.0,682000000.0,,,1461000000.0,6947000000.0,,23416000000.0,1157000000.0,209000000.0,2041000000.0,36900000000.0,1739000000.0,2280000000.0,,6572000000.0,,1118000000.0,,3032000000.0,,198000000.0,-3807000000.0,3201000000.0,36900000000.0,,,31000000.0,-37000000.0,24000000.0,,21000000.0,,,93000000.0,640000000.0,,,1619000000.0,,,640000000.0,,8000000.0,-548000000.0,,,-180000000.0,-77000000.0,182000000.0
2016-06-30,,,1083000000.0,,,,,,151000000.0,90000000.0,-482000000.0,-0.73,-0.73,660000000.0,662000000.0,1265000000.0,,2087000000.0,655000000.0,,,1441000000.0,7381000000.0,,23035000000.0,1157000000.0,219000000.0,1898000000.0,36974000000.0,1434000000.0,2082000000.0,,6216000000.0,,1036000000.0,,3072000000.0,,-284000000.0,-3768000000.0,2766000000.0,36974000000.0,,,-443000000.0,-366000000.0,-12000000.0,,172000000.0,,,407000000.0,1363000000.0,,,2404000000.0,,,1255000000.0,,30000000.0,-1326000000.0,,,-43000000.0,8000000.0,347000000.0
2016-09-30,,,1771000000.0,,,,,,445000000.0,165000000.0,-181000000.0,-0.28,-0.28,660000000.0,662000000.0,1325000000.0,,2081000000.0,637000000.0,,,1266000000.0,7294000000.0,,23283000000.0,1157000000.0,227000000.0,1909000000.0,37108000000.0,1426000000.0,2026000000.0,,5713000000.0,,1042000000.0,,3035000000.0,,-114000000.0,-3753000000.0,2882000000.0,37108000000.0,,,-475000000.0,-335000000.0,-36000000.0,,237000000.0,,,497000000.0,2182000000.0,,,3216000000.0,,,1770000000.0,,22000000.0,-1869000000.0,,,-258000000.0,68000000.0,425000000.0
2016-12-31,13586000000.0,,2433000000.0,,,,,,313000000.0,-188000000.0,-1130000000.0,-1.72,-1.71,660000000.0,662000000.0,1305000000.0,,2166000000.0,630000000.0,2128000000.0,,1151000000.0,6411000000.0,,22847000000.0,1157000000.0,359000000.0,1905000000.0,36119000000.0,1656000000.0,2066000000.0,,5272000000.0,,804000000.0,22000000.0,3005000000.0,,,-2756000000.0,,36119000000.0,,,-793000000.0,-237000000.0,-42000000.0,,251000000.0,,,473000000.0,2884000000.0,,,4335000000.0,,,2345000000.0,,31000000.0,-2108000000.0,,,-747000000.0,48000000.0,487000000.0
2017-03-31,,,593000000.0,,,,,,171000000.0,69000000.0,-24000000.0,-0.04,-0.04,659000000.0,659000000.0,1588000000.0,,2134000000.0,645000000.0,,,1040000000.0,6401000000.0,,23148000000.0,1157000000.0,353000000.0,1886000000.0,36508000000.0,1657000000.0,2043000000.0,,5243000000.0,,758000000.0,,2996000000.0,,-1139000000.0,-2717000000.0,2991000000.0,36508000000.0,,,-6000000.0,-50000000.0,16000000.0,,43000000.0,,,27000000.0,703000000.0,,,921000000.0,,,474000000.0,,39000000.0,-340000000.0,,,-79000000.0,283000000.0,74000000.0
2017-06-30,,,1263000000.0,,,,,,306000000.0,160000000.0,53000000.0,0.08,0.08,660000000.0,662000000.0,1213000000.0,,2173000000.0,633000000.0,,,1061000000.0,6318000000.0,,23192000000.0,1157000000.0,397000000.0,1983000000.0,36469000000.0,1684000000.0,1893000000.0,,6411000000.0,,746000000.0,,2905000000.0,,-1086000000.0,-2741000000.0,3021000000.0,36469000000.0,,,-18000000.0,120000000.0,43000000.0,,155000000.0,,,63000000.0,954000000.0,,,1962000000.0,,,1123000000.0,,58000000.0,-1108000000.0,,,64000000.0,-92000000.0,218000000.0
2017-09-30,,,1974000000.0,,,,,,454000000.0,270000000.0,181000000.0,0.28,0.27,660000000.0,663000000.0,1398000000.0,,2357000000.0,660000000.0,,,1080000000.0,6660000000.0,,24356000000.0,1157000000.0,474000000.0,2095000000.0,38834000000.0,2091000000.0,2020000000.0,,6736000000.0,,742000000.0,,3047000000.0,,-934000000.0,-2666000000.0,3186000000.0,38834000000.0,,,-3000000.0,279000000.0,66000000.0,,266000000.0,,,134000000.0,1689000000.0,,,2982000000.0,,,1587000000.0,,86000000.0,-2282000000.0,,,678000000.0,93000000.0,291000000.0
2017-12-31,10530000000.0,,2464000000.0,,,,,,-521000000.0,990000000.0,-1161000000.0,-1.76,-1.76,660000000.0,660000000.0,949000000.0,,1463000000.0,562000000.0,691000000.0,,630000000.0,6398000000.0,,20296000000.0,1059000000.0,366000000.0,1741000000.0,33112000000.0,1371000000.0,1232000000.0,,6028000000.0,,1006000000.0,17000000.0,2365000000.0,,-2276000000.0,-1876000000.0,2465000000.0,33112000000.0,,,672000000.0,177000000.0,28000000.0,,295000000.0,,,111000000.0,2489000000.0,,,1398000000.0,,,2177000000.0,,61000000.0,-2749000000.0,,,43000000.0,-295000000.0,377000000.0
2018-03-31,2740000000.0,,656000000.0,,,,,,126000000.0,231000000.0,684000000.0,1.04,1.03,661000000.0,663000000.0,1212000000.0,,1498000000.0,569000000.0,,,703000000.0,5438000000.0,,20688000000.0,1059000000.0,362000000.0,1635000000.0,32573000000.0,1317000000.0,1182000000.0,,4876000000.0,,1207000000.0,,2264000000.0,,-1525000000.0,-1808000000.0,3193000000.0,32573000000.0,,,180000000.0,39000000.0,16000000.0,,-19000000.0,,,-17000000.0,515000000.0,,,147000000.0,,,495000000.0,,29000000.0,416000000.0,,,-630000000.0,380000000.0,71000000.0
2018-06-30,5277000000.0,4021000000.0,1256000000.0,,,,,,293000000.0,363000000.0,974000000.0,1.47,1.47,661000000.0,664000000.0,1140000000.0,,1423000000.0,583000000.0,,,682000000.0,5287000000.0,,20719000000.0,1059000000.0,341000000.0,1700000000.0,32597000000.0,1506000000.0,1036000000.0,,3994000000.0,,1165000000.0,,2562000000.0,,-1234000000.0,-1988000000.0,3309000000.0,32597000000.0,,,183000000.0,-6000000.0,33000000.0,,-15000000.0,,,-17000000.0,914000000.0,,,414000000.0,,,994000000.0,,57000000.0,120000000.0,,,-729000000.0,,209000000.0
2018-09-30,8114000000.0,6187000000.0,1927000000.0,,,,,,409000000.0,509000000.0,1075000000.0,1.62,1.62,662000000.0,665000000.0,1187000000.0,,1510000000.0,562000000.0,,,706000000.0,5015000000.0,,21108000000.0,1059000000.0,400000000.0,1607000000.0,32489000000.0,1299000000.0,1151000000.0,,4047000000.0,,1214000000.0,,2552000000.0,,-1133000000.0,-2020000000.0,3305000000.0,32489000000.0,,,221000000.0,125000000.0,13000000.0,,22000000.0,,,51000000.0,1681000000.0,,,1127000000.0,,,1592000000.0,,37000000.0,-190000000.0,,,-1163000000.0,,313000000.0
2018-12-31,10736000000.0,8163000000.0,2573000000.0,,,,,,-509000000.0,708000000.0,1203000000.0,1.82,1.81,662000000.0,665000000.0,1166000000.0,,1595000000.0,577000000.0,478000000.0,,807000000.0,5015000000.0,,21396000000.0,1059000000.0,436000000.0,1514000000.0,32521000000.0,1329000000.0,962000000.0,,4399000000.0,,1280000000.0,7000000.0,2723000000.0,,-1005000000.0,-2071000000.0,3208000000.0,32521000000.0,,,313000000.0,206000000.0,36000000.0,,32000000.0,,,55000000.0,2343000000.0,,,1403000000.0,,,2121000000.0,,84000000.0,-505000000.0,,,-1643000000.0,215000000.0,370000000.0
2019-03-31,2650000000.0,2064000000.0,586000000.0,,,,,,-109000000.0,115000000.0,154000000.0,0.23,0.23,663000000.0,667000000.0,1426000000.0,,1564000000.0,579000000.0,,,703000000.0,5855000000.0,,21228000000.0,1059000000.0,467000000.0,1771000000.0,33471000000.0,1224000000.0,914000000.0,,4357000000.0,,1302000000.0,,2828000000.0,,-839000000.0,-2107000000.0,3234000000.0,33471000000.0,,,62000000.0,-9000000.0,18000000.0,,-2000000.0,,,-1000000.0,690000000.0,,,148000000.0,,,504000000.0,,-1000000.0,-663000000.0,,,402000000.0,,65000000.0
2019-06-30,5133000000.0,4045000000.0,1088000000.0,,,,,,-180000000.0,172000000.0,171000000.0,0.26,0.26,664000000.0,667000000.0,1169000000.0,,1538000000.0,496000000.0,,,811000000.0,5517000000.0,,21565000000.0,1059000000.0,460000000.0,1695000000.0,33238000000.0,1234000000.0,897000000.0,,4042000000.0,,1233000000.0,,2931000000.0,,-824000000.0,-2147000000.0,3208000000.0,33238000000.0,,,15000000.0,-10000000.0,-25000000.0,,-11000000.0,,,-24000000.0,1014000000.0,,,324000000.0,,,1070000000.0,,22000000.0,-1113000000.0,,,108000000.0,,236000000.0
2019-09-30,7758000000.0,5969000000.0,1789000000.0,,,,,,-304000000.0,302000000.0,381000000.0,0.57,0.57,664000000.0,667000000.0,1145000000.0,,1503000000.0,495000000.0,,,856000000.0,5470000000.0,,21853000000.0,1059000000.0,462000000.0,1624000000.0,33423000000.0,1237000000.0,951000000.0,,4991000000.0,,1198000000.0,,3083000000.0,,-614000000.0,-2335000000.0,3140000000.0,33423000000.0,,,4000000.0,-27000000.0,3000000.0,,-1000000.0,,,-5000000.0,1775000000.0,,,517000000.0,,,1628000000.0,,-30000000.0,-1711000000.0,,,-133000000.0,,296000000.0
2019-12-31,10189000000.0,7840000000.0,2349000000.0,,,,,,-277000000.0,352000000.0,303000000.0,0.46,0.45,664000000.0,667000000.0,1029000000.0,,1479000000.0,487000000.0,656000000.0,,802000000.0,5231000000.0,,22574000000.0,1059000000.0,469000000.0,1635000000.0,33648000000.0,1311000000.0,1021000000.0,,5096000000.0,,1213000000.0,0.0,2917000000.0,,-692000000.0,-2229000000.0,2996000000.0,33648000000.0,,,-8000000.0,-73000000.0,-28000000.0,,20000000.0,,,-73000000.0,2466000000.0,,,663000000.0,,,2405000000.0,,24000000.0,-2721000000.0,,,-86000000.0,-431000000.0,363000000.0
2020-03-31,2338000000.0,1831000000.0,507000000.0,,,,,,-119000000.0,89000000.0,144000000.0,0.22,0.22,664000000.0,668000000.0,1544000000.0,,1446000000.0,461000000.0,,,843000000.0,5751000000.0,,22570000000.0,1059000000.0,459000000.0,1628000000.0,34142000000.0,1069000000.0,1168000000.0,,5432000000.0,,,,3148000000.0,,-583000000.0,-2692000000.0,2539000000.0,34142000000.0,,,2000000.0,40000000.0,-23000000.0,,79000000.0,,,39000000.0,373000000.0,,,258000000.0,,,576000000.0,,26000000.0,-735000000.0,,,1030000000.0,638000000.0,52000000.0
2020-06-30,4555000000.0,3524000000.0,1031000000.0,,,,,,-237000000.0,202000000.0,-83000000.0,-0.12,-0.12,665000000.0,668000000.0,1417000000.0,,1414000000.0,504000000.0,,,880000000.0,5966000000.0,,22836000000.0,1059000000.0,566000000.0,1527000000.0,34566000000.0,1207000000.0,1247000000.0,,5448000000.0,,,,3103000000.0,,-665000000.0,-2693000000.0,2462000000.0,34566000000.0,,,54000000.0,30000000.0,46000000.0,,75000000.0,,,0.0,820000000.0,,,313000000.0,,,962000000.0,,76000000.0,-1361000000.0,,,1158000000.0,535000000.0,176000000.0
2020-09-30,7100000000.0,5313000000.0,1787000000.0,,,,,,197000000.0,-147000000.0,-333000000.0,-0.5,-0.5,665000000.0,665000000.0,1505000000.0,,1404000000.0,474000000.0,,,747000000.0,5885000000.0,,22287000000.0,1059000000.0,614000000.0,1537000000.0,34267000000.0,1103000000.0,1197000000.0,,5777000000.0,,,,3119000000.0,,-998000000.0,-2628000000.0,2004000000.0,34267000000.0,,,-342000000.0,40000000.0,15000000.0,,252000000.0,,606000000.0,97000000.0,2087000000.0,,,410000000.0,,,1375000000.0,,52000000.0,-1856000000.0,,,657000000.0,809000000.0,258000000.0
2020-12-31,9660000000.0,6967000000.0,2693000000.0,,,,,,-192000000.0,216000000.0,46000000.0,0.07,0.07,665000000.0,668000000.0,1089000000.0,,1300000000.0,461000000.0,1231000000.0,,726000000.0,5414000000.0,,22826000000.0,1061000000.0,827000000.0,1660000000.0,34603000000.0,1156000000.0,1223000000.0,,5362000000.0,,,0.0,3241000000.0,,-680000000.0,-2397000000.0,2634000000.0,34603000000.0,,,-233000000.0,-48000000.0,20000000.0,,134000000.0,,431000000.0,79000000.0,2755000000.0,,,582000000.0,,,1900000000.0,,79000000.0,-2295000000.0,,,-78000000.0,255000000.0,333000000.0
2021-03-31,2635000000.0,1971000000.0,664000000.0,,,,,,-163000000.0,8000000.0,-148000000.0,-0.22,-0.22,666000000.0,666000000.0,1886000000.0,,1342000000.0,446000000.0,,,728000000.0,6237000000.0,,22498000000.0,1146000000.0,797000000.0,1878000000.0,35203000000.0,832000000.0,1173000000.0,,5021000000.0,,,,3110000000.0,,-828000000.0,-2237000000.0,3377000000.0,35203000000.0,,,21000000.0,79000000.0,-14000000.0,,-31000000.0,,-142000000.0,-3000000.0,253000000.0,,,245000000.0,,,432000000.0,,18000000.0,-387000000.0,,,993000000.0,779000000.0,50000000.0
2021-06-30,5335000000.0,3943000000.0,1392000000.0,,,,,,140000000.0,-59000000.0,-120000000.0,-0.18,-0.18,666000000.0,670000000.0,1213000000.0,,1374000000.0,445000000.0,,,868000000.0,5530000000.0,,22582000000.0,1110000000.0,900000000.0,1892000000.0,34727000000.0,948000000.0,927000000.0,,4337000000.0,,,,3259000000.0,,-800000000.0,-2347000000.0,3265000000.0,34727000000.0,,,-73000000.0,120000000.0,-7000000.0,,-8000000.0,,-307000000.0,-21000000.0,604000000.0,,,300000000.0,,,999000000.0,,8000000.0,-1145000000.0,,,682000000.0,199000000.0,372000000.0
2021-09-30,8371000000.0,6219000000.0,2152000000.0,,,,,,-140000000.0,126000000.0,343000000.0,0.52,0.48,667000000.0,710000000.0,1411000000.0,,1400000000.0,577000000.0,,,889000000.0,5690000000.0,,22788000000.0,1110000000.0,928000000.0,1917000000.0,35030000000.0,1015000000.0,1053000000.0,,4658000000.0,,,,3214000000.0,,-457000000.0,-2365000000.0,3482000000.0,35030000000.0,,,-77000000.0,118000000.0,70000000.0,,-25000000.0,,-360000000.0,-23000000.0,1379000000.0,,,,,,1534000000.0,,219000000.0,-1728000000.0,,,521000000.0,147000000.0,407000000.0
2021-12-31,11141000000.0,8430000000.0,2711000000.0,,,,,,-644000000.0,-133000000.0,-409000000.0,-0.61,-0.61,666000000.0,666000000.0,943000000.0,,1418000000.0,604000000.0,1440000000.0,,897000000.0,5356000000.0,,19906000000.0,1177000000.0,1450000000.0,2188000000.0,32963000000.0,1153000000.0,1120000000.0,,4732000000.0,,,0.0,3358000000.0,,-1089000000.0,-2220000000.0,2798000000.0,32963000000.0,,,-406000000.0,170000000.0,93000000.0,,285000000.0,,-314000000.0,190000000.0,1902000000.0,,,578000000.0,,,2116000000.0,,97000000.0,-3051000000.0,,,797000000.0,-343000000.0,459000000.0
2022-03-31,2852000000.0,2322000000.0,530000000.0,,,,,,-66000000.0,60000000.0,115000000.0,0.17,0.16,668000000.0,711000000.0,1056000000.0,,1523000000.0,688000000.0,,,1110000000.0,6142000000.0,,20453000000.0,1182000000.0,1585000000.0,2489000000.0,34648000000.0,1288000000.0,1140000000.0,,5753000000.0,,,,3275000000.0,,-974000000.0,-1899000000.0,3044000000.0,34648000000.0,,,-7000000.0,77000000.0,44000000.0,,10000000.0,,10000000.0,-9000000.0,457000000.0,,,,,,766000000.0,,10000000.0,-1153000000.0,,,818000000.0,78000000.0,46000000.0
2022-06-30,5930000000.0,4837000000.0,1093000000.0,,,,,,-119000000.0,41000000.0,-179000000.0,-0.27,-0.27,668000000.0,668000000.0,1075000000.0,,1675000000.0,871000000.0,,,1269000000.0,6923000000.0,,20753000000.0,1179000000.0,1646000000.0,2775000000.0,36070000000.0,1685000000.0,1099000000.0,,5989000000.0,,,,3117000000.0,,-1153000000.0,-1790000000.0,2995000000.0,36070000000.0,,,-43000000.0,262000000.0,227000000.0,,-94000000.0,,59000000.0,-5000000.0,865000000.0,,,,,,1659000000.0,,7000000.0,-2583000000.0,,,1924000000.0,167000000.0,141000000.0
2022-09-30,9557000000.0,7572000000.0,1985000000.0,,,,,,-161000000.0,186000000.0,421000000.0,0.63,0.59,668000000.0,711000000.0,1553000000.0,,1787000000.0,998000000.0,,,1303000000.0,7628000000.0,,21597000000.0,1179000000.0,1626000000.0,2964000000.0,37775000000.0,1688000000.0,1212000000.0,,5902000000.0,,,,3167000000.0,,-732000000.0,-1691000000.0,3409000000.0,37775000000.0,,,0.0,409000000.0,361000000.0,,-251000000.0,,48000000.0,4000000.0,1649000000.0,,,,,,2711000000.0,,18000000.0,-3825000000.0,,,2863000000.0,550000000.0,203000000.0
2022-12-31,12617000000.0,10069000000.0,2548000000.0,,,,,,96000000.0,265000000.0,-546000000.0,-0.82,-0.82,668000000.0,668000000.0,1374000000.0,,1799000000.0,1055000000.0,1015000000.0,,1533000000.0,7643000000.0,,23039000000.0,362000000.0,1841000000.0,2979000000.0,38363000000.0,1730000000.0,2151000000.0,,6491000000.0,,,0.0,3168000000.0,,-1635000000.0,-1640000000.0,2437000000.0,38363000000.0,,,4000000.0,532000000.0,417000000.0,,-433000000.0,,33000000.0,-185000000.0,2715000000.0,,,1065000000.0,,,4551000000.0,,29000000.0,-5836000000.0,,,3758000000.0,603000000.0,271000000.0
2023-03-31,3239000000.0,2645000000.0,594000000.0,,,,,,265000000.0,72000000.0,151000000.0,0.22,0.21,669000000.0,712000000.0,1441000000.0,,1859000000.0,864000000.0,,,1523000000.0,7643000000.0,,24213000000.0,362000000.0,1862000000.0,2961000000.0,39357000000.0,1505000000.0,2103000000.0,,6776000000.0,,,,3131000000.0,,-1484000000.0,-1742000000.0,2362000000.0,39357000000.0,,,-11000000.0,62000000.0,-191000000.0,,-50000000.0,,21000000.0,45000000.0,625000000.0,,,,,,1551000000.0,,11000000.0,-1624000000.0,,,1016000000.0,-10000000.0,53000000.0
2023-06-30,6266000000.0,5174000000.0,1092000000.0,,,,,,269000000.0,70000000.0,112000000.0,0.17,0.16,669000000.0,712000000.0,1322000000.0,,1710000000.0,774000000.0,,,1449000000.0,7205000000.0,,26077000000.0,362000000.0,2282000000.0,3149000000.0,41505000000.0,1583000000.0,2232000000.0,,7628000000.0,,,,3128000000.0,,-1523000000.0,-1567000000.0,2492000000.0,41505000000.0,,,-119000000.0,-60000000.0,-276000000.0,,-74000000.0,,42000000.0,-89000000.0,1187000000.0,,,,,,3396000000.0,,21000000.0,-3750000000.0,,,2529000000.0,-77000000.0,200000000.0
2023-09-30,9700000000.0,7690000000.0,2010000000.0,,,,,,683000000.0,179000000.0,343000000.0,0.51,0.48,670000000.0,712000000.0,1765000000.0,,1725000000.0,798000000.0,,,1472000000.0,7317000000.0,,27535000000.0,362000000.0,2290000000.0,3140000000.0,43161000000.0,1641000000.0,2442000000.0,,8819000000.0,,,,2775000000.0,,-1292000000.0,-1410000000.0,2779000000.0,43161000000.0,,,-102000000.0,-16000000.0,-253000000.0,,4000000.0,,50000000.0,23000000.0,2309000000.0,,,,,,5295000000.0,,95000000.0,-5673000000.0,,,3740000000.0,248000000.0,267000000.0
2023-12-31,12668000000.0,10164000000.0,2504000000.0,,,,,,104000000.0,261000000.0,249000000.0,0.37,0.35,669000000.0,712000000.0,1426000000.0,,1420000000.0,712000000.0,1098000000.0,,1387000000.0,6649000000.0,,29958000000.0,348000000.0,2243000000.0,3259000000.0,44799000000.0,2199000000.0,1334000000.0,,9731000000.0,,,0.0,3114000000.0,,-1386000000.0,-1514000000.0,2488000000.0,44799000000.0,,,-54000000.0,-161000000.0,-306000000.0,,-5000000.0,,-2000000.0,43000000.0,3034000000.0,,,1377000000.0,,,7724000000.0,,116000000.0,-8188000000.0,,,5405000000.0,-97000000.0,301000000.0
2024-03-31,3085000000.0,2466000000.0,619000000.0,,,,,,277000000.0,-16000000.0,432000000.0,0.62,0.6,690000000.0,712000000.0,1994000000.0,,1624000000.0,639000000.0,,,1404000000.0,7170000000.0,,31906000000.0,348000000.0,2258000000.0,2992000000.0,47045000000.0,2064000000.0,1273000000.0,,9211000000.0,,,,2661000000.0,,-954000000.0,-1414000000.0,2900000000.0,47045000000.0,,,222000000.0,232000000.0,-72000000.0,,91000000.0,,23000000.0,-5000000.0,287000000.0,,,,,,2148000000.0,,112000000.0,-2386000000.0,,,2606000000.0,565000000.0,68000000.0
2024-06-30,6027000000.0,4855000000.0,1172000000.0,,,,,,200000000.0,-51000000.0,617000000.0,0.88,0.87,711000000.0,713000000.0,1773000000.0,,1507000000.0,661000000.0,,,1458000000.0,9555000000.0,,30732000000.0,348000000.0,1879000000.0,2845000000.0,47738000000.0,1869000000.0,1043000000.0,,9823000000.0,,,,2452000000.0,,-769000000.0,-1409000000.0,3091000000.0,47738000000.0,,,181000000.0,239000000.0,-31000000.0,,-47000000.0,,,74000000.0,679000000.0,,,,,,3833000000.0,,118000000.0,-4224000000.0,,,3759000000.0,158000000.0,209000000.0
2024-09-30,9316000000.0,7422000000.0,1894000000.0,,,,,,529000000.0,103000000.0,1119000000.0,1.59,1.57,711000000.0,713000000.0,1919000000.0,,1868000000.0,646000000.0,,,1460000000.0,10526000000.0,,32354000000.0,348000000.0,1928000000.0,2593000000.0,50079000000.0,1965000000.0,1182000000.0,,12375000000.0,,,,2501000000.0,,-267000000.0,-1595000000.0,3290000000.0,50079000000.0,,,423000000.0,576000000.0,-58000000.0,,-177000000.0,,,132000000.0,1664000000.0,,,,,,5665000000.0,,134000000.0,-6089000000.0,,,5187000000.0,569000000.0,270000000.0
