Date,Net sales,Cost of sales,Gross margin,Research and development,"Selling, general and administrative",Total operating expenses,Operating income,"Other income/(expense), net",Income before provision for income taxes,Provision for income taxes,Net income,Earnings per share basic,Earnings per share diluted,Weighted-average basic,Weighted-average diluted,Cash and cash equivalents,Short-term marketable securities,"Accounts receivable, net",Inventories,Deferred tax assets,Vendor non-trade receivables,Other current assets,Total current assets,Long-term marketable securities,"Property, Plant and Equipment, Net",Goodwill,"Acquired intangible assets, net","Other Assets, Noncurrent",Total assets,accounts payable,Accrued expenses,Deferred revenue,Total current liabilities,Deferred revenue - non-current,deferred tax liabilities,long term taxes payable,Total other non-current liabilities,Total liabilities,Retained Earnings (Accumulated Deficit),Accumulated other comprehensive (loss)/income,Total shareholders equity,Total liabilities and shareholders' equity,"Depreciation, amortization and accretion",Stock-based compensation expense,Deferred income tax expense,"Increase (Decrease) in Accounts receivable, net",Increase (Decrease) in Inventories,Increase (Decrease) in Other Receivables,Increase (Decrease) in Other Operating Assets,Increase (Decrease) in Accounts Payable,Increase (Decrease) in Deferred Revenue,Increase (Decrease) Other liabilities,Cash generated by operating activities,Purchases of marketable securities,Proceeds from maturities of marketable securities,Proceeds from sales of marketable securities,Purchases of other long-term investments,"Business acquisitions, net of cash acquired",Cash payments for capital asset purchases,Payments for acquisition of intangible assets,Payments for (Proceeds from) Other Investing Activities,Cash used in investing activities,Proceeds from issuance of common stock,Excess tax benefits from stock-based compensation,Cash generated/used in financing activities,Increase/(decrease) in cash and cash equivalents,"Cash paid for income taxes, net"
2009-12-31,18254000000.0,,,,1977000000.0,,,,2235000000.0,738000000.0,,3.21,3.19,466552000.0,469063000.0,2323000000.0,,,,,,,,,593000000.0,,,,84106000000.0,,,,,,,,,75689000000.0,12410000000.0,,,84106000000.0,,,-92000000.0,-406000000.0,,,,,,,6161000000.0,7521000000.0,,4798000000.0,,83000000.0,,,72000000.0,-5476000000.0,,,699000000.0,1382000000.0,627000000.0
2010-03-31,5065000000.0,,,,481000000.0,,,,974000000.0,338000000.0,,1.36,1.35,467926000.0,472450000.0,1611000000.0,,,,,,,,,583000000.0,,,,85178000000.0,,,,,,,,,76191000000.0,12890000000.0,,,85178000000.0,,,,-235000000.0,,,,,,,1278000000.0,2593000000.0,,712000000.0,,,,,-2000000.0,-1969000000.0,,,-23000000.0,-712000000.0,403000000.0
2010-09-30,15438000000.0,,,,1493000000.0,,,,2918000000.0,1011000000.0,,4.07,4.03,469868000.0,473569000.0,2434000000.0,,,,,,,,,610000000.0,,,,97843000000.0,,,,,,,,,86710000000.0,13758000000.0,,,97843000000.0,,,,-719000000.0,,,,,,,4869000000.0,6663000000.0,,1637000000.0,,,,,18000000.0,-5080000000.0,,,266000000.0,111000000.0,926000000.0
2010-12-31,20732000000.0,,,,2062000000.0,,,,3585000000.0,1241000000.0,2344000000.0,5.0,4.95,469038000.0,473085000.0,2121000000.0,,,,-267000000.0,,,,,620000000.0,,,,101039000000.0,,,,,,,,,89983000000.0,14194000000.0,,11056000000.0,101039000000.0,,,379000000.0,-1078000000.0,,,,,,,6989000000.0,9943000000.0,,2724000000.0,,0.0,,,28000000.0,-7432000000.0,,,161000000.0,-202000000.0,1017000000.0
2011-03-31,5117000000.0,,,,508000000.0,,,,600000000.0,205000000.0,395000000.0,0.84,0.84,468012000.0,472104000.0,2088000000.0,,,,,,,,,604000000.0,,,,101145000000.0,,,,,,,,,90122000000.0,14448000000.0,,11023000000.0,101145000000.0,,,,-461000000.0,,,,,,,2167000000.0,2914000000.0,,891000000.0,,,,,19000000.0,-2013000000.0,,,-171000000.0,-33000000.0,234000000.0
2011-06-30,10204000000.0,,,,1051000000.0,,2299000000.0,,1052000000.0,378000000.0,674000000.0,1.44,1.43,467317000.0,470990000.0,1291000000.0,,,,,,,,,611000000.0,,,,106232000000.0,,,,,,,,,94251000000.0,14587000000.0,,11981000000.0,106232000000.0,,,,-926000000.0,,,,,,,4378000000.0,4822000000.0,,1767000000.0,,,,,29000000.0,-5034000000.0,,,-175000000.0,-830000000.0,460000000.0
2011-09-30,16192000000.0,,,,1609000000.0,,3488000000.0,,2158000000.0,740000000.0,1418000000.0,3.04,3.02,466843000.0,469919000.0,1862000000.0,,,,,,,,,626000000.0,,,,114720000000.0,,,,,,,,,102006000000.0,15191000000.0,,12714000000.0,114720000000.0,,,,-1832000000.0,,,,,,,7486000000.0,6361000000.0,,6878000000.0,,,,,31000000.0,-7779000000.0,,,-15000000.0,-259000000.0,690000000.0
2011-12-31,22171000000.0,,,,2225000000.0,,4544000000.0,,2992000000.0,1028000000.0,1964000000.0,4.21,4.18,466519000.0,469370000.0,2249000000.0,,,,-2613000000.0,,,,,617000000.0,,,,117102000000.0,,,,,,,,,103596000000.0,15583000000.0,,13506000000.0,117102000000.0,,,137000000.0,-2940000000.0,,,,,,,10842000000.0,8392000000.0,170000000.0,14385000000.0,,0.0,,,62000000.0,-10829000000.0,,,64000000.0,128000000.0,828000000.0
2012-03-31,6240000000.0,,,,564000000.0,,1247000000.0,,1202000000.0,417000000.0,785000000.0,1.68,1.68,465887000.0,468533000.0,2210000000.0,,,,-2599000000.0,,,,,591000000.0,,,,115552000000.0,,,,,,,,,101909000000.0,15779000000.0,,13643000000.0,115552000000.0,,,,-1587000000.0,,,,,,,3556000000.0,1025000000.0,705000000.0,226000000.0,,,,,30000000.0,-4436000000.0,,,901000000.0,-39000000.0,356000000.0
2012-06-30,12142000000.0,,,,1150000000.0,,2406000000.0,,1943000000.0,675000000.0,1268000000.0,2.72,2.71,466788000.0,468590000.0,2130000000.0,,,,-2635000000.0,,,,,603000000.0,,,,122209000000.0,,,,,,,,,108030000000.0,16108000000.0,,14179000000.0,122209000000.0,,,,-3135000000.0,,,,,,,7245000000.0,3265000000.0,938000000.0,982000000.0,,,,,-20000000.0,-8058000000.0,,,725000000.0,-119000000.0,355000000.0
2012-09-30,18989000000.0,,,,1745000000.0,,3600000000.0,,3423000000.0,1138000000.0,2285000000.0,4.9,4.87,467422000.0,469721000.0,2985000000.0,,,,-3263000000.0,,,,,625000000.0,,,,137840000000.0,,,,,,,,,121855000000.0,16969000000.0,,15985000000.0,137840000000.0,,,,-4628000000.0,,,,,,,11451000000.0,12815000000.0,1616000000.0,5376000000.0,,,,,145000000.0,-12499000000.0,,,1781000000.0,736000000.0,527000000.0
2012-12-31,25364000000.0,,,,2415000000.0,,4658000000.0,,4302000000.0,1436000000.0,2866000000.0,6.14,6.11,466868000.0,469287000.0,2041000000.0,,,,-3858000000.0,,,,,564000000.0,,,,131094000000.0,,,,,,,,,115116000000.0,17387000000.0,,15978000000.0,131094000000.0,,,620000000.0,-5669000000.0,,,,,,,14952000000.0,19533000000.0,1959000000.0,7385000000.0,,,,,-514000000.0,-16952000000.0,,,1945000000.0,-208000000.0,788000000.0
2013-03-31,6208000000.0,,,,534000000.0,,1205000000.0,,1361000000.0,469000000.0,892000000.0,1.91,1.9,466462000.0,469124000.0,2596000000.0,,,,-3799000000.0,,,,,527000000.0,,,,120538000000.0,,,,,,,,,105003000000.0,18114000000.0,1651000000.0,15535000000.0,120538000000.0,,,,-203000000.0,,,,,,,3832000000.0,3160000000.0,1342000000.0,541000000.0,,,,,9000000.0,-3085000000.0,,,-156000000.0,555000000.0,295000000.0
2013-06-30,12252000000.0,,,,1063000000.0,,2362000000.0,,2719000000.0,938000000.0,1781000000.0,3.82,3.8,465834000.0,468546000.0,2388000000.0,,,,-3363000000.0,,,,,510000000.0,,,,116313000000.0,,,,,,,,,102617000000.0,18841000000.0,-840000000.0,13696000000.0,116313000000.0,,,,-29000000.0,,,,,,,5698000000.0,8660000000.0,1895000000.0,1901000000.0,,,,,41000000.0,-5810000000.0,,,526000000.0,347000000.0,395000000.0
2013-09-30,18138000000.0,,,,1631000000.0,,3409000000.0,,3788000000.0,1305000000.0,2483000000.0,5.34,5.31,465325000.0,468052000.0,2749000000.0,,,,-3255000000.0,,,,,510000000.0,,,,119918000000.0,,,,,,,,,105260000000.0,19380000000.0,-461000000.0,14658000000.0,119918000000.0,,,,29000000.0,,,,,,,7159000000.0,16937000000.0,2049000000.0,9354000000.0,,,,,-205000000.0,-7521000000.0,,,1133000000.0,708000000.0,673000000.0
2013-12-31,23939000000.0,,,,2222000000.0,,4399000000.0,,4816000000.0,1658000000.0,3158000000.0,6.8,6.76,464502000.0,467408000.0,2543000000.0,,,,-3718000000.0,,,,,481000000.0,,,,121307000000.0,,,,,,,,,106687000000.0,19885000000.0,-563000000.0,14620000000.0,121307000000.0,,,422000000.0,8000000.0,,,,,,,10547000000.0,22967000000.0,2907000000.0,9631000000.0,,,,,354000000.0,-11091000000.0,,,1136000000.0,502000000.0,754000000.0
2014-03-31,5640000000.0,,,,534000000.0,,1169000000.0,,1104000000.0,372000000.0,732000000.0,1.61,1.6,454731000.0,457699000.0,1994000000.0,,,,-4258000000.0,,,,,481000000.0,,,,123292000000.0,,,,,,,,,107616000000.0,20447000000.0,307000000.0,15676000000.0,123292000000.0,,,,-171000000.0,,,,,,,1615000000.0,4597000000.0,222000000.0,677000000.0,,,,,-122000000.0,-2123000000.0,,,-32000000.0,-549000000.0,699000000.0
2014-06-30,11478000000.0,,,,1071000000.0,,2326000000.0,,2342000000.0,800000000.0,1542000000.0,3.4,3.38,453639000.0,456534000.0,2252000000.0,,,,-4917000000.0,,,,,482000000.0,,,,127871000000.0,,,,,,,,,110313000000.0,21089000000.0,1606000000.0,17558000000.0,127871000000.0,,,,-24000000.0,,,,,,,3132000000.0,7000000000.0,330000000.0,1536000000.0,,,,,-25000000.0,-3594000000.0,,,201000000.0,-291000000.0,873000000.0
2014-09-30,17214000000.0,,,,1637000000.0,,3367000000.0,,3416000000.0,1168000000.0,2248000000.0,4.96,4.93,452833000.0,455674000.0,2666000000.0,,,,-4469000000.0,,,,,449000000.0,,,,127253000000.0,,,,,,,,,109400000000.0,21628000000.0,1500000000.0,17853000000.0,127253000000.0,,,,2000000.0,,,,,,,4577000000.0,8959000000.0,723000000.0,1773000000.0,,,,,-10000000.0,-4144000000.0,,,-322000000.0,123000000.0,1412000000.0
2014-12-31,22728000000.0,,,,2261000000.0,,4253000000.0,,4491000000.0,1540000000.0,2951000000.0,6.54,6.5,451204000.0,454000000.0,4658000000.0,,,,-5293000000.0,,,,,429000000.0,,,,119767000000.0,,,,,,,,,101420000000.0,22156000000.0,1979000000.0,18347000000.0,119767000000.0,,,461000000.0,7000000.0,,,,,,,6550000000.0,10978000000.0,1001000000.0,4178000000.0,,,,,-30000000.0,-4241000000.0,,,-147000000.0,2115000000.0,1416000000.0
2015-03-31,5226000000.0,,,,530000000.0,,1035000000.0,,1013000000.0,350000000.0,663000000.0,1.52,1.51,437306000.0,439927000.0,4363000000.0,,,,-5322000000.0,,,,,428000000.0,,,,121401000000.0,,,,,,,,,102764000000.0,22648000000.0,2332000000.0,18637000000.0,121401000000.0,,,,-141000000.0,,,,,,,1460000000.0,1442000000.0,66000000.0,484000000.0,,,,,-60000000.0,-2078000000.0,,,322000000.0,-295000000.0,517000000.0
2015-06-30,10513000000.0,,,,1080000000.0,,2030000000.0,,1887000000.0,651000000.0,1236000000.0,2.84,2.83,434473000.0,437077000.0,3103000000.0,,,,-4697000000.0,,,,,422000000.0,,,,115581000000.0,,,,,,,,,98563000000.0,23052000000.0,507000000.0,17018000000.0,115581000000.0,,,,-1000000.0,,,,,,,3103000000.0,3004000000.0,518000000.0,1410000000.0,,,,,27000000.0,-3566000000.0,,,-1087000000.0,-1555000000.0,527000000.0
2015-09-30,15553000000.0,,,,1634000000.0,,3058000000.0,,2752000000.0,949000000.0,1803000000.0,4.17,4.14,432540000.0,435064000.0,3520000000.0,,,,-4474000000.0,,,,,430000000.0,,,,117455000000.0,,,,,,,,,100200000000.0,23451000000.0,528000000.0,17255000000.0,117455000000.0,,,,-98000000.0,,,,,,,4770000000.0,3919000000.0,705000000.0,1829000000.0,,,,,31000000.0,-4083000000.0,,,-1826000000.0,-1138000000.0,996000000.0
2015-12-31,20872000000.0,,,,2214000000.0,,4073000000.0,,3862000000.0,1329000000.0,2533000000.0,5.88,5.85,430654000.0,433172000.0,4350000000.0,,,,2041000000.0,,,,,427000000.0,,,,118296000000.0,,,,,,,,,100588000000.0,24007000000.0,625000000.0,17708000000.0,118296000000.0,,,41000000.0,-147000000.0,,,,,,,6776000000.0,6507000000.0,1132000000.0,3224000000.0,,40000000.0,,,86000000.0,-4897000000.0,,,-2187000000.0,-308000000.0,996000000.0
2016-03-31,5451000000.0,,,,563000000.0,,1109000000.0,,1117000000.0,386000000.0,731000000.0,1.75,1.74,418748000.0,420920000.0,3449000000.0,,,,,,,,,443000000.0,,,,127766000000.0,,,,,,,,,107745000000.0,24565000000.0,2936000000.0,20021000000.0,127766000000.0,,,,-32000000.0,,,,,,,1331000000.0,1911000000.0,408000000.0,266000000.0,,,,,159000000.0,-1487000000.0,,,-766000000.0,-901000000.0,779000000.0
2016-06-30,10888000000.0,,,,1176000000.0,,2188000000.0,,1951000000.0,672000000.0,1279000000.0,3.08,3.06,415301000.0,417623000.0,3700000000.0,,,,,,,,,467000000.0,,,,141287000000.0,,,,,,,,,118737000000.0,24944000000.0,5432000000.0,22550000000.0,141287000000.0,,,,-53000000.0,,,,,,,2854000000.0,3827000000.0,612000000.0,675000000.0,,,,,33000000.0,-2429000000.0,,,-1281000000.0,-650000000.0,944000000.0
2016-09-30,16604000000.0,,,,1801000000.0,,3336000000.0,,2914000000.0,1006000000.0,1908000000.0,4.62,4.59,413023000.0,415446000.0,5270000000.0,,,,,,,,,476000000.0,,,,144101000000.0,,,,,,,,,121316000000.0,25404000000.0,5364000000.0,22785000000.0,144101000000.0,,,,-41000000.0,,,,,,,4120000000.0,4871000000.0,774000000.0,978000000.0,,,,,56000000.0,-2638000000.0,,,-835000000.0,920000000.0,1594000000.0
2016-12-31,22559000000.0,,,,2452000000.0,,4303000000.0,,4067000000.0,1408000000.0,2659000000.0,6.46,6.42,411471000.0,413921000.0,4859000000.0,,,,1838000000.0,,,,,433000000.0,,,,129819000000.0,,,,,,,,,109337000000.0,25981000000.0,2630000000.0,20482000000.0,129819000000.0,,,524000000.0,-42000000.0,,,,,,,5987000000.0,10890000000.0,1096000000.0,5157000000.0,,0.0,,,76000000.0,-3855000000.0,,,-1619000000.0,509000000.0,1526000000.0
2017-03-31,5309000000.0,,,,614000000.0,,1027000000.0,,898000000.0,306000000.0,592000000.0,1.48,1.47,401130000.0,404069000.0,4205000000.0,,,,,,,,,444000000.0,,,,133650000000.0,,,,,,,,,113310000000.0,26400000000.0,2632000000.0,20340000000.0,133650000000.0,,,,-106000000.0,,,,,,,1757000000.0,3726000000.0,204000000.0,1385000000.0,,,,,23000000.0,-1527000000.0,,,-876000000.0,-654000000.0,58000000.0
2017-06-30,10737000000.0,,,,1339000000.0,,2100000000.0,,1944000000.0,639000000.0,1305000000.0,3.27,3.25,398768000.0,401695000.0,4264000000.0,,,,,,,,,442000000.0,,,,135394000000.0,,,,,,,,,113891000000.0,26942000000.0,3401000000.0,21503000000.0,135394000000.0,,,,-8000000.0,,,,,,,3165000000.0,5662000000.0,451000000.0,2114000000.0,,,,,42000000.0,-2517000000.0,,,-1231000000.0,-595000000.0,293000000.0
2017-09-30,16243000000.0,,,,2025000000.0,,3114000000.0,,3019000000.0,998000000.0,2021000000.0,5.09,5.05,397323000.0,400241000.0,4927000000.0,,,,,,,,,439000000.0,,,,136083000000.0,,,,,,,,,114106000000.0,27489000000.0,3531000000.0,21977000000.0,136083000000.0,,,,32000000.0,,,,,,,4596000000.0,6827000000.0,740000000.0,2633000000.0,,,,,58000000.0,-2887000000.0,,,-1613000000.0,68000000.0,693000000.0
2017-12-31,21667000000.0,,,,2780000000.0,,4087000000.0,,4018000000.0,-586000000.0,4604000000.0,11.63,11.54,396021000.0,398930000.0,3491000000.0,,,,5259000000.0,,,,,434000000.0,,,,137217000000.0,,,,,,,,,112619000000.0,29895000000.0,4028000000.0,24598000000.0,137217000000.0,,,-1217000000.0,91000000.0,,,,,,,6128000000.0,9867000000.0,768000000.0,3819000000.0,,0.0,,,68000000.0,-5431000000.0,,,-2065000000.0,-1368000000.0,780000000.0
2018-03-31,5464000000.0,,,,733000000.0,,1109000000.0,,982000000.0,265000000.0,717000000.0,0.92,0.91,778550000.0,783852000.0,4080000000.0,,,,,,,,,448000000.0,,,,147356000000.0,,,,,,,,,123069000000.0,30183000000.0,3685000000.0,24287000000.0,147356000000.0,,,,-14000000.0,,,,,,,1238000000.0,3975000000.0,510000000.0,433000000.0,,,,,34000000.0,-199000000.0,,,-473000000.0,589000000.0,396000000.0
2018-06-30,11054000000.0,,,,1463000000.0,,2247000000.0,,2114000000.0,564000000.0,1550000000.0,2.0,1.98,775734000.0,780814000.0,3847000000.0,,,,,,,,,448000000.0,,,,141986000000.0,,,,,,,,,118186000000.0,30809000000.0,2852000000.0,23800000000.0,141986000000.0,,,,1000000.0,,,,,,,2807000000.0,6798000000.0,,,,,,,-73000000.0,-1443000000.0,,,-988000000.0,356000000.0,744000000.0
2018-09-30,16632000000.0,,,,2193000000.0,,3309000000.0,,3261000000.0,866000000.0,2395000000.0,3.1,3.08,772807000.0,777867000.0,3429000000.0,,,,,,,,,435000000.0,,,,137941000000.0,,,,,,,,,114707000000.0,31461000000.0,1909000000.0,23234000000.0,137941000000.0,,,,27000000.0,,,,,,,4659000000.0,7845000000.0,,,,,,,-188000000.0,-3172000000.0,,,-1513000000.0,-62000000.0,827000000.0
2018-12-31,21758000000.0,,,,2988000000.0,,4354000000.0,,3983000000.0,1063000000.0,2920000000.0,3.79,3.77,769588000.0,774650000.0,4337000000.0,,,,5191000000.0,,,,,443000000.0,,,,140406000000.0,,,,,,,,,116944000000.0,31788000000.0,2151000000.0,23462000000.0,140406000000.0,,,-316000000.0,55000000.0,,,,,,,6014000000.0,9086000000.0,,,,,,,-176000000.0,-3582000000.0,,,-1616000000.0,846000000.0,998000000.0
2019-03-31,5657000000.0,,,,719000000.0,,1139000000.0,,1242000000.0,314000000.0,928000000.0,1.23,1.23,751423000.0,755790000.0,3892000000.0,,,,,,,,,559000000.0,,,,145679000000.0,,,,,,,,,119630000000.0,32513000000.0,4481000000.0,26049000000.0,145679000000.0,,,,-35000000.0,,,,,,,1544000000.0,2548000000.0,,,,,,,15000000.0,-1291000000.0,,,-686000000.0,-445000000.0,-2000000.0
2019-06-30,11168000000.0,,,,1460000000.0,,2282000000.0,,2351000000.0,606000000.0,1745000000.0,2.33,2.32,748271000.0,752302000.0,3019000000.0,,,,,,,,,562000000.0,,,,151400000000.0,,,,,,,,,123159000000.0,33130000000.0,6364000000.0,28241000000.0,151400000000.0,,,,17000000.0,,,,,,,2357000000.0,4352000000.0,,,,,,,-125000000.0,-2727000000.0,,,-978000000.0,-1318000000.0,874000000.0
2019-09-30,16704000000.0,,,,2230000000.0,,3438000000.0,,3388000000.0,865000000.0,2523000000.0,3.38,3.37,745465000.0,749452000.0,4216000000.0,,,,,,,,,562000000.0,,,,154137000000.0,,,,,,,,,124699000000.0,33710000000.0,7251000000.0,29438000000.0,154137000000.0,,,,36000000.0,,,,,,,4263000000.0,5908000000.0,,,,,,,-15000000.0,-2946000000.0,,,-1429000000.0,-121000000.0,950000000.0
2019-12-31,22307000000.0,,,,3089000000.0,,4461000000.0,,4445000000.0,1141000000.0,3304000000.0,4.45,4.43,742414000.0,746430000.0,4896000000.0,,,,6157000000.0,,,,,581000000.0,,,,152768000000.0,,,,,,,,,123809000000.0,34291000000.0,6615000000.0,28959000000.0,152768000000.0,,,335000000.0,32000000.0,,,,,,,5455000000.0,6934000000.0,,,,,,,123000000.0,-3171000000.0,,,-1713000000.0,559000000.0,1384000000.0
2020-03-31,5162000000.0,,,,779000000.0,,1183000000.0,,720000000.0,154000000.0,566000000.0,0.78,0.78,724366000.0,727512000.0,4148000000.0,,,,,,,,,586000000.0,,,,151616000000.0,,,,,,,,,125214000000.0,34599000000.0,4188000000.0,26402000000.0,151616000000.0,,,,-15000000.0,,,,,,,1414000000.0,1817000000.0,,,,,,,55000000.0,-1716000000.0,,,-446000000.0,-748000000.0,2000000.0
2020-06-30,10569000000.0,,,,1536000000.0,,2418000000.0,,1789000000.0,419000000.0,1370000000.0,1.9,1.89,721128000.0,723638000.0,5528000000.0,,,,,,,,,584000000.0,,,,157087000000.0,,,,,,,,,127667000000.0,35204000000.0,6750000000.0,29420000000.0,157087000000.0,,,,65000000.0,,,,,,,2601000000.0,2691000000.0,,,,,,,119000000.0,-2120000000.0,,,152000000.0,632000000.0,536000000.0
2020-09-30,16234000000.0,,,,2382000000.0,,3455000000.0,,2942000000.0,-1303000000.0,3826000000.0,5.33,5.31,717962000.0,720333000.0,5563000000.0,,,,,,,,,584000000.0,,,,160955000000.0,,,,,,,,,128476000000.0,37460000000.0,7917000000.0,32479000000.0,160955000000.0,,,,-12000000.0,,,,,,,4601000000.0,3710000000.0,,,,,,,185000000.0,-3511000000.0,,,-431000000.0,667000000.0,626000000.0
2020-12-31,22147000000.0,,,,3420000000.0,,4416000000.0,,4159000000.0,-619000000.0,4778000000.0,6.69,6.67,713702000.0,716192000.0,5141000000.0,,,,8210000000.0,,,,,601000000.0,269000000.0,,,165086000000.0,,,,,,,,,131527000000.0,37984000000.0,8934000000.0,33559000000.0,165086000000.0,,,-1413000000.0,-52000000.0,,,,,,,5958000000.0,4772000000.0,,,,,,,265000000.0,-4619000000.0,,,-1115000000.0,245000000.0,800000000.0
2021-03-31,5869000000.0,,,,832000000.0,,1306000000.0,,1603000000.0,310000000.0,1293000000.0,1.88,1.87,688938000.0,691940000.0,4990000000.0,,,,,,,,,578000000.0,,,,158157000000.0,,,,,,,,,126054000000.0,39277000000.0,6807000000.0,32103000000.0,158157000000.0,,,,19000000.0,,,,,,,1366000000.0,2475000000.0,,,,,,,32000000.0,-969000000.0,,,-470000000.0,-151000000.0,-20000000.0
2021-06-30,11433000000.0,,,,1712000000.0,,2648000000.0,,2977000000.0,579000000.0,2398000000.0,3.51,3.49,683464000.0,686400000.0,5469000000.0,,,,,,,,,563000000.0,,,,161492000000.0,,,,,,,,,127757000000.0,40162000000.0,8019000000.0,33735000000.0,161492000000.0,,,,4000000.0,,,,,,,2328000000.0,3365000000.0,,,,,,,-5000000.0,-839000000.0,,,-1141000000.0,328000000.0,480000000.0
2021-09-30,16670000000.0,,,,2582000000.0,,3940000000.0,,4090000000.0,804000000.0,3286000000.0,4.84,4.82,678509000.0,681521000.0,6208000000.0,,,,,,,,,542000000.0,,,,160597000000.0,,,,,,,,,127045000000.0,40830000000.0,7662000000.0,33552000000.0,160597000000.0,,,,-22000000.0,,,,,,,4181000000.0,4187000000.0,,,,,,,13000000.0,-1171000000.0,,,-1897000000.0,1067000000.0,478000000.0
2021-12-31,22106000000.0,,,,3544000000.0,6208000000.0,4934000000.0,,5322000000.0,997000000.0,4325000000.0,6.42,6.39,673617000.0,676729000.0,5051000000.0,,,,,,,,,538000000.0,268000000.0,,,157542000000.0,,,,,,,,,124289000000.0,41381000000.0,7393000000.0,33253000000.0,157542000000.0,,,-98000000.0,-72000000.0,,,,,,,5051000000.0,5813000000.0,,,,,,,-41000000.0,-2378000000.0,,,-2739000000.0,-90000000.0,880000000.0
2022-03-31,5272000000.0,,,,831000000.0,1509000000.0,1143000000.0,,1276000000.0,244000000.0,1032000000.0,1.59,1.58,649753000.0,652827000.0,4275000000.0,,,,,,,,,538000000.0,,,,147046000000.0,,,,,,,,,117519000000.0,42413000000.0,3113000000.0,29527000000.0,147046000000.0,,,,30000000.0,,,,,,,1260000000.0,707000000.0,,,,,,,-41000000.0,-1210000000.0,,,-737000000.0,-776000000.0,-77000000.0
2022-06-30,10672000000.0,,,,1629000000.0,2910000000.0,2276000000.0,,2977000000.0,557000000.0,2420000000.0,3.75,3.73,645205000.0,648010000.0,5173000000.0,,,,,,,,,512000000.0,,,,135629000000.0,,,,,,,,,109242000000.0,43547000000.0,-548000000.0,26387000000.0,135629000000.0,,,,29000000.0,,,,,,,1770000000.0,2395000000.0,,,,,,,-172000000.0,83000000.0,,,-1644000000.0,122000000.0,505000000.0
2022-09-30,15492000000.0,,,,2412000000.0,4287000000.0,3156000000.0,,4080000000.0,-493000000.0,4016000000.0,6.28,6.25,639862000.0,642597000.0,4710000000.0,,,,,,,,,488000000.0,,,,128100000000.0,,,,,,,,,103948000000.0,44892000000.0,-3511000000.0,24152000000.0,128100000000.0,,,,17000000.0,,,,,,,2846000000.0,2961000000.0,,,54000000.0,,,,-158000000.0,-847000000.0,,,-2256000000.0,-341000000.0,600000000.0
2022-12-31,19502000000.0,,,,3250000000.0,5745000000.0,4157000000.0,,4604000000.0,403000000.0,4201000000.0,6.62,6.59,634816000.0,637655000.0,3943000000.0,,,,,,,,,530000000.0,265000000.0,,,131017000000.0,,,,,,,,,108652000000.0,44568000000.0,-4405000000.0,22365000000.0,131017000000.0,,,-778000000.0,-2000000.0,,,,,,,3879000000.0,3514000000.0,,,,,,,-112000000.0,-1540000000.0,,,-3551000000.0,-1108000000.0,961000000.0
2023-03-31,4800000000.0,,,,775000000.0,1308000000.0,1133000000.0,,1342000000.0,154000000.0,1188000000.0,1.94,1.94,611205000.0,613950000.0,3809000000.0,,,,,,,,,528000000.0,,,,134966000000.0,,,,,,,,,115182000000.0,45555000000.0,-7278000000.0,19784000000.0,134966000000.0,,,,34000000.0,,,,,,,708000000.0,1090000000.0,,,1074000000.0,,,,51000000.0,105000000.0,,,-933000000.0,-134000000.0,0.0
2023-06-30,9972000000.0,,,,1505000000.0,2558000000.0,2273000000.0,,3167000000.0,345000000.0,2822000000.0,4.66,4.64,605945000.0,608411000.0,4720000000.0,,,,,,,,,500000000.0,,,,130626000000.0,,,,,,,,,110187000000.0,46937000000.0,-7338000000.0,20439000000.0,130626000000.0,,,,35000000.0,,,,,,,1087000000.0,1817000000.0,,,1247000000.0,,,,84000000.0,1733000000.0,,,-1944000000.0,777000000.0,765000000.0
2023-09-30,14923000000.0,,,,2290000000.0,3843000000.0,3571000000.0,,4972000000.0,581000000.0,4391000000.0,7.31,7.28,600991000.0,603419000.0,5502000000.0,,,,,,,,,445000000.0,,,,125111000000.0,,,,,,,,,102442000000.0,48257000000.0,-5760000000.0,22669000000.0,125111000000.0,,,,-42000000.0,,,,,,,2357000000.0,2359000000.0,,,902000000.0,,,,160000000.0,2229000000.0,,,-2936000000.0,1559000000.0,870000000.0
2023-12-31,18701000000.0,,,,3165000000.0,5228000000.0,,,5262000000.0,603000000.0,4659000000.0,7.81,7.78,596173000.0,598745000.0,4306000000.0,,,,269000000.0,,,,,445000000.0,265000000.0,,,126724000000.0,,,,,,,,,104739000000.0,47993000000.0,-5520000000.0,21985000000.0,126724000000.0,,,-1060000000.0,133000000.0,,,,,,,3190000000.0,2801000000.0,,,417000000.0,,,,149000000.0,817000000.0,,,-3723000000.0,363000000.0,1569000000.0
2024-03-31,5436000000.0,,,,739000000.0,1256000000.0,,,2170000000.0,291000000.0,1879000000.0,3.27,3.25,574886000.0,577482000.0,5098000000.0,,,,,,,,,418000000.0,,,,124742000000.0,,,,,,,,,101205000000.0,49872000000.0,-5102000000.0,23537000000.0,124742000000.0,,,,-32000000.0,,,,,,,849000000.0,2127000000.0,,,2119000000.0,,,,-148000000.0,227000000.0,,,-256000000.0,792000000.0,0.0
2024-06-30,10575000000.0,,,,1431000000.0,2453000000.0,,,4190000000.0,556000000.0,3634000000.0,6.38,6.35,569730000.0,572160000.0,6060000000.0,,,,,,,,,398000000.0,,,,120168000000.0,,,,,,,,,94121000000.0,51345000000.0,-3292000000.0,26047000000.0,120168000000.0,,,,-19000000.0,,,,,,,1104000000.0,3357000000.0,,,2284000000.0,,,,-256000000.0,2294000000.0,,,-1576000000.0,1754000000.0,777000000.0
2024-09-30,13524000000.0,,,,2179000000.0,3715000000.0,,,4282000000.0,741000000.0,3541000000.0,6.26,6.23,565757000.0,568216000.0,5612000000.0,,,,,,,,,421000000.0,,,,128442000000.0,,,,,,,,,103612000000.0,50972000000.0,-3677000000.0,24830000000.0,128442000000.0,,,,-28000000.0,,,,,,,2374000000.0,4589000000.0,,,2682000000.0,,,,-98000000.0,1264000000.0,,,-2402000000.0,1306000000.0,805000000.0
,,,,,,,,,,,,,,,,,,,,,,,,,,,,,,,,,,,,,,,,,,,,,,,,,,,,,,,,,,,,,,,,,,,
