Date,Net sales,Cost of sales,Gross margin,Research and development,"Selling, general and administrative",Total operating expenses,Operating income,"Other income/(expense), net",Income before provision for income taxes,Provision for income taxes,Net income,Earnings per share basic,Earnings per share diluted,Weighted-average basic,Weighted-average diluted,Cash and cash equivalents,Short-term marketable securities,"Accounts receivable, net",Inventories,Deferred tax assets,Vendor non-trade receivables,Other current assets,Total current assets,Long-term marketable securities,"Property, Plant and Equipment, Net",Goodwill,"Acquired intangible assets, net","Other Assets, Noncurrent",Total assets,accounts payable,Accrued expenses,Deferred revenue,Total current liabilities,Deferred revenue - non-current,deferred tax liabilities,long term taxes payable,Total other non-current liabilities,Total liabilities,Retained Earnings (Accumulated Deficit),Accumulated other comprehensive (loss)/income,Total shareholders equity,Total liabilities and shareholders' equity,"Depreciation, amortization and accretion",Stock-based compensation expense,Deferred income tax expense,"Increase (Decrease) in Accounts receivable, net",Increase (Decrease) in Inventories,Increase (Decrease) in Other Receivables,Increase (Decrease) in Other Operating Assets,Increase (Decrease) in Accounts Payable,Increase (Decrease) in Deferred Revenue,Increase (Decrease) Other liabilities,Cash generated by operating activities,Purchases of marketable securities,Proceeds from maturities of marketable securities,Proceeds from sales of marketable securities,Purchases of other long-term investments,"Business acquisitions, net of cash acquired",Cash payments for capital asset purchases,Payments for acquisition of intangible assets,Payments for (Proceeds from) Other Investing Activities,Cash used in investing activities,Proceeds from issuance of common stock,Excess tax benefits from stock-based compensation,Cash generated/used in financing activities,Increase/(decrease) in cash and cash equivalents,"Cash paid for income taxes, net"
2009-12-31,96004000000.0,,,,20674000000.0,,,,,-1878000000.0,-10949000000.0,,,135324896.0,135324896.0,,,,,,,,,,4142000000.0,6195000000.0,,,847585000000.0,,,,,,,,,748550000000.0,-11491000000.0,5693000000.0,69824000000.0,847585000000.0,14631000000.0,,-3659000000.0,,,,,,,,18584000000.0,81616000000.0,20934000000.0,48968000000.0,11597000000.0,,504000000.0,,-212000000.0,5778000000.0,,,-28997000000.0,,226000000.0
2010-03-31,16330000000.0,,,,3262000000.0,,,,,-91000000.0,1451000000.0,,,135658680.0,135724939.0,,,,,,,,,,3259000000.0,2565000000.0,,,863697000000.0,,,,,,,,,760038000000.0,-9871000000.0,7053000000.0,75001000000.0,863697000000.0,2529000000.0,,,,,,,,,,3195000000.0,15847000000.0,3340000000.0,7893000000.0,1915000000.0,139000000.0,64000000.0,,49000000.0,-4516000000.0,,,-266000000.0,,604000000.0
2010-06-30,39893000000.0,,,,7829000000.0,,,,,311000000.0,-2656000000.0,,,135813034.0,135869594.0,,,,,,,,,,3608000000.0,2640000000.0,,,850531000000.0,,,,,,,,,745884000000.0,-12120000000.0,9829000000.0,75470000000.0,850531000000.0,5449000000.0,,,,,,,,,,9771000000.0,36552000000.0,7183000000.0,19131000000.0,4261000000.0,139000000.0,173000000.0,,126000000.0,-6067000000.0,,,-4527000000.0,,-859000000.0
2010-09-30,55614000000.0,,,,11168000000.0,,,,,1044000000.0,-3268000000.0,,,135879125.0,135879125.0,,,,,,,,,,3237000000.0,1447000000.0,,,871965000000.0,,,,,,,,,761225000000.0,-14486000000.0,18000000000.0,80842000000.0,871965000000.0,9104000000.0,,,,,,,,,,15115000000.0,60770000000.0,10651000000.0,33951000000.0,6126000000.0,139000000.0,234000000.0,,166000000.0,-7527000000.0,,,-8772000000.0,,-1134000000.0
2010-12-31,77301000000.0,,,,15820000000.0,,,,,5859000000.0,7786000000.0,,,136585844.0,136649280.0,,,,,,,,,,2845000000.0,1333000000.0,,,683443000000.0,,,,,,,,,569770000000.0,-3466000000.0,7624000000.0,85319000000.0,683443000000.0,11320000000.0,,5215000000.0,,,,,,,,16910000000.0,79263000000.0,14657000000.0,56213000000.0,7850000000.0,,267000000.0,,332000000.0,-10225000000.0,,,-9261000000.0,,-1002000000.0
2011-03-31,17436000000.0,,,,1551000000.0,,,,,-200000000.0,269000000.0,,,1557748353.0,1557748353.0,,,,,,,,,,,,,,611247000000.0,,,,,,,,,513800000000.0,-3202000000.0,6896000000.0,85026000000.0,611247000000.0,2288000000.0,,,,,,,,,,-5312000000.0,19456000000.0,4305000000.0,11665000000.0,1488000000.0,,,,-32000000.0,39617000000.0,723000000.0,,-34485000000.0,,
2011-06-30,34112000000.0,,,,3204000000.0,,,,1806000000.0,-488000000.0,2109000000.0,,,1836713069.0,1836771513.0,,,,,,,,,,,,,,616798000000.0,,,,,,,,,511593000000.0,-1357000000.0,9093000000.0,92681000000.0,616798000000.0,4481000000.0,,,,,,,,,,-3464000000.0,48485000000.0,9846000000.0,23668000000.0,3260000000.0,,,,-33000000.0,37748000000.0,4332000000.0,,-33714000000.0,,547000000.0
2011-09-30,46828000000.0,,,,4418000000.0,,,,-4358000000.0,-1122000000.0,-4109000000.0,,,1899500628.0,1899500628.0,,,,,,,,,,,,,,544257000000.0,,,,,,,,,448047000000.0,-5466000000.0,5829000000.0,86031000000.0,544257000000.0,7452000000.0,,,,,,,,,,-1083000000.0,69598000000.0,15021000000.0,33063000000.0,5351000000.0,,,,318000000.0,36028000000.0,5055000000.0,,-35444000000.0,,643000000.0
2011-12-31,64237000000.0,,,,6091000000.0,,,,-1065000000.0,-18036000000.0,17798000000.0,,,1799385757.0,1799458497.0,,,,,16571000000.0,,,,,2307000000.0,1373000000.0,,,555773000000.0,,,,,,,,,441444000000.0,14332000000.0,5008000000.0,104951000000.0,555773000000.0,9883000000.0,,-18131000000.0,,,,,,,,35000000.0,90630000000.0,20131000000.0,44026000000.0,6675000000.0,,,,430000000.0,36332000000.0,5055000000.0,,-36926000000.0,,716000000.0
2012-03-31,18443000000.0,,,,2258000000.0,,,,4584000000.0,1148000000.0,3208000000.0,,,1875972970.0,1876002775.0,,,,,,,,,,,,,,554403000000.0,,,,,,,,,449938000000.0,13982000000.0,6873000000.0,103451000000.0,554403000000.0,1720000000.0,,,,,,,,,,-111000000.0,14500000000.0,4865000000.0,10750000000.0,1720000000.0,,,,122000000.0,10186000000.0,,,-10232000000.0,,97000000.0
2012-06-30,35566000000.0,,,,4522000000.0,,,,6335000000.0,-593000000.0,5540000000.0,,,1816331019.0,1816358625.0,,,,,,,,,,,,,,555383000000.0,,,,,,,,,449742000000.0,16314000000.0,7791000000.0,104709000000.0,555383000000.0,3574000000.0,,,,,,,,,,1632000000.0,28993000000.0,10805000000.0,22028000000.0,2959000000.0,,,,158000000.0,10871000000.0,,,-12721000000.0,,206000000.0
2012-09-30,53214000000.0,,,,6736000000.0,,,,8930000000.0,1290000000.0,7396000000.0,,,1757955937.0,1757984154.0,,,,,,,,,,,,,,550723000000.0,,,,,,,,,448150000000.0,18170000000.0,10887000000.0,101666000000.0,550723000000.0,5541000000.0,,,,,,,,,,2839000000.0,47842000000.0,16623000000.0,30789000000.0,4871000000.0,,,,77000000.0,19158000000.0,,,-21854000000.0,,403000000.0
2012-12-31,65656000000.0,,,,9235000000.0,,,,9322000000.0,1570000000.0,3438000000.0,,,1687197038.0,1687226641.0,,,,,16695000000.0,,,,,2213000000.0,1469000000.0,,,548633000000.0,,,,,,,,,449630000000.0,14176000000.0,12574000000.0,98002000000.0,548633000000.0,5307000000.0,,775000000.0,,,,,,,,3676000000.0,53536000000.0,21449000000.0,39818000000.0,4463000000.0,,,,526000000.0,16612000000.0,,,-20564000000.0,,447000000.0
2013-03-31,15888000000.0,,,,2238000000.0,,,,2832000000.0,694000000.0,2206000000.0,1.49,1.49,1476471097.0,1476678931.0,,,,,,,,,,,,,,548880000000.0,,,,,,,,,448309000000.0,16382000000.0,11839000000.0,99520000000.0,548880000000.0,1180000000.0,,,,,,,,,,-149000000.0,15290000000.0,5617000000.0,7346000000.0,1269000000.0,,,,291000000.0,3964000000.0,,,-3718000000.0,,103000000.0
2013-06-30,33203000000.0,,,,4483000000.0,,,,5979000000.0,1116000000.0,4937000000.0,3.34,3.33,1476512720.0,1482246618.0,,,,,,,,,,,,,,537438000000.0,,,,,,,,,439203000000.0,19113000000.0,7039000000.0,97463000000.0,537438000000.0,2439000000.0,,,,,,,,,,1674000000.0,35522000000.0,12517000000.0,19164000000.0,2423000000.0,,,,417000000.0,6071000000.0,,,-7055000000.0,,209000000.0
2013-09-30,48029000000.0,,,,6734000000.0,,,,7158000000.0,-993000000.0,7107000000.0,4.82,4.8,1476007034.0,1485322858.0,,,,,,,,,,,,,,540744000000.0,,,,,,,,,441229000000.0,21136000000.0,6509000000.0,98793000000.0,540744000000.0,3510000000.0,,,,,,,,,,3948000000.0,50639000000.0,19907000000.0,27961000000.0,3585000000.0,,,,869000000.0,6518000000.0,,,-9472000000.0,,378000000.0
2013-12-31,68678000000.0,,,,9166000000.0,,,,9368000000.0,360000000.0,9085000000.0,6.16,6.13,1474171690.0,1481206797.0,,,,,21193000000.0,,,,,2315000000.0,1475000000.0,,,541329000000.0,,,,,,,,,440218000000.0,22965000000.0,6360000000.0,100470000000.0,541329000000.0,4713000000.0,,-319000000.0,,,,,,,,5865000000.0,63339000000.0,26048000000.0,36050000000.0,7242000000.0,,2732000000.0,,1194000000.0,7099000000.0,,,-11758000000.0,,796000000.0
2014-03-31,16112000000.0,,,,2117000000.0,,,,2273000000.0,614000000.0,1609000000.0,1.1,1.09,1459249393.0,1472510813.0,,,,,,,,,,,,,,547111000000.0,,,,,,,,,442691000000.0,24393000000.0,9085000000.0,103833000000.0,547111000000.0,1121000000.0,,,,,,,,,,763000000.0,11592000000.0,5347000000.0,6365000000.0,1218000000.0,,,,83000000.0,3783000000.0,,,-4289000000.0,,165000000.0
2014-06-30,32217000000.0,,,,4330000000.0,,,,6753000000.0,2088000000.0,4682000000.0,3.23,3.19,1450776629.0,1468364283.0,,,,,,,,,,,,,,529109000000.0,,,,,,,,,420528000000.0,27286000000.0,11511000000.0,108161000000.0,529109000000.0,2343000000.0,,,,,,,,,,1641000000.0,22186000000.0,11460000000.0,12191000000.0,2236000000.0,,,,365000000.0,3662000000.0,,,-5802000000.0,,482000000.0
2014-09-30,48871000000.0,,,,6447000000.0,,,,9772000000.0,2908000000.0,6874000000.0,4.77,4.71,1440148774.0,1459483233.0,,,,,,,,,,,,,,527190000000.0,,,,,,,,,418207000000.0,29300000000.0,11331000000.0,108581000000.0,527190000000.0,3372000000.0,,,,,,,,,,4357000000.0,34630000000.0,18628000000.0,16063000000.0,3205000000.0,,,,295000000.0,4867000000.0,,,-9601000000.0,,614000000.0
2014-12-31,64406000000.0,,,,13138000000.0,,,,10501000000.0,2927000000.0,7529000000.0,5.27,5.2,1427959799.0,1447553652.0,,,,,18745000000.0,,,,,2700000000.0,1454000000.0,,,515581000000.0,,,,,,,,,408309000000.0,29775000000.0,10617000000.0,106898000000.0,515581000000.0,4448000000.0,,2339000000.0,,,,,,,,5007000000.0,45552000000.0,25560000000.0,25526000000.0,4078000000.0,,1832000000.0,,1023000000.0,14284000000.0,,,-19788000000.0,,737000000.0
2015-03-31,15975000000.0,,,,2949000000.0,,,,3776000000.0,1300000000.0,2468000000.0,1.81,1.78,1365951690.0,1386263549.0,,,,,,,,,,,,,,520701000000.0,,,,,,,,,412334000000.0,32073000000.0,10657000000.0,107979000000.0,520701000000.0,1226000000.0,,,,,,,,,,388000000.0,9844000000.0,5251000000.0,6189000000.0,1132000000.0,,,,955000000.0,314000000.0,,,-604000000.0,,140000000.0
2015-09-30,44496000000.0,,,,9214000000.0,,,,6213000000.0,2142000000.0,4037000000.0,3.05,2.97,1324407969.0,1357108784.0,,,,,,,,,,,,,,501985000000.0,,,,,,,,,402366000000.0,33122000000.0,6557000000.0,98999000000.0,501985000000.0,3502000000.0,,,,,,,,,,2234000000.0,36333000000.0,18427000000.0,20846000000.0,2675000000.0,,,,774000000.0,6680000000.0,,,-9064000000.0,,406000000.0
2015-12-31,58327000000.0,,,,12686000000.0,,,,3281000000.0,1059000000.0,2196000000.0,1.69,1.65,1299825350.0,1334464883.0,,,,,19957000000.0,,,,,3135000000.0,,,,496943000000.0,,,,,,,,,406733000000.0,30943000000.0,2537000000.0,89658000000.0,496943000000.0,4629000000.0,,239000000.0,,,,,,,,2877000000.0,48848000000.0,24734000000.0,28721000000.0,3573000000.0,,1722000000.0,,1509000000.0,8462000000.0,,,-11429000000.0,,511000000.0
2016-03-31,11779000000.0,,,,3003000000.0,,,,-214000000.0,-58000000.0,-183000000.0,-0.16,-0.16,1156548459.0,1156548459.0,,,,,,,,,,,,,,502777000000.0,,,,,,,,,413696000000.0,30396000000.0,5525000000.0,88518000000.0,502777000000.0,1197000000.0,,,,,,,,,,-968000000.0,12454000000.0,6069000000.0,5710000000.0,743000000.0,,,,-581000000.0,385000000.0,0.0,,453000000.0,,39000000.0
2016-06-30,26503000000.0,,,,5589000000.0,,,,2858000000.0,924000000.0,1913000000.0,1.72,1.68,1135068193.0,1163089748.0,,,,,,,,,,,,,,510349000000.0,,,,,,,,,419812000000.0,31951000000.0,8259000000.0,89946000000.0,510349000000.0,2270000000.0,,,,,,,,,,571000000.0,27573000000.0,12350000000.0,13540000000.0,1602000000.0,,,,-1419000000.0,-264000000.0,0.0,,-190000000.0,,117000000.0
2016-09-30,39357000000.0,,,,8125000000.0,,,,3381000000.0,1170000000.0,2192000000.0,1.97,1.92,1113650878.0,1142700207.0,,,,,,,,,,,,,,514568000000.0,,,,,,,,,425403000000.0,32077000000.0,9057000000.0,88663000000.0,514568000000.0,2814000000.0,,,,,,,,,,1753000000.0,42572000000.0,18210000000.0,22077000000.0,2472000000.0,,,,-1270000000.0,325000000.0,0.0,,-1297000000.0,,208000000.0
2016-12-31,52367000000.0,,,,10989000000.0,,,,-74000000.0,185000000.0,-849000000.0,-0.78,-0.78,1091085131.0,1091085131.0,,,,,20712000000.0,,,,,2660000000.0,1528000000.0,,,498264000000.0,,,,,,,,,421406000000.0,28711000000.0,3230000000.0,76300000000.0,498264000000.0,4090000000.0,,-391000000.0,,,,,,,,2383000000.0,54978000000.0,25749000000.0,30103000000.0,3421000000.0,,1119000000.0,,1020000000.0,4744000000.0,,,-6833000000.0,,493000000.0
2017-03-31,12632000000.0,,,,2443000000.0,,,,1727000000.0,516000000.0,1185000000.0,1.21,1.18,980777243.0,1005315030.0,,,,,,,,,,,,,,500162000000.0,,,,,,,,,425495000000.0,29591000000.0,3781000000.0,74069000000.0,500162000000.0,1012000000.0,,,,,,,,,,-10359000000.0,10028000000.0,7145000000.0,15307000000.0,783000000.0,,,,297000000.0,14487000000.0,0.0,,-4048000000.0,,68000000.0
2017-06-30,25134000000.0,,,,4625000000.0,,,,3394000000.0,1073000000.0,2315000000.0,2.43,2.37,953109915.0,976627652.0,,,,,,,,,,,,,,499762000000.0,,,,,,,,,425438000000.0,30420000000.0,4962000000.0,73732000000.0,499762000000.0,2002000000.0,,,,,,,,,,-9285000000.0,26025000000.0,15128000000.0,23581000000.0,1786000000.0,,,,917000000.0,14919000000.0,0.0,,-5027000000.0,,402000000.0
2017-09-30,36885000000.0,,,,6774000000.0,,,,-2803000000.0,-1091000000.0,-1739000000.0,-1.91,-1.91,938130832.0,961295946.0,,,,,,,,,,,,,,503073000000.0,,,,,,,,,430061000000.0,28389000000.0,5939000000.0,72468000000.0,503073000000.0,2806000000.0,,,,,,,,,,-9195000000.0,38717000000.0,22126000000.0,27733000000.0,2359000000.0,,,,1509000000.0,14774000000.0,0.0,,-5126000000.0,,490000000.0
2017-12-31,49520000000.0,,,,9107000000.0,,,,1466000000.0,7526000000.0,-6084000000.0,-6.54,-6.54,930561286.0,930561286.0,,,,,13813000000.0,,,,,2522000000.0,1594000000.0,,,498301000000.0,,,,,,,,,432593000000.0,21457000000.0,5465000000.0,65171000000.0,498301000000.0,3874000000.0,,6890000000.0,,,,,,,,-8585000000.0,49856000000.0,29011000000.0,31082000000.0,2874000000.0,,483000000.0,,2143000000.0,14671000000.0,,40000000.0,-5697000000.0,,544000000.0
2018-03-31,11712000000.0,,,,2271000000.0,,,,1227000000.0,277000000.0,938000000.0,1.03,1.01,907951597.0,925266577.0,,,,,,,,,,,,,,499143000000.0,,,,,,,,,435786000000.0,22671000000.0,2220000000.0,62792000000.0,499143000000.0,1382000000.0,,,,,,,,,,-938000000.0,9042000000.0,5347000000.0,5638000000.0,847000000.0,,,,646000000.0,-1972000000.0,,,2486000000.0,-366000000.0,28000000.0
2018-06-30,23343000000.0,,,,4594000000.0,,,,2479000000.0,598000000.0,1875000000.0,2.07,2.04,905566733.0,920902720.0,,,,,,,,,,,,,,496829000000.0,,,,,,,,,435032000000.0,23318000000.0,230000000.0,61186000000.0,496829000000.0,2784000000.0,,,,,,,,,,-340000000.0,21000000000.0,12305000000.0,12233000000.0,1542000000.0,,,,300000000.0,-1470000000.0,,,1423000000.0,-357000000.0,40000000.0
2018-09-30,34829000000.0,,,,6919000000.0,,,,-1527000000.0,-307000000.0,-1259000000.0,-1.41,-1.41,902081555.0,916818269.0,,,,,,,,,,,,,,504860000000.0,,,,,,,,,445683000000.0,21749000000.0,-536000000.0,58586000000.0,504860000000.0,3813000000.0,,,,,,,,,,-38000000.0,32807000000.0,18305000000.0,18103000000.0,2263000000.0,-5052000000.0,,,891000000.0,-917000000.0,,,1333000000.0,386000000.0,67000000.0
2018-12-31,47389000000.0,,,,9302000000.0,,,,257000000.0,154000000.0,-6000000.0,-0.01,-0.01,898405537.0,910141242.0,,,,,15052000000.0,,,,,2172000000.0,4082000000.0,360000000.0,,491984000000.0,,,,,,,,,434675000000.0,20884000000.0,-1413000000.0,56361000000.0,491984000000.0,5362000000.0,,-182000000.0,,,,,,,,61000000.0,44109000000.0,24777000000.0,25143000000.0,2839000000.0,5717000000.0,368000000.0,,-200000000.0,-223000000.0,,9000000.0,794000000.0,621000000.0,154000000.0
2019-03-31,12456000000.0,,,,2053000000.0,,,,1154000000.0,217000000.0,654000000.0,0.75,0.75,875383084.0,877512244.0,,,,,,,,,,,,,,512922000000.0,,,,,,,,,450829000000.0,21259000000.0,2128000000.0,60787000000.0,512922000000.0,1299000000.0,,,,,,,,,,-976000000.0,12757000000.0,4957000000.0,6370000000.0,567000000.0,0.0,,,-17000000.0,-1979000000.0,,,2764000000.0,-179000000.0,50000000.0
2019-06-30,25017000000.0,,,,4193000000.0,,,,2991000000.0,663000000.0,1763000000.0,2.0,1.99,876382884.0,888325042.0,,,,,,,,,,,,,,522269000000.0,,,,,,,,,456164000000.0,22077000000.0,4991000000.0,64539000000.0,522269000000.0,2657000000.0,,,,,,,,,,-1272000000.0,27219000000.0,11888000000.0,12765000000.0,1423000000.0,0.0,,,-989000000.0,-4147000000.0,,,5218000000.0,-173000000.0,140000000.0
2019-09-30,37931000000.0,,,,6380000000.0,,,,4251000000.0,950000000.0,2419000000.0,2.74,2.71,877009495.0,895814410.0,,,,,,,,,,,4100000000.0,,,525122000000.0,,,,,,,,,457677000000.0,22439000000.0,5615000000.0,65603000000.0,525122000000.0,3833000000.0,,,,,,,,,,-789000000.0,41612000000.0,18165000000.0,17498000000.0,2662000000.0,0.0,,,-2829000000.0,-4793000000.0,,,5955000000.0,412000000.0,193000000.0
2019-12-31,49746000000.0,,,,8537000000.0,,,,5287000000.0,1166000000.0,3348000000.0,3.79,3.74,876750264.0,889511946.0,,,,,12931000000.0,,,,,1953000000.0,4038000000.0,333000000.0,,525064000000.0,,,,,,,,,457637000000.0,23084000000.0,4982000000.0,65675000000.0,525064000000.0,5006000000.0,,621000000.0,,,,,,,,-928000000.0,54410000000.0,25488000000.0,22145000000.0,3346000000.0,0.0,304000000.0,,-1503000000.0,-5475000000.0,,27000000.0,6379000000.0,-8000000.0,252000000.0
2020-03-31,14443000000.0,,,,2153000000.0,,,,2558000000.0,904000000.0,1749000000.0,1.99,1.98,874213630.0,878866213.0,,,,,,,,,,,,,,510477000000.0,,,,,,,,,448634000000.0,24062000000.0,-994000000.0,60173000000.0,510477000000.0,1878000000.0,,,,,,,,,,-14000000.0,15121000000.0,6768000000.0,7040000000.0,717000000.0,,,,-5432000000.0,-633000000.0,,,660000000.0,23000000.0,62000000.0
2020-06-30,23839000000.0,,,,4240000000.0,,,,-9661000000.0,-1896000000.0,-7928000000.0,-9.15,-9.15,870590968.0,870590968.0,,,,,,,,,,,,,,569388000000.0,,,,,,,,,506570000000.0,15847000000.0,9169000000.0,62234000000.0,569388000000.0,2560000000.0,,,,,,,,,,1325000000.0,29804000000.0,12761000000.0,13858000000.0,1385000000.0,,,,-4047000000.0,-2903000000.0,,,2140000000.0,565000000.0,741000000.0
2020-09-30,34060000000.0,,,,6231000000.0,,,,-6735000000.0,-918000000.0,-5891000000.0,-6.8,-6.8,869627926.0,873130950.0,,,,,,,,,,,4000000000.0,,,577230000000.0,,,,,,,,,512623000000.0,15838000000.0,10978000000.0,64108000000.0,577230000000.0,3223000000.0,,,,,,,,,,2232000000.0,43228000000.0,19441000000.0,17303000000.0,2197000000.0,,,,-2751000000.0,-5221000000.0,,,3282000000.0,320000000.0,875000000.0
2020-12-31,43736000000.0,,,,8396000000.0,,,,-7293000000.0,-1460000000.0,-5944000000.0,-6.88,-6.88,869309458.0,869309458.0,,,,,12390000000.0,,,,,1840000000.0,4100000000.0,319000000.0,,586481000000.0,,,,,,,,,519282000000.0,15504000000.0,13511000000.0,66362000000.0,586481000000.0,4120000000.0,,-1677000000.0,,,,,,,,1038000000.0,58284000000.0,27620000000.0,23103000000.0,3522000000.0,0.0,353000000.0,,-6000000.0,-6202000000.0,,25000000.0,5058000000.0,-57000000.0,975000000.0
2021-03-31,14454000000.0,,,,2088000000.0,,,,4728000000.0,798000000.0,3876000000.0,4.45,4.41,868105069.0,876269924.0,,,,,,,,,,,,,,584390000000.0,,,,,,,,,520830000000.0,19121000000.0,6466000000.0,62679000000.0,584390000000.0,1423000000.0,,,,,,,,,,640000000.0,15329000000.0,7823000000.0,6200000000.0,649000000.0,,,,1950000000.0,1505000000.0,0.0,,-2114000000.0,14000000.0,42000000.0
2021-06-30,25135000000.0,,,,4306000000.0,,,,4875000000.0,795000000.0,3975000000.0,4.58,4.53,865508343.0,874566280.0,,,,,,,,,,,,,,598250000000.0,,,,,,,,,531342000000.0,18935000000.0,10209000000.0,66083000000.0,598250000000.0,2370000000.0,,,,,,,,,,2810000000.0,34667000000.0,17749000000.0,12559000000.0,1558000000.0,,,,1366000000.0,-1645000000.0,,,-1300000000.0,-169000000.0,596000000.0
2021-09-30,37970000000.0,,,,6546000000.0,,,,7051000000.0,1234000000.0,5642000000.0,6.53,6.45,861211983.0,871002018.0,,,,,,,,,,,,,,594800000000.0,,,,,,,,,529141000000.0,20320000000.0,8606000000.0,64863000000.0,594800000000.0,3590000000.0,,,,,,,,,,5764000000.0,53220000000.0,26424000000.0,19211000000.0,2134000000.0,,,,1312000000.0,-2924000000.0,,,-2760000000.0,40000000.0,737000000.0
2021-12-31,52057000000.0,,,,8790000000.0,,,,12099000000.0,2176000000.0,9388000000.0,10.95,10.82,854320449.0,864884879.0,,,,,11479000000.0,,,,,1712000000.0,4056000000.0,300000000.0,,596112000000.0,,,,,,,,,527200000000.0,23785000000.0,6687000000.0,65956000000.0,596112000000.0,4633000000.0,,2221000000.0,,,,,,,,6279000000.0,74204000000.0,34765000000.0,26098000000.0,3168000000.0,,343000000.0,,995000000.0,-3280000000.0,,16000000.0,-3735000000.0,-803000000.0,862000000.0
2022-03-31,15808000000.0,,,,2181000000.0,,,,5835000000.0,1179000000.0,4260000000.0,5.21,5.15,816314273.0,826012610.0,,,,,,,,,,,,,,573513000000.0,,,,,,,,,515410000000.0,27764000000.0,-5900000000.0,55944000000.0,573513000000.0,1447000000.0,,,,,,,,,,57000000.0,12263000000.0,5674000000.0,6097000000.0,674000000.0,,,,177000000.0,853000000.0,,,-595000000.0,302000000.0,56000000.0
2022-06-30,30249000000.0,,,,4404000000.0,,,,10156000000.0,2107000000.0,7296000000.0,9.06,8.95,803532447.0,813298338.0,,,,,,,,,,,,,,538938000000.0,,,,,,,,,492114000000.0,30550000000.0,-17656000000.0,45344000000.0,538938000000.0,2698000000.0,,,,,,,,,,631000000.0,21832000000.0,10416000000.0,14660000000.0,1023000000.0,,,,-385000000.0,2534000000.0,,,-2793000000.0,301000000.0,265000000.0
2022-09-30,44851000000.0,,,,6497000000.0,,,,14003000000.0,2913000000.0,10005000000.0,12.64,12.49,789888322.0,799092556.0,,,,,,,,,,,,,,522932000000.0,,,,,,,,,481931000000.0,33009000000.0,-23793000000.0,39023000000.0,522932000000.0,3918000000.0,,,,,,,,,,4018000000.0,28896000000.0,14702000000.0,17296000000.0,1701000000.0,,,,-1364000000.0,-2265000000.0,,,-1571000000.0,,489000000.0
2022-12-31,56437000000.0,,,,9195000000.0,,,,14282000000.0,3006000000.0,10276000000.0,13.16,13.01,778621118.0,787941750.0,,,,,14849000000.0,,,,,1593000000.0,3927000000.0,,,526634000000.0,,,,,,,,,484399000000.0,33032000000.0,-22092000000.0,40002000000.0,526634000000.0,4848000000.0,,,,,,,,,,4207000000.0,38885000000.0,18485000000.0,21660000000.0,2346000000.0,,210000000.0,,443000000.0,-3626000000.0,,,-676000000.0,,746000000.0
2023-03-31,10984000000.0,,,,1980000000.0,,,,-231000000.0,-144000000.0,30000000.0,0.03,0.03,738661428.0,744099186.0,,,,,,,,,,,,,,536627000000.0,,,,,,,,,490321000000.0,34690000000.0,-19329000000.0,43317000000.0,536627000000.0,1186000000.0,,,,,,,,,,497000000.0,13607000000.0,4130000000.0,10676000000.0,443000000.0,,,,303000000.0,-1474000000.0,,,817000000.0,,56000000.0
2023-06-30,24202000000.0,,,,4248000000.0,,,,1867000000.0,176000000.0,1523000000.0,2.06,2.05,732175533.0,737290694.0,,,,,,,,,,,,,,537138000000.0,,,,,,,,,490647000000.0,35916000000.0,-18982000000.0,42454000000.0,537138000000.0,2274000000.0,,,,,,,,,,1111000000.0,23496000000.0,8439000000.0,16480000000.0,890000000.0,,,,671000000.0,-641000000.0,,,-115000000.0,373000000.0,368000000.0
2023-09-30,36976000000.0,,,,6365000000.0,,,,5204000000.0,853000000.0,3550000000.0,4.86,4.83,725579999.0,731033045.0,,,,,,,,,,,,,,521521000000.0,,,,,,,,,478308000000.0,37689000000.0,-22529000000.0,39984000000.0,521521000000.0,3245000000.0,,,,,,,,,,4621000000.0,29503000000.0,12305000000.0,19471000000.0,1407000000.0,,,,1378000000.0,-4072000000.0,,,-239000000.0,273000000.0,473000000.0
2023-12-31,46802000000.0,,,,8499000000.0,,,,3858000000.0,-20000000.0,3643000000.0,5.02,4.98,719506291.0,725233068.0,,,,,14099000000.0,,,,,1378000000.0,3539000000.0,,,539306000000.0,,,,,,,,,488005000000.0,37516000000.0,-14037000000.0,45351000000.0,539306000000.0,4214000000.0,,,,,,,,,,6243000000.0,40466000000.0,17957000000.0,22933000000.0,2189000000.0,,240000000.0,,1320000000.0,-7021000000.0,,,782000000.0,-9000000.0,984000000.0
2024-03-31,12578000000.0,,,,2014000000.0,,,,2051000000.0,451000000.0,1216000000.0,1.75,1.74,682576848.0,687961518.0,,,,,,,,,,,,,,544121000000.0,,,,,,,,,495011000000.0,38466000000.0,-14869000000.0,43385000000.0,544121000000.0,913000000.0,,,,,,,,,,519000000.0,11287000000.0,4957000000.0,5595000000.0,317000000.0,,,,91000000.0,308000000.0,,,-1141000000.0,-343000000.0,84000000.0
2024-06-30,13323000000.0,,,,2848000000.0,,,,1675000000.0,403000000.0,-3977000000.0,-6.02,-5.96,671834907.0,677458343.0,,,,,,,,,,,3407000000.0,,,167890000000.0,,,,,,,,,123415000000.0,34225000000.0,-7565000000.0,44445000000.0,167890000000.0,1751000000.0,,,,,,,,,,1449000000.0,7987000000.0,4938000000.0,5148000000.0,218000000.0,,,,51000000.0,-1296000000.0,,,-148000000.0,-61000000.0,709000000.0
2024-09-30,20074000000.0,,,,4194000000.0,,,,2324000000.0,571000000.0,-2302000000.0,-3.51,-3.48,661691554.0,667355069.0,,,,,,,,,,,3453000000.0,,,169449000000.0,,,,,,,,,124376000000.0,34429000000.0,-5722000000.0,45039000000.0,169449000000.0,2607000000.0,,,,,,,,,,3148000000.0,13254000000.0,6887000000.0,7323000000.0,364000000.0,,,,187000000.0,-981000000.0,,,-2059000000.0,71000000.0,811000000.0
,,,,,,,,,,,,,,,,,,,,,,,,,,,,,,,,,,,,,,,,,,,,,,,,,,,,,,,,,,,,,,,,,,,
