Date,Net sales,Cost of sales,Gross margin,Research and development,"Selling, general and administrative",Total operating expenses,Operating income,"Other income/(expense), net",Income before provision for income taxes,Provision for income taxes,Net income,Earnings per share basic,Earnings per share diluted,Weighted-average basic,Weighted-average diluted,Cash and cash equivalents,Short-term marketable securities,"Accounts receivable, net",Inventories,Deferred tax assets,Vendor non-trade receivables,Other current assets,Total current assets,Long-term marketable securities,"Property, Plant and Equipment, Net",Goodwill,"Acquired intangible assets, net","Other Assets, Noncurrent",Total assets,accounts payable,Accrued expenses,Deferred revenue,Total current liabilities,Deferred revenue - non-current,deferred tax liabilities,long term taxes payable,Total other non-current liabilities,Total liabilities,Retained Earnings (Accumulated Deficit),Accumulated other comprehensive (loss)/income,Total shareholders equity,Total liabilities and shareholders' equity,"Depreciation, amortization and accretion",Stock-based compensation expense,Deferred income tax expense,"Increase (Decrease) in Accounts receivable, net",Increase (Decrease) in Inventories,Increase (Decrease) in Other Receivables,Increase (Decrease) in Other Operating Assets,Increase (Decrease) in Accounts Payable,Increase (Decrease) in Deferred Revenue,Increase (Decrease) Other liabilities,Cash generated by operating activities,Purchases of marketable securities,Proceeds from maturities of marketable securities,Proceeds from sales of marketable securities,Purchases of other long-term investments,"Business acquisitions, net of cash acquired",Cash payments for capital asset purchases,Payments for acquisition of intangible assets,Payments for (Proceeds from) Other Investing Activities,Cash used in investing activities,Proceeds from issuance of common stock,Excess tax benefits from stock-based compensation,Cash generated/used in financing activities,Increase/(decrease) in cash and cash equivalents,"Cash paid for income taxes, net"
2010-06-30,941900000.0,64000000.0,,,,168600000.0,,,106800000.0,35700000.0,73200000.0,0.71,0.71,,,230000000.0,,,,,,111600000.0,1823600000.0,,79000000.0,780400000.0,431000000.0,186400000.0,3555800000.0,,43300000.0,,1689900000.0,,,,350500000.0,2590400000.0,456300000.0,-13300000.0,965400000.0,3555800000.0,46200000.0,3900000.0,,,,,3400000.0,,,,89600000.0,,,,,25000000.0,13000000.0,,,-24800000.0,23100000.0,,-40700000.0,24100000.0,
2010-09-30,1405100000.0,64000000.0,,,,253400000.0,,,177200000.0,59900000.0,119400000.0,1.15,1.14,,,296300000.0,,,,,,123300000.0,1689900000.0,,75800000.0,824400000.0,435600000.0,190100000.0,3460700000.0,,38500000.0,,1532300000.0,,,,367000000.0,2449300000.0,468400000.0,-2600000.0,1011400000.0,3460700000.0,69000000.0,6700000.0,,,,,-8800000.0,,,,212400000.0,,,,,44200000.0,18100000.0,,,-49200000.0,26400000.0,,-72800000.0,90400000.0,
2010-12-31,1864200000.0,64000000.0,,,,354600000.0,,,203000000.0,39700000.0,174100000.0,1.66,1.66,,,249800000.0,,,,,,126400000.0,1726000000.0,,75800000.0,883700000.0,483500000.0,181800000.0,3596000000.0,,40000000.0,,1577300000.0,,,,362000000.0,2489300000.0,488300000.0,2200000.0,1106700000.0,3596000000.0,93100000.0,9000000.0,,,,,3600000.0,,,,231800000.0,,,,,78900000.0,25400000.0,,,-91700000.0,36700000.0,,-96200000.0,43900000.0,
2011-03-31,447400000.0,,,,,94000000.0,,,23500000.0,8300000.0,15200000.0,0.14,0.14,,,333200000.0,,,,,,117700000.0,1749800000.0,,79400000.0,925500000.0,489900000.0,204000000.0,3691100000.0,,41600000.0,,1485300000.0,,,,383700000.0,2544000000.0,466800000.0,6500000.0,1147100000.0,3691100000.0,24500000.0,800000.0,,,,,-13600000.0,,,,-7300000.0,,,,,19100000.0,8300000.0,,,-27300000.0,26300000.0,,118000000.0,83400000.0,
2011-06-30,993500000.0,11700000.0,,,,202200000.0,,,89400000.0,32500000.0,56900000.0,0.52,0.51,111000000.0,,263200000.0,,,,,,127000000.0,2416000000.0,,87700000.0,1072900000.0,562400000.0,208800000.0,4581900000.0,,43700000.0,,2287100000.0,,,,417000000.0,3379100000.0,471300000.0,3700000.0,1202800000.0,4581900000.0,51900000.0,8800000.0,,,,,-1400000.0,,,,97400000.0,,,,,213000000.0,17100000.0,,,-220000000.0,46700000.0,,136000000.0,13400000.0,
2011-09-30,1556300000.0,12400000.0,,,,316100000.0,,,160400000.0,56800000.0,103600000.0,0.93,0.93,112600000.0,,241400000.0,,,,,,146900000.0,2088700000.0,,90500000.0,1092900000.0,556000000.0,204900000.0,4247200000.0,,32700000.0,,1943600000.0,,,,409300000.0,3027900000.0,480400000.0,-12100000.0,1219300000.0,4247200000.0,81300000.0,11400000.0,,,,,14600000.0,,,,182000000.0,,,,,240000000.0,29200000.0,,,-262700000.0,54800000.0,,72300000.0,-8400000.0,
2011-12-31,2134700000.0,32000000.0,,,,419000000.0,,,207800000.0,63700000.0,144100000.0,1.29,1.28,111700000.0,,291200000.0,,,,191600000.0,,188600000.0,2199400000.0,,91300000.0,1155300000.0,561500000.0,235800000.0,4483500000.0,,67900000.0,,2073600000.0,,,,491300000.0,3239900000.0,482900000.0,-47200000.0,1243600000.0,4483500000.0,115200000.0,14300000.0,,,,,41500000.0,,,,283100000.0,,,,,264300000.0,40000000.0,,,-307300000.0,73900000.0,,65600000.0,41400000.0,
2012-03-31,546800000.0,17700000.0,,,,108300000.0,,,32500000.0,4400000.0,28100000.0,0.24,0.24,116400000.0,,301800000.0,,,,,,165300000.0,2225000000.0,,95700000.0,1195600000.0,598400000.0,251500000.0,4602700000.0,,25900000.0,,2044200000.0,,,,526900000.0,3246100000.0,470500000.0,-36000000.0,1356600000.0,4602700000.0,30800000.0,1000000.0,,,,,-27100000.0,,,,-47600000.0,,,,,16000000.0,13400000.0,,,-11500000.0,26700000.0,,69700000.0,10600000.0,
2012-06-30,1196700000.0,46700000.0,,,,232000000.0,,,123600000.0,23800000.0,99800000.0,0.85,0.83,119700000.0,,282100000.0,,,,,,157900000.0,2631800000.0,,100900000.0,1285900000.0,644900000.0,232400000.0,5133600000.0,,37600000.0,,2442000000.0,,,,543700000.0,3660700000.0,500700000.0,-48100000.0,1472900000.0,5133600000.0,67200000.0,3300000.0,,,,,-36200000.0,,,,63000000.0,,,,,77100000.0,26600000.0,,,-82300000.0,48600000.0,,10200000.0,-9100000.0,
2012-09-30,1847100000.0,74400000.0,,,,353600000.0,,,199900000.0,38400000.0,161500000.0,1.35,1.33,123100000.0,,305200000.0,,,,,,182500000.0,2324900000.0,,101000000.0,1373900000.0,722700000.0,245900000.0,5009300000.0,,33900000.0,,2090300000.0,,,,557800000.0,3373100000.0,519700000.0,-25800000.0,1636200000.0,5009300000.0,103700000.0,5500000.0,,,,,-12200000.0,,,,179400000.0,,,,,137900000.0,36100000.0,,,-154400000.0,60900000.0,,-15100000.0,14000000.0,
2012-12-31,2520300000.0,111600000.0,,,,483200000.0,,,245300000.0,50300000.0,195000000.0,1.61,1.59,121000000.0,,302100000.0,,,,156300000.0,,179700000.0,2429500000.0,,105400000.0,1472700000.0,809600000.0,283300000.0,5352300000.0,,36900000.0,,2362900000.0,,,,605800000.0,3693700000.0,510400000.0,-32800000.0,1658600000.0,5352300000.0,140400000.0,7500000.0,,,,,-52400000.0,,,,343000000.0,,,,,344100000.0,51000000.0,,,-382200000.0,82300000.0,,45900000.0,10900000.0,
2013-03-31,674100000.0,58100000.0,,,,133800000.0,,,42300000.0,1800000.0,40500000.0,0.32,0.32,126100000.0,,224000000.0,,,,,,227700000.0,2301400000.0,,108500000.0,1468300000.0,768800000.0,319600000.0,5225100000.0,,27000000.0,,2215100000.0,,,,620300000.0,3560400000.0,506400000.0,-55000000.0,1664700000.0,5225100000.0,40400000.0,900000.0,,,,,51400000.0,,,,51200000.0,,,,,18600000.0,9300000.0,,,-32800000.0,27000000.0,,-92200000.0,-78100000.0,
2013-06-30,1453600000.0,134700000.0,,,,271600000.0,,,139700000.0,5700000.0,134000000.0,1.06,1.04,127300000.0,,240000000.0,,,,,,203900000.0,2602600000.0,,123000000.0,1506100000.0,784700000.0,270600000.0,5562100000.0,,38400000.0,,2343700000.0,,,,591400000.0,3860100000.0,554900000.0,-72600000.0,1702000000.0,5562100000.0,83200000.0,3200000.0,,,,,24000000.0,,,,73800000.0,,,,,113400000.0,35900000.0,,,-165300000.0,51400000.0,,37200000.0,-62100000.0,
2013-09-30,2289400000.0,281600000.0,,,,404700000.0,,,225200000.0,16600000.0,208600000.0,1.63,1.61,129800000.0,,286900000.0,,,,,,260500000.0,2546700000.0,,148100000.0,1771500000.0,918000000.0,302300000.0,5970200000.0,,35500000.0,,2577900000.0,,,,635100000.0,4038000000.0,583200000.0,-41800000.0,1932200000.0,5970200000.0,128300000.0,5400000.0,,,,,71500000.0,,,,278600000.0,,,,,333000000.0,69800000.0,,,-430500000.0,64500000.0,,141300000.0,-15200000.0,
2013-12-31,3179600000.0,437300000.0,,,,552400000.0,,,274500000.0,5900000.0,268600000.0,2.08,2.06,128900000.0,,298100000.0,,,,155200000.0,,261300000.0,2875600000.0,,160400000.0,2145200000.0,1078800000.0,320700000.0,6860500000.0,,44500000.0,,3284800000.0,,,,665200000.0,4775000000.0,596400000.0,-2600000.0,2085500000.0,6860500000.0,178600000.0,7700000.0,,,,,57400000.0,,,,349900000.0,,,,,727700000.0,93600000.0,,,-851700000.0,76200000.0,,502600000.0,-4000000.0,
2014-03-31,915000000.0,171000000.0,,,,157200000.0,,,46300000.0,-3000000.0,49300000.0,0.37,0.36,134200000.0,,739200000.0,,,,,,289500000.0,3198000000.0,,165900000.0,2142000000.0,1093800000.0,383000000.0,7275600000.0,,33000000.0,,3033600000.0,,,,672800000.0,5131400000.0,596900000.0,6900000.0,2144200000.0,7275600000.0,52900000.0,2400000.0,,,,,20600000.0,,,,76100000.0,,,,,23600000.0,19800000.0,,,-44500000.0,18100000.0,,409500000.0,441100000.0,
2014-06-30,2094300000.0,441500000.0,,,,341200000.0,,,153400000.0,-4900000.0,158300000.0,1.1,1.09,154300000.0,,973500000.0,,,,,,360200000.0,4440300000.0,,193700000.0,3027600000.0,1631500000.0,397300000.0,10019300000.0,,77800000.0,,3875000000.0,,,,769700000.0,6769700000.0,648400000.0,54200000.0,3249600000.0,10019300000.0,112400000.0,5100000.0,,,,,57300000.0,,,,206800000.0,,,,,1402000000.0,42100000.0,,,-1461400000.0,948000000.0,,1911100000.0,675400000.0,
2014-09-30,3381100000.0,767700000.0,,,,546200000.0,,,241100000.0,-10800000.0,251900000.0,1.68,1.67,160200000.0,,290500000.0,,,,,,670800000.0,3972400000.0,,196600000.0,3296200000.0,1771100000.0,399000000.0,9988000000.0,,58600000.0,,3769800000.0,,,,837200000.0,6732000000.0,683700000.0,-83700000.0,3256000000.0,9988000000.0,185300000.0,7800000.0,,,,,123500000.0,,,,233200000.0,,,,,1834600000.0,59700000.0,,,-1910700000.0,960600000.0,,1655800000.0,-7600000.0,
2014-12-31,4626500000.0,1058900000.0,,,,767200000.0,,,267400000.0,-36000000.0,303400000.0,1.98,1.97,152900000.0,,314400000.0,,,,116400000.0,,666700000.0,3811200000.0,,195400000.0,3449600000.0,1776000000.0,385200000.0,10010000000.0,,61700000.0,,3642700000.0,,,,1012900000.0,6780600000.0,676000000.0,-260600000.0,3229400000.0,10010000000.0,258900000.0,10600000.0,,,,,150500000.0,,,,402300000.0,,,,,1918300000.0,81500000.0,,,-2011700000.0,997000000.0,,1597800000.0,16300000.0,
2015-03-31,1231300000.0,309300000.0,,,,203500000.0,,,30900000.0,-1500000.0,21900000.0,0.13,0.13,165600000.0,,276800000.0,,,,102400000.0,,587800000.0,3594800000.0,,190600000.0,3418000000.0,1723600000.0,408500000.0,9730900000.0,,50500000.0,,3438700000.0,,,,947600000.0,6511300000.0,636000000.0,-380200000.0,3145200000.0,9730900000.0,76200000.0,2200000.0,,,,,-84400000.0,,,,113300000.0,,,,,22000000.0,17800000.0,,,-40300000.0,18100000.0,,-104400000.0,-37600000.0,
2015-06-30,2602700000.0,,,,,2443300000.0,,,159400000.0,-20600000.0,161200000.0,0.96,0.95,170600000.0,,321700000.0,,,,106700000.0,,731400000.0,4261400000.0,,198200000.0,3569400000.0,1761500000.0,487600000.0,10716100000.0,,60800000.0,,3905400000.0,,,,974200000.0,7004600000.0,710800000.0,-338700000.0,3638500000.0,10716100000.0,158500000.0,5100000.0,,,,,36500000.0,,,,81700000.0,,,,,63500000.0,42700000.0,,,-109100000.0,188200000.0,,37200000.0,7300000.0,
2015-09-30,4057500000.0,,,,,3792400000.0,,,265100000.0,-55800000.0,294500000.0,1.73,1.71,176000000.0,,369700000.0,,,,109400000.0,,700000000.0,4020100000.0,,200700000.0,3579600000.0,1741800000.0,480400000.0,10510400000.0,,54500000.0,,3729200000.0,,,,948300000.0,6802500000.0,778400000.0,-496300000.0,3652400000.0,10510400000.0,240400000.0,8200000.0,,,,,43700000.0,,,,326500000.0,,,,,176500000.0,71800000.0,,,-260200000.0,199000000.0,,1200000.0,55300000.0,
2015-12-31,5392400000.0,,,,,5098900000.0,,,293500000.0,-95600000.0,356800000.0,2.07,2.06,172200000.0,,480400000.0,,,,291400000.0,,709300000.0,4335800000.0,,202700000.0,3662900000.0,1698800000.0,492200000.0,10913800000.0,,58600000.0,,4191700000.0,,,,958900000.0,7225600000.0,774500000.0,-522500000.0,3638300000.0,10913800000.0,334200000.0,11200000.0,,,,,34700000.0,,,,652600000.0,,,,,342300000.0,99000000.0,,,-461600000.0,203300000.0,,-9900000.0,166000000.0,
2016-03-31,1300400000.0,,,,,1244700000.0,,,55700000.0,-2200000.0,46500000.0,0.26,0.26,177000000.0,,425400000.0,,,,,,503800000.0,3939500000.0,,218200000.0,3693400000.0,1672900000.0,528000000.0,10712600000.0,,49000000.0,,4022400000.0,,,,966100000.0,7060300000.0,753400000.0,-535400000.0,3597100000.0,10712600000.0,84000000.0,3300000.0,,,,,-85900000.0,,,,109400000.0,,,,,61700000.0,61900000.0,,,-128400000.0,6800000.0,,-34100000.0,-55000000.0,
2016-06-30,2727500000.0,,,,,2534300000.0,,,193200000.0,-20400000.0,196500000.0,1.11,1.1,177400000.0,,411100000.0,,,,,,605200000.0,4485600000.0,,213900000.0,3716100000.0,1659800000.0,606600000.0,11384300000.0,,49700000.0,,4383700000.0,,,,1000400000.0,7728500000.0,835200000.0,-603500000.0,3599900000.0,11384300000.0,172600000.0,7100000.0,,,,,25900000.0,,,,145000000.0,,,,,143600000.0,103100000.0,,,-255600000.0,20900000.0,,46100000.0,-69300000.0,
2016-09-30,4209800000.0,,,,,3921700000.0,,,288100000.0,-55900000.0,319300000.0,1.8,1.79,177600000.0,,531800000.0,,,,,,601100000.0,4213700000.0,,213900000.0,3762600000.0,1629900000.0,630400000.0,11200300000.0,,55900000.0,,4398900000.0,,,,1015600000.0,7459100000.0,889800000.0,-620500000.0,3686500000.0,11200300000.0,261500000.0,10900000.0,,,,,28600000.0,,,,388400000.0,,,,,208200000.0,138800000.0,,,-362000000.0,36800000.0,,31600000.0,51400000.0,
2016-12-31,5594800000.0,,,,,5237900000.0,,,356900000.0,-88100000.0,414400000.0,2.33,2.32,177600000.0,,545500000.0,,,,425400000.0,,633700000.0,4416100000.0,,377600000.0,3767800000.0,1627300000.0,504300000.0,11489600000.0,,70900000.0,,4611700000.0,,,,1077500000.0,7833800000.0,916400000.0,-763600000.0,3596600000.0,11489600000.0,350800000.0,14700000.0,,,,,55200000.0,,,,622100000.0,,,,,327300000.0,217800000.0,,,-569200000.0,45600000.0,,33900000.0,65100000.0,
2017-03-31,1412700000.0,,,,,1360400000.0,,,52300000.0,-15500000.0,55700000.0,0.31,0.31,178900000.0,,564000000.0,,,,,,594400000.0,4483200000.0,,375500000.0,3896900000.0,1682100000.0,536200000.0,11780600000.0,,63700000.0,,4784700000.0,,,,1123900000.0,8053300000.0,901800000.0,-699100000.0,3662500000.0,11780600000.0,93800000.0,4100000.0,,,,,-56200000.0,,,,169700000.0,,,,,145000000.0,29300000.0,,,-178100000.0,20300000.0,,19900000.0,18500000.0,
2017-06-30,2976100000.0,,,,,2776800000.0,,,199300000.0,-48900000.0,227600000.0,1.27,1.26,179900000.0,,587800000.0,,,,,,664100000.0,5107200000.0,,387600000.0,3989000000.0,1662600000.0,561300000.0,12569600000.0,,58500000.0,,4858000000.0,,,,1156800000.0,8659600000.0,1002900000.0,-661900000.0,3844700000.0,12569600000.0,189100000.0,8500000.0,,,,,17400000.0,,,,205400000.0,,,,,225200000.0,65600000.0,,,-294500000.0,34900000.0,,119000000.0,42300000.0,
2017-09-30,4560600000.0,,,,,4264600000.0,,,296000000.0,-90000000.0,358000000.0,1.99,1.97,180500000.0,,564900000.0,,,,,,679600000.0,5087400000.0,,413400000.0,4160400000.0,1671200000.0,559600000.0,12810400000.0,,61800000.0,,4705200000.0,,,,1191300000.0,8638200000.0,1062100000.0,-498900000.0,4110000000.0,12810400000.0,289200000.0,12900000.0,,,,,25000000.0,,,,459100000.0,,,,,320500000.0,,,,-420000000.0,50200000.0,,-46600000.0,19400000.0,
2017-12-31,6159600000.0,,,,,5781500000.0,,,378100000.0,-121100000.0,463100000.0,2.57,2.54,180100000.0,,681200000.0,,,,573100000.0,,708400000.0,5170600000.0,,412200000.0,4197900000.0,1644600000.0,567000000.0,12897400000.0,,56400000.0,,4912300000.0,,,,1128300000.0,8732500000.0,1095900000.0,-559900000.0,4105200000.0,12897400000.0,385800000.0,17300000.0,,,,,48500000.0,,,,854200000.0,,,,,,,,,-511000000.0,60400000.0,,-47800000.0,367400000.0,
2018-03-31,1837700000.0,,,,,1595400000.0,,,242300000.0,-43700000.0,273700000.0,1.51,1.48,181500000.0,,697900000.0,,,,,,749200000.0,8533300000.0,,424200000.0,4236300000.0,1639600000.0,585700000.0,16127500000.0,,,390400000.0,7742400000.0,74800000.0,,,933700000.0,11543000000.0,1426700000.0,-499500000.0,4514600000.0,16127500000.0,98800000.0,4800000.0,,,,,-119100000.0,,29300000.0,,-217600000.0,,,,,,,,,-86900000.0,32300000.0,,69500000.0,-196300000.0,
2018-06-30,3498100000.0,,,,,3152200000.0,,,345900000.0,-63800000.0,388600000.0,2.14,2.1,182400000.0,,652200000.0,,,,,,878100000.0,8365000000.0,,427600000.0,4403900000.0,1731000000.0,586700000.0,16230500000.0,,,395200000.0,7568600000.0,76600000.0,,,931200000.0,11717400000.0,1466000000.0,-651400000.0,4443600000.0,16230500000.0,203000000.0,6400000.0,,,,,-1000000.0,,32400000.0,,313300000.0,,,,,,,,,-445700000.0,47700000.0,,201600000.0,39700000.0,40500000.0
2018-09-30,5276600000.0,,,,,4840400000.0,,,436200000.0,-111900000.0,516200000.0,2.83,2.78,183300000.0,,605000000.0,,,,,,951500000.0,8084000000.0,,429300000.0,4501300000.0,1772100000.0,584600000.0,16114700000.0,,,396600000.0,7422600000.0,76100000.0,,,862100000.0,11502000000.0,1517600000.0,-673400000.0,4544500000.0,16114700000.0,309200000.0,10100000.0,,,,,76800000.0,,33000000.0,,504600000.0,,,,,,,,,-653800000.0,69900000.0,,156800000.0,-44500000.0,50800000.0
2018-12-31,6934000000.0,1816000000.0,,,,6454600000.0,,,479400000.0,-196500000.0,633500000.0,3.47,3.4,182700000.0,,607200000.0,,,,699300000.0,,1024400000.0,8118700000.0,,436900000.0,4625600000.0,1773000000.0,573600000.0,16334000000.0,,,379300000.0,7693600000.0,78400000.0,,,900900000.0,11764300000.0,1558600000.0,-785600000.0,4498900000.0,16334000000.0,419000000.0,13700000.0,,,,,134700000.0,,18400000.0,,765100000.0,,,,,,,,,-910300000.0,81900000.0,,162000000.0,-68200000.0,68100000.0
2019-03-31,1990600000.0,382500000.0,,,,1668800000.0,,,321800000.0,-29900000.0,334100000.0,1.81,1.77,184500000.0,,871500000.0,,,,,,875500000.0,9669500000.0,,450200000.0,4800900000.0,1841400000.0,630700000.0,18631400000.0,,,402100000.0,8637900000.0,78000000.0,,,937100000.0,13673200000.0,1810200000.0,-721500000.0,4880300000.0,18631400000.0,110500000.0,3600000.0,,,,,-133400000.0,,18600000.0,,-96200000.0,,,,,,,,,-141300000.0,32800000.0,,507400000.0,304000000.0,
2019-06-30,3648400000.0,674500000.0,,,,3221100000.0,,,427300000.0,-45800000.0,444200000.0,2.4,2.35,185800000.0,,512300000.0,,,,,,993200000.0,9547400000.0,,458000000.0,5241900000.0,2008800000.0,670100000.0,19200300000.0,,,429000000.0,8932500000.0,75300000.0,,,1101700000.0,14252500000.0,1839300000.0,-802500000.0,4879400000.0,19200300000.0,225500000.0,7100000.0,,,,,-50400000.0,,27000000.0,,419600000.0,,,,,,,,,-732800000.0,65100000.0,,620100000.0,309800000.0,
2019-09-30,5473600000.0,1071900000.0,,,,4931500000.0,,,542100000.0,-68100000.0,570300000.0,3.07,3.01,186300000.0,,578900000.0,,,,,,1036600000.0,9328600000.0,,458800000.0,5314800000.0,2073500000.0,660800000.0,19173800000.0,,,421200000.0,8910900000.0,72700000.0,,,1127100000.0,14261800000.0,1884200000.0,-925100000.0,4843300000.0,19173800000.0,344800000.0,10500000.0,,,,,6800000.0,,17100000.0,,769100000.0,,,,,,,,,-980400000.0,83100000.0,,628700000.0,370500000.0,
2019-12-31,7195000000.0,1352800000.0,,,,6568900000.0,,,626100000.0,-89700000.0,668800000.0,3.6,3.52,186000000.0,,604800000.0,,,,818200000.0,,1074400000.0,9117500000.0,,467400000.0,5618500000.0,2318700000.0,773600000.0,19634800000.0,,,434100000.0,8921000000.0,69700000.0,,,1271600000.0,14419300000.0,1901300000.0,-759600000.0,5155500000.0,19634800000.0,474400000.0,14000000.0,,,,,60500000.0,,12800000.0,,1119200000.0,,,,,,,,,-1376600000.0,101200000.0,,638400000.0,387100000.0,
2020-03-31,1866900000.0,185400000.0,,,,1510900000.0,,,356000000.0,600000.0,346300000.0,1.83,1.79,188700000.0,,352800000.0,,,,,,799700000.0,10527200000.0,,454300000.0,5555200000.0,2246800000.0,674400000.0,20836500000.0,,,423300000.0,9837800000.0,68200000.0,,,1225900000.0,15766400000.0,2161400000.0,-1231100000.0,5029500000.0,20836500000.0,172400000.0,3300000.0,,,,,-206400000.0,,4500000.0,,108600000.0,,,,,,,,,-105000000.0,23900000.0,,147900000.0,9300000.0,29900000.0
2020-06-30,3450900000.0,346600000.0,,,,2923200000.0,,,527700000.0,10500000.0,500000000.0,2.64,2.58,190500000.0,,349700000.0,,,,,,884200000.0,10760400000.0,,461400000.0,5756400000.0,2226000000.0,727700000.0,21306200000.0,,,453300000.0,9864000000.0,66300000.0,,,1218100000.0,15771700000.0,2228300000.0,-982200000.0,5488600000.0,21306200000.0,295000000.0,6700000.0,,,,,-103100000.0,,18400000.0,,802200000.0,,,,,,,,,-139800000.0,58200000.0,,-252500000.0,378800000.0,20000000.0
2020-09-30,5300000000.0,665800000.0,,,,4562800000.0,,,737200000.0,32200000.0,676600000.0,3.55,3.48,191900000.0,,629900000.0,,,,,,1023000000.0,11200300000.0,,458700000.0,5832200000.0,,732500000.0,21814900000.0,,,465800000.0,10117200000.0,65600000.0,,,1255700000.0,15996700000.0,2317300000.0,-870400000.0,5771700000.0,21814900000.0,428900000.0,10100000.0,,,,,24500000.0,,24900000.0,,1387600000.0,,,,,,,,,-162800000.0,83600000.0,,-381200000.0,850900000.0,65600000.0
2020-12-31,7003600000.0,882100000.0,,,,6132700000.0,,,870900000.0,12800000.0,818800000.0,4.29,4.2,191000000.0,,664600000.0,,,,978700000.0,,1113900000.0,11124200000.0,,450700000.0,6127000000.0,2399900000.0,769900000.0,22331400000.0,,,475600000.0,10135000000.0,65700000.0,,,1311100000.0,16098700000.0,2371700000.0,-643600000.0,6186200000.0,22331400000.0,562400000.0,13600000.0,,,,,77100000.0,,18500000.0,,1752500000.0,,,,,,,,,-416800000.0,111900000.0,,-505100000.0,950400000.0,113000000.0
2021-03-31,2165000000.0,309100000.0,,,,1756600000.0,,,408400000.0,14700000.0,382100000.0,1.96,1.92,194600000.0,,526300000.0,,,,,,997300000.0,12667500000.0,,449200000.0,6510900000.0,,850000000.0,24414500000.0,,,526600000.0,11516000000.0,64100000.0,,,1373600000.0,17635000000.0,2658900000.0,-527800000.0,6731100000.0,24414500000.0,143300000.0,3700000.0,,,,,-113800000.0,,37900000.0,,286300000.0,,,,,,,,,-417900000.0,37200000.0,,-118100000.0,-213400000.0,41600000.0
2021-06-30,4098500000.0,577900000.0,,,,3467800000.0,,,630700000.0,35200000.0,572300000.0,2.89,2.83,201300000.0,,3204100000.0,,,,,,1169500000.0,15939300000.0,,454900000.0,6630300000.0,,860800000.0,27817200000.0,,,530100000.0,12021300000.0,62000000.0,,,1365100000.0,19463200000.0,2749100000.0,-530500000.0,8312700000.0,27817200000.0,288500000.0,8200000.0,,,,,52800000.0,,36400000.0,,688300000.0,,,,,,,,,-602100000.0,1502000000.0,,2664400000.0,2800700000.0,115300000.0
2021-09-30,6236700000.0,944000000.0,,,,5374600000.0,,,862100000.0,28000000.0,797400000.0,3.97,3.88,207000000.0,,2735100000.0,,,,,,1369500000.0,15138300000.0,,454500000.0,6627500000.0,,854800000.0,26915800000.0,,,527100000.0,11659800000.0,61100000.0,,,1371000000.0,18445700000.0,2873800000.0,-623200000.0,8420200000.0,26915800000.0,419800000.0,9100000.0,,,,,142700000.0,,36200000.0,,1141200000.0,,,,,,,,,-721700000.0,1524600000.0,,2001600000.0,2438000000.0,235200000.0
2021-12-31,8209400000.0,1173200000.0,,,,7234300000.0,,,975100000.0,20100000.0,906800000.0,4.47,4.37,202700000.0,,402600000.0,,,,1062700000.0,,1451000000.0,17670400000.0,,500800000.0,8666200000.0,3954000000.0,966500000.0,33345000000.0,,,520900000.0,16735000000.0,58700000.0,,,1871700000.0,24784900000.0,2882300000.0,-726100000.0,8508400000.0,33345000000.0,566300000.0,13400000.0,-184000000.0,,,,136800000.0,,23100000.0,,1704100000.0,,,,,,,,,-3431700000.0,1546700000.0,,2684100000.0,892000000.0,325400000.0
2022-03-31,2435300000.0,22900000.0,,,,1897600000.0,,,537700000.0,98600000.0,438700000.0,2.1,2.05,209000000.0,,528600000.0,,,,,,1272500000.0,27519300000.0,,505100000.0,8727700000.0,,980200000.0,43161500000.0,,,577800000.0,26144800000.0,64500000.0,,,1814900000.0,34118400000.0,3213000000.0,-665700000.0,8989400000.0,43161500000.0,159800000.0,2400000.0,28100000.0,,,,-120100000.0,,59300000.0,,434600000.0,,,,,,,,,-94300000.0,45900000.0,,-200300000.0,172400000.0,43000000.0
2022-06-30,4478300000.0,22900000.0,,,,3588300000.0,,,890000000.0,165800000.0,722900000.0,3.45,3.38,210200000.0,,523600000.0,,,,,,1502700000.0,24744400000.0,,569600000.0,9036400000.0,,949100000.0,39990400000.0,,,559300000.0,23504700000.0,62900000.0,,,1686200000.0,31128600000.0,3388700000.0,-1057300000.0,8808700000.0,39990400000.0,300100000.0,9500000.0,-10000000.0,,,,-118000000.0,,53200000.0,,768300000.0,,,,,,,,,-369900000.0,69100000.0,,-500000.0,323400000.0,141000000.0
2022-09-30,6522300000.0,22900000.0,,,,5317300000.0,,,1205000000.0,224500000.0,978700000.0,4.66,4.57,210700000.0,,553700000.0,,,,,,1563800000.0,23796600000.0,,561400000.0,8837200000.0,,934400000.0,38667800000.0,,,525000000.0,22456600000.0,62800000.0,,,1655200000.0,30038700000.0,3536200000.0,-1478700000.0,8573800000.0,38667800000.0,445600000.0,17000000.0,-20900000.0,,,,-64900000.0,,32400000.0,,1925000000.0,,,,,,,,,-562100000.0,102200000.0,,-269700000.0,810500000.0,203300000.0
2022-12-31,8550600000.0,22900000.0,,,,7223600000.0,,,1327000000.0,211000000.0,1114200000.0,5.3,5.19,210300000.0,,342300000.0,,,,1206300000.0,,1461500000.0,22834600000.0,,576200000.0,9489400000.0,3372100000.0,989800000.0,38907800000.0,,,546700000.0,21888000000.0,62600000.0,,,1903800000.0,29717600000.0,3562200000.0,-1140400000.0,9143600000.0,38907800000.0,599600000.0,24400000.0,-209000000.0,,,,47100000.0,,29300000.0,,2125400000.0,,,,,,,,,-1004800000.0,123100000.0,,-522800000.0,497900000.0,317600000.0
2023-03-31,2706100000.0,,,,,2100300000.0,,,605800000.0,119200000.0,486500000.0,2.29,2.24,212800000.0,,1345700000.0,,3526500000.0,,,,298200000.0,28778000000.0,,581200000.0,9703200000.0,,1028600000.0,45094400000.0,,,626200000.0,27095700000.0,62000000.0,,,1744900000.0,35236100000.0,3930200000.0,-1101400000.0,9817800000.0,45094400000.0,159400000.0,3800000.0,31900000.0,642200000.0,,,-17300000.0,,74700000.0,,428500000.0,,,,,,,,,-256600000.0,30300000.0,,958100000.0,1126800000.0,53500000.0
2023-06-30,5148000000.0,,,,,4244800000.0,,,903200000.0,180800000.0,721000000.0,3.37,3.31,214900000.0,,777900000.0,,3716300000.0,,,,418000000.0,36845700000.0,,640500000.0,10513700000.0,,1109300000.0,54365200000.0,,,656800000.0,35588800000.0,61700000.0,,,1919800000.0,43925200000.0,4045100000.0,-882900000.0,10395700000.0,54365200000.0,335100000.0,11900000.0,-900000.0,732300000.0,,,29900000.0,,78800000.0,,440900000.0,,,,,,,,,-1065100000.0,66000000.0,,2560300000.0,1978000000.0,116700000.0
2023-09-30,7640000000.0,,,,,6372700000.0,,,1267300000.0,261700000.0,1001700000.0,4.67,4.58,215700000.0,,857600000.0,,3769300000.0,,,,436200000.0,35937700000.0,,649400000.0,10469400000.0,,1085900000.0,53203900000.0,,,634000000.0,34473900000.0,61600000.0,,,1813100000.0,42693900000.0,4205700000.0,-1064500000.0,10463500000.0,53203900000.0,506800000.0,21000000.0,8500000.0,684700000.0,,,17500000.0,,63400000.0,,1338100000.0,,,,,,,,,-1392500000.0,100000000.0,,1891800000.0,1821200000.0,166100000.0
2023-12-31,10071900000.0,,,,,8886800000.0,,,1185100000.0,219100000.0,969500000.0,4.51,4.42,214900000.0,,,,3786600000.0,,1002600000.0,,450100000.0,32116100000.0,,726400000.0,11475600000.0,4633300000.0,1131800000.0,51615800000.0,,,644700000.0,31064700000.0,61500000.0,,,2316100000.0,40800500000.0,4052900000.0,-792100000.0,10775300000.0,51615800000.0,696500000.0,31400000.0,43100000.0,503500000.0,,,107300000.0,,49000000.0,,2031700000.0,,,,,,,,,-3293000000.0,120200000.0,,2873900000.0,1579100000.0,225800000.0
2024-03-31,3256700000.0,,,,,2484000000.0,,,772700000.0,160000000.0,608400000.0,2.8,2.74,217500000.0,,,,4148700000.0,,,,412100000.0,41479500000.0,,704800000.0,11532100000.0,,1197000000.0,60975900000.0,,,720600000.0,39636500000.0,64700000.0,,,1602900000.0,49631700000.0,4529300000.0,-949000000.0,11300800000.0,60975900000.0,207700000.0,11100000.0,55700000.0,471900000.0,,,8700000.0,,80100000.0,,789300000.0,,,,,,,,,-191900000.0,52000000.0,,-5400000.0,537500000.0,71700000.0
2024-06-30,6032100000.0,,,,,4893800000.0,,,1138300000.0,240200000.0,891800000.0,4.09,4.01,218800000.0,,,,4178300000.0,,,,403000000.0,43313500000.0,,655300000.0,11915500000.0,,1311600000.0,63007700000.0,,,697100000.0,41609600000.0,65800000.0,,,1606900000.0,51408400000.0,4681200000.0,-939200000.0,11572500000.0,63007700000.0,419300000.0,21100000.0,5600000.0,469200000.0,,,-2700000.0,,55300000.0,,908800000.0,,,,,,,,,-499600000.0,93500000.0,,-59200000.0,294500000.0,167800000.0
2024-09-30,8838900000.0,,,,,7297300000.0,,,1541600000.0,329400000.0,1204400000.0,5.51,5.4,219300000.0,,,,3988800000.0,,,,435200000.0,37282700000.0,,660100000.0,12193400000.0,,1361800000.0,57242700000.0,,,680800000.0,35199500000.0,65300000.0,,,1650200000.0,45033100000.0,4860600000.0,-593400000.0,12184000000.0,57242700000.0,629300000.0,32100000.0,2700000.0,110500000.0,,,12100000.0,,19400000.0,,1843600000.0,,,,,,,,,-730000000.0,138000000.0,,552300000.0,1751700000.0,256700000.0
,,,,,,,,,,,,,,,,,,,,,,,,,,,,,,,,,,,,,,,,,,,,,,,,,,,,,,,,,,,,,,,,,,,
,,,,,,,,,,,,,,,,,,,,,,,,,,,,,,,,,,,,,,,,,,,,,,,,,,,,,,,,,,,,,,,,,,,
