Date,Net sales,Cost of sales,Gross margin,Research and development,"Selling, general and administrative",Total operating expenses,Operating income,"Other income/(expense), net",Income before provision for income taxes,Provision for income taxes,Net income,Earnings per share basic,Earnings per share diluted,Weighted-average basic,Weighted-average diluted,Cash and cash equivalents,Short-term marketable securities,"Accounts receivable, net",Inventories,Deferred tax assets,Vendor non-trade receivables,Other current assets,Total current assets,Long-term marketable securities,"Property, Plant and Equipment, Net",Goodwill,"Acquired intangible assets, net","Other Assets, Noncurrent",Total assets,accounts payable,Accrued expenses,Deferred revenue,Total current liabilities,Deferred revenue - non-current,deferred tax liabilities,long term taxes payable,Total other non-current liabilities,Total liabilities,Retained Earnings (Accumulated Deficit),Accumulated other comprehensive (loss)/income,Total shareholders equity,Total liabilities and shareholders' equity,"Depreciation, amortization and accretion",Stock-based compensation expense,Deferred income tax expense,"Increase (Decrease) in Accounts receivable, net",Increase (Decrease) in Inventories,Increase (Decrease) in Other Receivables,Increase (Decrease) in Other Operating Assets,Increase (Decrease) in Accounts Payable,Increase (Decrease) in Deferred Revenue,Increase (Decrease) Other liabilities,Cash generated by operating activities,Purchases of marketable securities,Proceeds from maturities of marketable securities,Proceeds from sales of marketable securities,Purchases of other long-term investments,"Business acquisitions, net of cash acquired",Cash payments for capital asset purchases,Payments for acquisition of intangible assets,Payments for (Proceeds from) Other Investing Activities,Cash used in investing activities,Proceeds from issuance of common stock,Excess tax benefits from stock-based compensation,Cash generated/used in financing activities,Increase/(decrease) in cash and cash equivalents,"Cash paid for income taxes, net"
2009-12-31,859773000.0,249938000.0,,43658000.0,,636293000.0,223480000.0,,237232000.0,91319000.0,145913000.0,0.85,0.78,171425000.0,188658000.0,181305000.0,,154269000.0,,8514000.0,,,761173000.0,,,441347000.0,76273000.0,4416000.0,2087510000.0,23997000.0,68566000.0,34184000.0,327293000.0,2677000.0,,,18818000.0,348788000.0,-2801815000.0,-10682000.0,1738722000.0,2087510000.0,,58797000.0,81706000.0,1159000.0,,,,,5871000.0,,424412000.0,,141544000.0,403559000.0,,5779000.0,80918000.0,,,-357498000.0,,2236000.0,-42537000.0,25231000.0,
2010-06-30,485347000.0,139314000.0,,26756000.0,,362458000.0,122889000.0,,128075000.0,49074000.0,79001000.0,0.46,0.42,173317000.0,190479000.0,120506000.0,,164574000.0,,35945000.0,,,778167000.0,,,452950000.0,70853000.0,11622000.0,2202998000.0,33529000.0,70165000.0,31696000.0,199834000.0,2988000.0,,,27088000.0,229910000.0,-2722814000.0,-13118000.0,1973088000.0,2202998000.0,,39384000.0,44611000.0,16406000.0,,,,,-1319000.0,,174133000.0,,230102000.0,274620000.0,500000.0,12010000.0,86446000.0,,,-223708000.0,,12923000.0,-8705000.0,-60799000.0,
2010-09-30,738898000.0,217126000.0,,40991000.0,,556967000.0,181931000.0,,188387000.0,69677000.0,118710000.0,0.68,0.63,181457000.0,191271000.0,197567000.0,,158115000.0,,13658000.0,,,855808000.0,,,452950000.0,66723000.0,12185000.0,2262752000.0,29649000.0,84338000.0,27790000.0,201165000.0,2017000.0,,,25423000.0,228605000.0,-2683105000.0,-5389000.0,2034147000.0,2262752000.0,,57973000.0,66898000.0,6342000.0,,,,,-7126000.0,,292096000.0,,250537000.0,538645000.0,500000.0,12210000.0,119591000.0,,,-266900000.0,,22379000.0,-10801000.0,16262000.0,
2010-12-31,1023586000.0,303403000.0,,54766000.0,,769309000.0,254277000.0,,262372000.0,91152000.0,171220000.0,0.97,0.9,177309000.0,190650000.0,231866000.0,,175366000.0,,103427000.0,,,858467000.0,636531000.0,255929000.0,452914000.0,62456000.0,11153000.0,2352676000.0,26375000.0,94661000.0,23808000.0,145151000.0,3642000.0,,,26278000.0,175071000.0,-2630595000.0,-5741000.0,2177605000.0,2352676000.0,,76468000.0,62462000.0,23563000.0,,,,,-9454000.0,,402455000.0,,324606000.0,691227000.0,500000.0,12668000.0,159276000.0,,,-335359000.0,,28973000.0,-17676000.0,50561000.0,
2011-03-31,275953000.0,89068000.0,,12594000.0,,203205000.0,72748000.0,,74673000.0,24056000.0,50617000.0,0.27,0.26,186849000.0,191383000.0,217174000.0,346395000.0,169656000.0,,28134000.0,,,816814000.0,693668000.0,,452914000.0,58179000.0,11425000.0,2374799000.0,28548000.0,84778000.0,20447000.0,134095000.0,3942000.0,,,26574000.0,164611000.0,-2579978000.0,-2458000.0,2210188000.0,2374799000.0,,15712000.0,,-7557000.0,,,,,-3453000.0,,88511000.0,,137233000.0,110034000.0,,175000.0,35600000.0,,,-74512000.0,,9012000.0,-30707000.0,-14692000.0,
2011-12-31,1158538000.0,374543000.0,,52333000.0,,867889000.0,290649000.0,,307195000.0,106291000.0,200904000.0,1.09,1.07,183866000.0,187556000.0,559197000.0,290029000.0,210936000.0,,49929000.0,,,1122020000.0,380729000.0,293043000.0,452914000.0,45386000.0,7924000.0,2345501000.0,38247000.0,85371000.0,21344000.0,148392000.0,2470000.0,,,38389000.0,189251000.0,-2429691000.0,-1259000.0,2156250000.0,2345501000.0,167878000.0,61305000.0,53628000.0,37837000.0,,,,,-3721000.0,,452555000.0,880110000.0,532910000.0,701313000.0,0.0,550000.0,140218000.0,,,171123000.0,,13123000.0,-294088000.0,327331000.0,
2012-03-31,319448000.0,102566000.0,,17480000.0,,247869000.0,71579000.0,,72784000.0,29557000.0,43227000.0,0.24,0.24,178120000.0,182342000.0,144724000.0,259818000.0,215855000.0,,6444000.0,,,679541000.0,574178000.0,,709628000.0,89519000.0,14460000.0,2414118000.0,32944000.0,91076000.0,23192000.0,148538000.0,2227000.0,,,62165000.0,212930000.0,-2386464000.0,-307000.0,2201188000.0,2414118000.0,45634000.0,20924000.0,,1416000.0,,,,,1474000.0,,92503000.0,280649000.0,89414000.0,28000000.0,,291638000.0,30433000.0,,,-498207000.0,,13414000.0,-9076000.0,-414473000.0,
2012-06-30,650754000.0,210023000.0,,35022000.0,,512164000.0,138590000.0,,142552000.0,55086000.0,87466000.0,0.49,0.48,178547000.0,182080000.0,182996000.0,313564000.0,206316000.0,,6444000.0,,,756605000.0,521885000.0,315866000.0,709668000.0,84056000.0,14314000.0,2445576000.0,44546000.0,94608000.0,26072000.0,165852000.0,1842000.0,,,63249000.0,230943000.0,-2342225000.0,-4108000.0,2214633000.0,2445576000.0,95746000.0,46545000.0,,-6387000.0,,,,,4141000.0,,242055000.0,416494000.0,141424000.0,110161000.0,,291638000.0,72620000.0,,,-555418000.0,,15049000.0,-61704000.0,-376201000.0,
2012-09-30,996075000.0,320018000.0,,54373000.0,,777326000.0,218749000.0,,224063000.0,88366000.0,135697000.0,0.76,0.75,178040000.0,181738000.0,182650000.0,282579000.0,236232000.0,,6444000.0,,,753689000.0,593105000.0,331218000.0,721601000.0,82375000.0,15365000.0,2539454000.0,52749000.0,131616000.0,27927000.0,212920000.0,2097000.0,,,64499000.0,279516000.0,-2293994000.0,483000.0,2259938000.0,2539454000.0,149203000.0,69180000.0,826000.0,21587000.0,,,,,5542000.0,,383551000.0,554303000.0,214159000.0,135993000.0,,306030000.0,119256000.0,,,-669346000.0,,17589000.0,-91991000.0,-376547000.0,
2012-12-31,1373947000.0,431911000.0,,74744000.0,,1059460000.0,314487000.0,,321591000.0,117602000.0,203989000.0,1.15,1.12,177900000.0,181749000.0,201989000.0,235592000.0,218777000.0,,34642000.0,,,728384000.0,657659000.0,345091000.0,731325000.0,84554000.0,39811000.0,2600627000.0,43291000.0,133087000.0,26291000.0,202944000.0,2565000.0,,,49364000.0,254873000.0,-2225702000.0,-1640000.0,2345754000.0,2600627000.0,204163000.0,90585000.0,-5819000.0,2108000.0,,,,,4552000.0,,530405000.0,752342000.0,315788000.0,214277000.0,250000.0,336680000.0,165642000.0,,,-779041000.0,,23015000.0,-108483000.0,-357208000.0,
2013-03-31,368046000.0,120392000.0,,21905000.0,,266858000.0,101188000.0,,102664000.0,31177000.0,71487000.0,0.4,0.39,177899000.0,181562000.0,165275000.0,347951000.0,232328000.0,,20422000.0,,,831653000.0,569208000.0,369555000.0,729467000.0,74297000.0,58775000.0,2646667000.0,57574000.0,119798000.0,33919000.0,211909000.0,2761000.0,,,47220000.0,261890000.0,-2154215000.0,-5583000.0,2384777000.0,2646667000.0,42375000.0,22931000.0,,28355000.0,,,,,8225000.0,,103040000.0,145350000.0,66171000.0,55509000.0,,0.0,46478000.0,,,-86886000.0,,4119000.0,-50279000.0,-36714000.0,
2013-06-30,746152000.0,245097000.0,,42502000.0,,547461000.0,198691000.0,,201985000.0,68603000.0,133382000.0,0.75,0.73,177895000.0,181475000.0,204865000.0,326077000.0,237286000.0,,20422000.0,,,859384000.0,587470000.0,405653000.0,729386000.0,68562000.0,60288000.0,2725270000.0,50370000.0,143652000.0,32019000.0,226574000.0,2895000.0,,,47928000.0,277397000.0,-2092320000.0,-10955000.0,2447873000.0,2725270000.0,86501000.0,47732000.0,,35203000.0,,,,,6612000.0,,232762000.0,309875000.0,209473000.0,77720000.0,,-80000.0,100847000.0,,,-158150000.0,,9622000.0,-66235000.0,2876000.0,
2013-09-30,1141942000.0,377136000.0,,67359000.0,,843730000.0,298212000.0,,302659000.0,89521000.0,213138000.0,1.2,1.17,178235000.0,181922000.0,235015000.0,331300000.0,256453000.0,,20422000.0,,,910642000.0,620204000.0,424605000.0,751271000.0,79803000.0,77928000.0,2885125000.0,49073000.0,171527000.0,37025000.0,285424000.0,2643000.0,,,53928000.0,341995000.0,-2012564000.0,-5434000.0,2543130000.0,2885125000.0,134455000.0,72211000.0,0.0,51321000.0,,,,,10991000.0,,392176000.0,403556000.0,265495000.0,79207000.0,,27420000.0,142567000.0,,3320000.0,-286571000.0,,18152000.0,-68397000.0,33026000.0,
2013-12-31,1577922000.0,511087000.0,,93879000.0,,1163954000.0,413968000.0,,419554000.0,126067000.0,293487000.0,1.65,1.61,178196000.0,181783000.0,333891000.0,340005000.0,271988000.0,,19322000.0,,,1029714000.0,573026000.0,450287000.0,757368000.0,77429000.0,67536000.0,2957685000.0,73710000.0,150385000.0,36952000.0,263166000.0,3199000.0,4737000.0,,57152000.0,328254000.0,-1932215000.0,-2091000.0,2629431000.0,2957685000.0,184431000.0,95884000.0,27343000.0,67184000.0,,,,,11495000.0,,563908000.0,494885000.0,314925000.0,160210000.0,,30657000.0,187964000.0,,3455000.0,-313108000.0,,22801000.0,-115243000.0,131902000.0,
2014-03-31,453502000.0,139612000.0,,28234000.0,,332655000.0,120847000.0,,119664000.0,46864000.0,72800000.0,0.41,0.4,178705000.0,182038000.0,248726000.0,449404000.0,301954000.0,,38018000.0,,,1127300000.0,721271000.0,503601000.0,1050780000.0,157621000.0,88443000.0,3651492000.0,61707000.0,130447000.0,48359000.0,244186000.0,4181000.0,28445000.0,,71821000.0,939347000.0,-1859415000.0,-1637000.0,2712145000.0,3651492000.0,53516000.0,25114000.0,1660000.0,18137000.0,,,,,5159000.0,,89023000.0,658943000.0,102911000.0,297059000.0,,386647000.0,52011000.0,,998000.0,-730458000.0,,15178000.0,555508000.0,-85165000.0,
2014-06-30,929537000.0,288930000.0,,60286000.0,,696339000.0,233198000.0,,228340000.0,82654000.0,145686000.0,0.82,0.8,178393000.0,181439000.0,254165000.0,502608000.0,325385000.0,,29462000.0,,,1199667000.0,735629000.0,536637000.0,1049047000.0,149218000.0,96142000.0,3768657000.0,70534000.0,158646000.0,48182000.0,283292000.0,4056000.0,40385000.0,,72795000.0,995913000.0,-1786529000.0,2497000.0,2772744000.0,3768657000.0,112228000.0,56792000.0,21840000.0,41254000.0,,,,,4750000.0,,289247000.0,863591000.0,183809000.0,354313000.0,,386532000.0,97992000.0,,-1444000.0,-864498000.0,,19661000.0,493472000.0,-79726000.0,
2014-09-30,1427579000.0,447742000.0,,92869000.0,,1074142000.0,353437000.0,,345919000.0,109078000.0,236841000.0,1.33,1.31,178324000.0,181278000.0,214339000.0,496573000.0,326747000.0,,24844000.0,,,1152676000.0,850847000.0,559194000.0,1049047000.0,140815000.0,99182000.0,3854291000.0,74801000.0,173985000.0,50582000.0,301601000.0,3647000.0,25099000.0,,75466000.0,1005911000.0,-1695374000.0,-9545000.0,2848380000.0,3854291000.0,179643000.0,84800000.0,10622000.0,50213000.0,,,,,7688000.0,,462529000.0,1068198000.0,277109000.0,354313000.0,,386532000.0,142466000.0,,-6420000.0,-1042393000.0,,23958000.0,465577000.0,-119552000.0,
2014-12-31,1963874000.0,610943000.0,,125286000.0,,1474355000.0,489519000.0,,479776000.0,145828000.0,333948000.0,1.87,1.84,178279000.0,181186000.0,238650000.0,519642000.0,329578000.0,,8360000.0,,46681000.0,1262555000.0,869992000.0,601591000.0,1051294000.0,132412000.0,81747000.0,4001546000.0,77412000.0,204686000.0,49679000.0,334011000.0,3829000.0,39299000.0,,74221000.0,1056211000.0,-1598267000.0,-17611000.0,2945335000.0,4001546000.0,247406000.0,111996000.0,-25880000.0,58397000.0,,,,,7725000.0,,658070000.0,1225409000.0,372287000.0,373730000.0,,386532000.0,207159000.0,,-4374000.0,-1178806000.0,,32238000.0,436027000.0,-95241000.0,
2015-03-31,526536000.0,169294000.0,,35828000.0,,405015000.0,121521000.0,,119645000.0,41899000.0,77746000.0,0.44,0.43,178545000.0,180825000.0,332557000.0,380728000.0,356629000.0,,41624000.0,,,1241579000.0,801467000.0,666093000.0,1064149000.0,130532000.0,80814000.0,3986913000.0,67637000.0,144117000.0,55301000.0,269331000.0,4182000.0,44580000.0,,77491000.0,1005231000.0,-1520521000.0,-23913000.0,2981682000.0,3986913000.0,70460000.0,29669000.0,8305000.0,32552000.0,,,,,6947000.0,,99729000.0,97304000.0,305647000.0,2008000.0,,16062000.0,91924000.0,,82000.0,57138000.0,,13128000.0,-56213000.0,93907000.0,
2015-06-30,1067259000.0,349204000.0,,72521000.0,,839478000.0,227781000.0,,222163000.0,77217000.0,144946000.0,0.81,0.8,178682000.0,180782000.0,257448000.0,386055000.0,342930000.0,,45678000.0,,,1151476000.0,880733000.0,704571000.0,1135947000.0,165730000.0,90039000.0,4131105000.0,85311000.0,205373000.0,56271000.0,348242000.0,4488000.0,38833000.0,,79746000.0,1085793000.0,-1453321000.0,-24379000.0,3045312000.0,4131105000.0,144449000.0,61920000.0,-16275000.0,14292000.0,,,,,7023000.0,,363752000.0,405989000.0,527677000.0,2008000.0,,122945000.0,159495000.0,,1909000.0,-234240000.0,,22737000.0,-107423000.0,18798000.0,12055000.0
2015-09-30,1618289000.0,532408000.0,,110917000.0,,1274819000.0,343470000.0,,336149000.0,103163000.0,232986000.0,1.3,1.29,178591000.0,180642000.0,256471000.0,411382000.0,365957000.0,,61574000.0,,,1210985000.0,835973000.0,734540000.0,1135500000.0,158978000.0,105898000.0,4184809000.0,60902000.0,215290000.0,55580000.0,332006000.0,4516000.0,49925000.0,,93334000.0,1099146000.0,-1365281000.0,-33519000.0,3085663000.0,4184809000.0,219234000.0,92966000.0,-17941000.0,40707000.0,,,,,6908000.0,,546360000.0,584189000.0,725117000.0,2008000.0,,122445000.0,262404000.0,,3037000.0,-348692000.0,,24851000.0,-172508000.0,17821000.0,47045000.0
2015-12-31,2197448000.0,725620000.0,,148591000.0,,1731298000.0,466150000.0,,456624000.0,135218000.0,321406000.0,1.8,1.78,178391000.0,180415000.0,289473000.0,460088000.0,380399000.0,,0.0,,48432000.0,1253188000.0,773260000.0,753180000.0,1150244000.0,156095000.0,95844000.0,4187925000.0,61982000.0,216166000.0,54154000.0,332440000.0,4163000.0,12888000.0,,93268000.0,1067047000.0,-1276861000.0,-41453000.0,3120878000.0,4187925000.0,299563000.0,126677000.0,4098000.0,56247000.0,,,,,3224000.0,,764151000.0,692879000.0,843931000.0,2008000.0,,141147000.0,311676000.0,,2494000.0,-435564000.0,,29301000.0,-267728000.0,50823000.0,
2016-03-31,567725000.0,194736000.0,,40842000.0,,453606000.0,114119000.0,,112597000.0,37739000.0,74858000.0,0.42,0.42,176403000.0,177539000.0,312912000.0,524958000.0,365103000.0,,,,,1330828000.0,682743000.0,770197000.0,1152376000.0,149379000.0,92120000.0,4183752000.0,63822000.0,197487000.0,64905000.0,333233000.0,4238000.0,11706000.0,,97508000.0,1070170000.0,-1202003000.0,-28792000.0,3113582000.0,4183752000.0,80669000.0,31741000.0,1072000.0,-15906000.0,,,,,10653000.0,,190238000.0,95843000.0,125109000.0,0.0,,0.0,41806000.0,,2354000.0,-55428000.0,,1135000.0,-115736000.0,23439000.0,28010000.0
2016-06-30,1139860000.0,401059000.0,,78532000.0,,915561000.0,224299000.0,,221946000.0,73453000.0,148493000.0,0.84,0.84,175951000.0,176980000.0,326644000.0,542062000.0,364401000.0,,,,,1365584000.0,728218000.0,786835000.0,1150137000.0,142668000.0,90811000.0,4269722000.0,68249000.0,234013000.0,67163000.0,376542000.0,3735000.0,10248000.0,,99754000.0,1119249000.0,-1128368000.0,-31616000.0,3150473000.0,4269722000.0,165783000.0,66652000.0,2785000.0,-17786000.0,,,,,12126000.0,,433110000.0,384585000.0,301802000.0,50541000.0,,0.0,86820000.0,,1512000.0,-194235000.0,,2632000.0,-202393000.0,37171000.0,38228000.0
2016-09-30,1723925000.0,605526000.0,,120873000.0,,1387861000.0,336064000.0,,333632000.0,109139000.0,224493000.0,1.28,1.27,175444000.0,176525000.0,381803000.0,529416000.0,357997000.0,,,,,1386964000.0,764474000.0,797923000.0,1151216000.0,138870000.0,89815000.0,4353635000.0,74328000.0,291101000.0,61292000.0,431536000.0,4134000.0,8963000.0,,105567000.0,1184704000.0,-1052368000.0,-33462000.0,3168931000.0,4353635000.0,250294000.0,105304000.0,-13861000.0,-22477000.0,,,,,6885000.0,,684510000.0,614808000.0,498633000.0,57900000.0,,2936000.0,134874000.0,,3145000.0,-304707000.0,,3080000.0,-288008000.0,92330000.0,64716000.0
2016-12-31,2340049000.0,809001000.0,,167628000.0,,1880455000.0,459594000.0,,459446000.0,143314000.0,316132000.0,1.81,1.79,174917000.0,176215000.0,324169000.0,512849000.0,368596000.0,,,,38610000.0,1309917000.0,775566000.0,801017000.0,1228503000.0,149463000.0,95953000.0,4373146000.0,76120000.0,238777000.0,52972000.0,374588000.0,3758000.0,11652000.0,73231000.0,118691000.0,1148776000.0,-960729000.0,-56222000.0,3224370000.0,4373146000.0,334302000.0,144506000.0,7308000.0,-3356000.0,,,,,-1213000.0,,866298000.0,781061000.0,664837000.0,57740000.0,,95439000.0,180949000.0,,-782000.0,-469430000.0,,5514000.0,-354265000.0,34696000.0,
2017-03-31,609237000.0,205703000.0,,52162000.0,,494009000.0,115228000.0,,114571000.0,33641000.0,80930000.0,0.47,0.46,173158000.0,175171000.0,522319000.0,322750000.0,400792000.0,,,,,1398461000.0,733399000.0,824724000.0,1229504000.0,141894000.0,109015000.0,4449995000.0,90179000.0,218028000.0,63434000.0,381876000.0,4505000.0,39902000.0,,119447000.0,1191449000.0,-879799000.0,-45913000.0,3258546000.0,4449995000.0,86533000.0,38986000.0,31972000.0,30146000.0,,,,,10876000.0,,142618000.0,92306000.0,143881000.0,180257000.0,,10000.0,45224000.0,,1230000.0,139411000.0,,,-88858000.0,198150000.0,41133000.0
2017-06-30,1218145000.0,420353000.0,,105535000.0,,1015706000.0,202439000.0,,201980000.0,63278000.0,138702000.0,0.8,0.8,172916000.0,174305000.0,352501000.0,330620000.0,395865000.0,,,,,1238357000.0,725390000.0,856039000.0,1356623000.0,184041000.0,114750000.0,4489039000.0,91741000.0,222023000.0,73772000.0,399064000.0,3848000.0,21762000.0,,125793000.0,1201867000.0,-822027000.0,-32520000.0,3287172000.0,4489039000.0,175739000.0,80255000.0,39368000.0,17873000.0,,,,,10406000.0,,367251000.0,181219000.0,232901000.0,180215000.0,,197201000.0,104881000.0,,1249000.0,-154739000.0,,,-194369000.0,28332000.0,54146000.0
2017-09-30,1839544000.0,645821000.0,,162761000.0,,1551228000.0,288316000.0,,288109000.0,88895000.0,199214000.0,1.16,1.15,172269000.0,173371000.0,368152000.0,383849000.0,400839000.0,,,,,1295783000.0,654888000.0,883754000.0,1358762000.0,176288000.0,113688000.0,4509134000.0,88339000.0,267966000.0,64716000.0,430306000.0,4224000.0,15984000.0,,128834000.0,1236479000.0,-761515000.0,-24833000.0,3272655000.0,4509134000.0,272917000.0,122103000.0,25302000.0,19199000.0,,,,,991000.0,,603542000.0,249098000.0,317974000.0,180405000.0,,197201000.0,185466000.0,,1895000.0,-257741000.0,,,-314107000.0,43983000.0,79479000.0
2017-12-31,2502996000.0,875758000.0,,222434000.0,,2186777000.0,316219000.0,,316122000.0,97801000.0,218321000.0,1.27,1.26,171559000.0,172711000.0,313382000.0,398554000.0,459127000.0,,35559000.0,,29302000.0,1308872000.0,559713000.0,862535000.0,1498688000.0,201259000.0,112829000.0,4602844000.0,80278000.0,283743000.0,77705000.0,463904000.0,6839000.0,15510000.0,86814000.0,142955000.0,1292121000.0,-742408000.0,-21930000.0,3310723000.0,4602844000.0,372313000.0,164308000.0,-869000.0,63825000.0,,,,,1142000.0,,800983000.0,326497000.0,432853000.0,219916000.0,,369073000.0,254146000.0,,2098000.0,-459677000.0,,,-365005000.0,-10787000.0,91640000.0
2018-03-31,668724000.0,234825000.0,,65065000.0,,600167000.0,68557000.0,,67693000.0,13979000.0,53714000.0,0.32,0.31,170116000.0,172004000.0,363703000.0,447850000.0,484617000.0,,,,,1459726000.0,502350000.0,845118000.0,1498906000.0,193228000.0,133166000.0,4686904000.0,81239000.0,253075000.0,95490000.0,1130595000.0,7049000.0,17675000.0,,145328000.0,1300647000.0,-675550000.0,-18334000.0,3386257000.0,4686904000.0,104095000.0,44686000.0,-7814000.0,18419000.0,,,,,25243000.0,,192010000.0,73352000.0,59540000.0,16196000.0,,79000.0,51584000.0,,715000.0,-111485000.0,,,-30661000.0,51029000.0,18313000.0
2018-06-30,,470312000.0,,124774000.0,,1205809000.0,125674000.0,,119246000.0,22471000.0,96775000.0,0.57,0.56,170250000.0,172307000.0,977488000.0,879483000.0,479865000.0,,,,,2484160000.0,401254000.0,852950000.0,1494311000.0,184934000.0,132373000.0,5604704000.0,84167000.0,253241000.0,100314000.0,1136328000.0,,,,143409000.0,2159426000.0,-632489000.0,-41970000.0,3445278000.0,5604704000.0,210393000.0,92183000.0,-12116000.0,16889000.0,,,,,29552000.0,,411691000.0,467886000.0,124370000.0,16196000.0,,79000.0,98300000.0,,479000.0,-529587000.0,,,793266000.0,663910000.0,28088000.0
2018-09-30,,709558000.0,,185823000.0,,1758900000.0,242211000.0,,230016000.0,25658000.0,204358000.0,1.21,1.2,168763000.0,170732000.0,705407000.0,1096233000.0,466364000.0,,,,,2429789000.0,246172000.0,884483000.0,1488868000.0,176640000.0,103284000.0,5363887000.0,96051000.0,305267000.0,93732000.0,1195938000.0,,,,123695000.0,2208357000.0,-524906000.0,-48218000.0,3155530000.0,5363887000.0,318226000.0,138815000.0,12906000.0,13611000.0,,,,,23927000.0,,722172000.0,782086000.0,378708000.0,16308000.0,,79000.0,143285000.0,,2678000.0,-678234000.0,,,359732000.0,392142000.0,32485000.0
2018-12-31,,953485000.0,,246165000.0,,2351975000.0,362499000.0,,343089000.0,44716000.0,298373000.0,1.78,1.76,167312000.0,169188000.0,1036455000.0,855650000.0,479889000.0,,15289000.0,,18711000.0,2535354000.0,199257000.0,910618000.0,1487404000.0,168348000.0,116067000.0,5461770000.0,99089000.0,328304000.0,69083000.0,1210709000.0,,,63976000.0,160940000.0,2269910000.0,-430890000.0,-48912000.0,3191860000.0,5461770000.0,434520000.0,183813000.0,2339000.0,30445000.0,,,,,-919000.0,,1008327000.0,873697000.0,758481000.0,16569000.0,,79000.0,217609000.0,,2066000.0,-506533000.0,,,233608000.0,722558000.0,45129000.0
2019-03-31,,240743000.0,,66141000.0,,571983000.0,134525000.0,,131555000.0,24425000.0,107130000.0,0.66,0.65,163236000.0,164787000.0,688698000.0,429932000.0,529346000.0,,,,,1818418000.0,88457000.0,951259000.0,1586990000.0,184879000.0,150865000.0,5182762000.0,102371000.0,238524000.0,110667000.0,569706000.0,,,,126996000.0,1899545000.0,-322909000.0,-46979000.0,3283217000.0,5182762000.0,108205000.0,45305000.0,8982000.0,43766000.0,,,,,29286000.0,,160850000.0,10625000.0,547793000.0,244000.0,,121464000.0,69752000.0,,-2935000.0,236241000.0,,,-745295000.0,-346603000.0,44165000.0
2019-06-30,,482936000.0,,127580000.0,,1141275000.0,270307000.0,,264723000.0,43678000.0,221045000.0,1.35,1.34,163407000.0,165019000.0,515896000.0,526596000.0,523382000.0,,,,,1744794000.0,287046000.0,1019407000.0,1586642000.0,176031000.0,150511000.0,5343236000.0,126539000.0,250015000.0,110750000.0,590814000.0,,,,135102000.0,1948472000.0,-208994000.0,-42484000.0,3394764000.0,5343236000.0,214270000.0,93447000.0,24608000.0,38127000.0,,,,,27973000.0,,478779000.0,391758000.0,649262000.0,268000.0,,121409000.0,158158000.0,,-2237000.0,-173186000.0,,,-828989000.0,-520718000.0,54271000.0
2019-09-30,,729874000.0,,192467000.0,,1707898000.0,413596000.0,,403041000.0,42718000.0,358935000.0,2.2,2.18,163029000.0,164788000.0,738462000.0,831749000.0,516657000.0,,,,,2253908000.0,734116000.0,1079914000.0,1583479000.0,166407000.0,151134000.0,6357434000.0,108187000.0,304333000.0,98842000.0,602523000.0,,,,106790000.0,2855834000.0,-71104000.0,-56424000.0,3501600000.0,6357434000.0,324874000.0,140262000.0,24581000.0,38144000.0,,,,,16714000.0,,776164000.0,1373563000.0,878779000.0,547000.0,,121409000.0,268766000.0,,-1895000.0,-1078170000.0,,,7296000.0,-297360000.0,65896000.0
2019-12-31,,987624000.0,,261365000.0,,2344699000.0,548918000.0,,532481000.0,53350000.0,478035000.0,2.94,2.9,162706000.0,164573000.0,393745000.0,1143006000.0,551943000.0,,47341000.0,,17604000.0,2231613000.0,820450000.0,1152153000.0,1600265000.0,179431000.0,173062000.0,7006886000.0,138946000.0,334861000.0,71223000.0,693336000.0,,,31207000.0,90065000.0,3348928000.0,47996000.0,-45144000.0,3657958000.0,7006886000.0,440674000.0,187140000.0,933000.0,64471000.0,,,,,-13547000.0,,1058304000.0,1990148000.0,1084373000.0,856000.0,,165329000.0,359667000.0,,-399000.0,-1667934000.0,,,-35677000.0,-642841000.0,73898000.0
2020-03-31,,268582000.0,,71224000.0,,611972000.0,152330000.0,,138060000.0,14292000.0,123146000.0,0.76,0.75,161992000.0,163684000.0,384103000.0,865168000.0,613809000.0,,,,,2014584000.0,961150000.0,1180550000.0,1594197000.0,205486000.0,173776000.0,6947956000.0,114100000.0,265442000.0,99101000.0,630247000.0,,,,82944000.0,3275738000.0,171142000.0,-78995000.0,3672218000.0,6947956000.0,116208000.0,47493000.0,-2888000.0,73913000.0,,,,,26989000.0,,223243000.0,389779000.0,529637000.0,1179000.0,,-106000.0,141095000.0,,76000.0,-110738000.0,,,-111839000.0,-8317000.0,21440000.0
2020-06-30,,545386000.0,,135314000.0,,1216258000.0,342759000.0,,319139000.0,32963000.0,285061000.0,1.76,1.74,162413000.0,164768000.0,572288000.0,800321000.0,644659000.0,,,,,2192999000.0,1018835000.0,1281392000.0,1595304000.0,194951000.0,143542000.0,7224798000.0,153958000.0,263646000.0,93648000.0,657422000.0,,,,82374000.0,3320503000.0,333057000.0,-57307000.0,3904295000.0,7224798000.0,231788000.0,96684000.0,11394000.0,105546000.0,,,,,21342000.0,,521934000.0,842516000.0,984333000.0,29667000.0,,-106000.0,214952000.0,,-79000.0,-200375000.0,,,-142005000.0,178726000.0,26409000.0
2020-09-30,,828825000.0,,202087000.0,,1827945000.0,523917000.0,,487122000.0,41764000.0,443684000.0,2.73,2.69,162757000.0,166519000.0,742521000.0,701515000.0,630406000.0,,,,,2243221000.0,1110058000.0,1383480000.0,1598919000.0,184478000.0,151347000.0,7514393000.0,114850000.0,369815000.0,88942000.0,717124000.0,,,,81386000.0,3406776000.0,491680000.0,-45854000.0,4107617000.0,7514393000.0,350681000.0,146901000.0,-22548000.0,85439000.0,,,,,14803000.0,,923907000.0,1153526000.0,1301354000.0,29809000.0,,-106000.0,395793000.0,,1980000.0,-425040000.0,,,-152565000.0,349837000.0,31634000.0
2020-12-31,,1132672000.0,,269315000.0,,2539615000.0,658534000.0,,616082000.0,45922000.0,557054000.0,3.43,3.37,162490000.0,165213000.0,352917000.0,744290000.0,660052000.0,,69460000.0,,20461000.0,1929531000.0,1379736000.0,1478272000.0,1674371000.0,234724000.0,147567000.0,7764130000.0,118546000.0,380468000.0,76600000.0,758170000.0,,,,89833000.0,3512834000.0,605050000.0,-20201000.0,4251296000.0,7764130000.0,478389000.0,197411000.0,-33821000.0,90381000.0,,,,,-1318000.0,,1215000000.0,1782849000.0,1597651000.0,30350000.0,,127999000.0,514313000.0,,-8121000.0,-1042974000.0,,,-223641000.0,-40680000.0,79163000.0
2021-03-31,,306687000.0,,82045000.0,,660344000.0,182364000.0,,168291000.0,11898000.0,155695000.0,0.95,0.94,163061000.0,165688000.0,456799000.0,830824000.0,666536000.0,,,,,2161402000.0,1144844000.0,1511393000.0,1682093000.0,227436000.0,140646000.0,7817920000.0,119462000.0,309894000.0,102525000.0,715131000.0,,,,84862000.0,3496557000.0,760745000.0,-47347000.0,4321363000.0,7817920000.0,131471000.0,54305000.0,1764000.0,15580000.0,,,,,25439000.0,,249793000.0,90279000.0,226995000.0,7154000.0,,15638000.0,87222000.0,,-179000.0,-36308000.0,,,-100777000.0,105557000.0,17736000.0
2021-06-30,,626687000.0,,159300000.0,,1313734000.0,381798000.0,,353613000.0,29907000.0,312192000.0,1.91,1.88,163074000.0,166263000.0,581068000.0,835086000.0,656609000.0,,,,,2253252000.0,1142424000.0,1538422000.0,1685859000.0,217519000.0,131610000.0,7920938000.0,93465000.0,289189000.0,95216000.0,647449000.0,,,,81449000.0,3444281000.0,917242000.0,-31557000.0,4476657000.0,7920938000.0,269186000.0,104786000.0,7225000.0,4404000.0,,,,,18094000.0,,627926000.0,382236000.0,513850000.0,7596000.0,,15638000.0,194453000.0,,212000.0,-195928000.0,,,-199621000.0,228229000.0,56995000.0
2021-09-30,,943553000.0,,242199000.0,,1968802000.0,587063000.0,,547241000.0,43555000.0,491108000.0,3.01,2.96,162967000.0,166318000.0,1264590000.0,651926000.0,660092000.0,,,,,2761880000.0,813414000.0,1543301000.0,1680496000.0,203596000.0,133790000.0,8115475000.0,98305000.0,376036000.0,83371000.0,731440000.0,,,,80050000.0,3533030000.0,1096158000.0,-53726000.0,4582445000.0,8115475000.0,408933000.0,153804000.0,-30335000.0,15225000.0,,,,,8263000.0,,1017663000.0,611732000.0,823255000.0,438370000.0,,15638000.0,265131000.0,,1665000.0,197055000.0,,,-292778000.0,912712000.0,82003000.0
2021-12-31,,1268956000.0,,335372000.0,,2678075000.0,783148000.0,,728221000.0,62571000.0,651642000.0,4.01,3.93,162665000.0,165804000.0,536725000.0,540574000.0,675926000.0,,127368000.0,,16660000.0,1920434000.0,1065815000.0,1534329000.0,2156254000.0,313225000.0,142287000.0,8138673000.0,109928000.0,411590000.0,86517000.0,790341000.0,,,,68748000.0,3608659000.0,1256692000.0,-69105000.0,4530014000.0,8138673000.0,550632000.0,202759000.0,-47794000.0,24096000.0,,,,,-2865000.0,,1404563000.0,932604000.0,991949000.0,442133000.0,,598825000.0,328969000.0,,4322000.0,-646899000.0,,,-562003000.0,184285000.0,100533000.0
2022-03-31,,332752000.0,,99935000.0,,730328000.0,173319000.0,,160848000.0,34050000.0,119163000.0,0.74,0.73,160494000.0,163637000.0,377811000.0,129058000.0,718793000.0,,,,,1464483000.0,786712000.0,,2745882000.0,512188000.0,128855000.0,8303779000.0,122934000.0,342802000.0,139725000.0,869265000.0,,,,77231000.0,4003257000.0,1515842000.0,-88611000.0,4300522000.0,8303779000.0,142595000.0,56227000.0,-13579000.0,39198000.0,,,,,55394000.0,,222451000.0,0.0,120433000.0,571369000.0,,872099000.0,51005000.0,,5242000.0,-316898000.0,,,-60835000.0,-156744000.0,50533000.0
2022-06-30,,679401000.0,,192005000.0,,1458618000.0,348361000.0,,331443000.0,85108000.0,238700000.0,1.49,1.47,160266000.0,162674000.0,426710000.0,263979000.0,668425000.0,,,,,1566157000.0,640668000.0,,2763828000.0,476707000.0,131689000.0,8211054000.0,131649000.0,306402000.0,111771000.0,817084000.0,,,,86609000.0,3930576000.0,1635379000.0,-143079000.0,4280478000.0,8211054000.0,293199000.0,108109000.0,-43464000.0,3947000.0,,,,,26178000.0,,563882000.0,0.0,120433000.0,573274000.0,,872099000.0,125220000.0,,4206000.0,-432124000.0,,,-226743000.0,-110245000.0,113082000.0
2022-09-30,,1025851000.0,,286052000.0,,2180076000.0,508799000.0,,489603000.0,135114000.0,346854000.0,2.17,2.15,159749000.0,161472000.0,457816000.0,406332000.0,622027000.0,,,,,1695573000.0,488526000.0,,2753369000.0,455030000.0,105317000.0,8107369000.0,119051000.0,329211000.0,109792000.0,753011000.0,,,,95184000.0,3874185000.0,1743533000.0,-186672000.0,4233184000.0,8107369000.0,444184000.0,158811000.0,-34547000.0,-26849000.0,,,,,23503000.0,,933178000.0,0.0,120433000.0,575522000.0,,872091000.0,176017000.0,,4003000.0,-527653000.0,,,-456217000.0,-77929000.0,132726000.0
2022-12-31,,1383819000.0,,391434000.0,,2940380000.0,676274000.0,,658003000.0,126696000.0,523672000.0,3.29,3.26,159089000.0,160467000.0,542337000.0,562308000.0,679206000.0,,319277000.0,,14999000.0,1969562000.0,302457000.0,1540182000.0,2763838000.0,441716000.0,116522000.0,8303400000.0,145420000.0,367017000.0,105109000.0,818868000.0,,,,105305000.0,3943213000.0,1920351000.0,-140332000.0,4360187000.0,8303400000.0,592754000.0,217185000.0,-104971000.0,21214000.0,,,,,16713000.0,,1274676000.0,17975000.0,156658000.0,575522000.0,,872091000.0,241266000.0,,6122000.0,-622310000.0,,,-634177000.0,5271000.0,183900000.0
2023-03-31,,361316000.0,,91863000.0,,789060000.0,126638000.0,,126886000.0,29780000.0,97106000.0,0.62,0.62,155637000.0,156135000.0,298800000.0,452790000.0,705817000.0,,,,,1697711000.0,278825000.0,,2781859000.0,432233000.0,133208000.0,8183333000.0,202129000.0,256924000.0,140927000.0,836253000.0,,,,109369000.0,4011992000.0,2017457000.0,-121161000.0,4171341000.0,8183333000.0,135457000.0,61883000.0,4925000.0,25251000.0,,,,,36449000.0,,233499000.0,134191000.0,91637000.0,185249000.0,,20070000.0,141700000.0,,20268000.0,-119888000.0,,,-357289000.0,-241381000.0,86066000.0
2023-06-30,,734591000.0,,190904000.0,,1574996000.0,276423000.0,,276893000.0,50971000.0,225922000.0,1.47,1.46,153850000.0,154795000.0,298612000.0,491626000.0,698445000.0,,,,,1718472000.0,228085000.0,,2848467000.0,437257000.0,124756000.0,8345965000.0,194493000.0,269265000.0,138608000.0,860774000.0,,,,104253000.0,4056798000.0,2146273000.0,-119964000.0,4289167000.0,8345965000.0,274582000.0,149327000.0,409000.0,22778000.0,,,,,37051000.0,,599810000.0,134821000.0,91637000.0,200568000.0,,106326000.0,254005000.0,,20766000.0,-368242000.0,,,-474489000.0,-243631000.0,100017000.0
2023-09-30,,1117666000.0,,296846000.0,,2364351000.0,452552000.0,,456286000.0,71297000.0,386464000.0,2.53,2.5,153020000.0,154976000.0,459907000.0,475323000.0,713382000.0,,,,,1867381000.0,1188532000.0,,2843020000.0,465203000.0,122395000.0,9582088000.0,144466000.0,329354000.0,124394000.0,810491000.0,,,,102472000.0,5257884000.0,2306815000.0,-137472000.0,4324204000.0,9582088000.0,423142000.0,236344000.0,-9763000.0,46262000.0,,,,,24146000.0,,959246000.0,1569837000.0,582641000.0,200894000.0,,106171000.0,387505000.0,,8906000.0,-1532405000.0,,,500156000.0,-80732000.0,109820000.0
2023-12-31,,1511063000.0,,406048000.0,,3174582000.0,637338000.0,,652527000.0,106373000.0,547629000.0,3.59,3.52,152510000.0,155397000.0,489468000.0,372014000.0,724302000.0,,393675000.0,,41969000.0,1804855000.0,1409504000.0,1825944000.0,2850470000.0,536143000.0,124340000.0,9900037000.0,146927000.0,352181000.0,107544000.0,836038000.0,,,,106181000.0,5302882000.0,2467980000.0,-95330000.0,4597155000.0,9900037000.0,570776000.0,328467000.0,-22987000.0,49203000.0,,,,,48000.0,,1348439000.0,1461890000.0,375332000.0,201585000.0,,106171000.0,457909000.0,,6069000.0,-1848238000.0,,,443379000.0,-52552000.0,134478000.0
2024-03-31,,394743000.0,,116932000.0,,820242000.0,166728000.0,,188262000.0,12844000.0,175418000.0,1.16,1.11,151628000.0,157466000.0,467717000.0,1201179000.0,716638000.0,,,,,2625179000.0,559604000.0,,2846535000.0,512554000.0,127531000.0,9935606000.0,134677000.0,291986000.0,142527000.0,808938000.0,,,,106768000.0,5301839000.0,2643398000.0,-116593000.0,4633767000.0,9935606000.0,156183000.0,93260000.0,-10467000.0,736000.0,,,,,34316000.0,,351878000.0,170019000.0,167111000.0,15144000.0,,0.0,93751000.0,,-9935000.0,-151583000.0,,,-215981000.0,-19699000.0,74940000.0
2024-06-30,,797631000.0,,230284000.0,,1651836000.0,314714000.0,,355098000.0,47992000.0,307106000.0,2.02,1.97,152265000.0,155527000.0,448042000.0,1181569000.0,699258000.0,,,,,2570460000.0,253967000.0,,3146397000.0,632984000.0,132980000.0,10087532000.0,124507000.0,283862000.0,139934000.0,1945876000.0,,,,106561000.0,5332856000.0,2775086000.0,-136921000.0,4754676000.0,10087532000.0,314732000.0,191726000.0,3479000.0,-16802000.0,,,,,22697000.0,,782841000.0,186122000.0,211861000.0,307614000.0,,434066000.0,184745000.0,,-4535000.0,-438265000.0,,,-376426000.0,-41156000.0,87375000.0
2024-09-30,,1206437000.0,,350631000.0,,2585878000.0,385351000.0,,428904000.0,63891000.0,365013000.0,2.4,2.36,151776000.0,154765000.0,569749000.0,1119918000.0,696493000.0,,,,,2634430000.0,255108000.0,,3154351000.0,586247000.0,149769000.0,10190457000.0,106629000.0,288619000.0,138929000.0,1983023000.0,,,,111414000.0,5396319000.0,2832993000.0,-100436000.0,4794138000.0,10190457000.0,480461000.0,294333000.0,938000.0,-28092000.0,,,,,13978000.0,,1175383000.0,201641000.0,296623000.0,307701000.0,,434066000.0,297548000.0,,-4160000.0,-554493000.0,,,-538795000.0,82283000.0,111430000.0
,,,,,,,,,,,,,,,,,,,,,,,,,,,,,,,,,,,,,,,,,,,,,,,,,,,,,,,,,,,,,,,,,,,
