Date,Net sales,Cost of sales,Gross margin,Research and development,"Selling, general and administrative",Total operating expenses,Operating income,"Other income/(expense), net",Income before provision for income taxes,Provision for income taxes,Net income,Earnings per share basic,Earnings per share diluted,Weighted-average basic,Weighted-average diluted,Cash and cash equivalents,Short-term marketable securities,"Accounts receivable, net",Inventories,Deferred tax assets,Vendor non-trade receivables,Other current assets,Total current assets,Long-term marketable securities,"Property, Plant and Equipment, Net",Goodwill,"Acquired intangible assets, net","Other Assets, Noncurrent",Total assets,accounts payable,Accrued expenses,Deferred revenue,Total current liabilities,Deferred revenue - non-current,deferred tax liabilities,long term taxes payable,Total other non-current liabilities,Total liabilities,Retained Earnings (Accumulated Deficit),Accumulated other comprehensive (loss)/income,Total shareholders equity,Total liabilities and shareholders' equity,"Depreciation, amortization and accretion",Stock-based compensation expense,Deferred income tax expense,"Increase (Decrease) in Accounts receivable, net",Increase (Decrease) in Inventories,Increase (Decrease) in Other Receivables,Increase (Decrease) in Other Operating Assets,Increase (Decrease) in Accounts Payable,Increase (Decrease) in Deferred Revenue,Increase (Decrease) Other liabilities,Cash generated by operating activities,Purchases of marketable securities,Proceeds from maturities of marketable securities,Proceeds from sales of marketable securities,Purchases of other long-term investments,"Business acquisitions, net of cash acquired",Cash payments for capital asset purchases,Payments for acquisition of intangible assets,Payments for (Proceeds from) Other Investing Activities,Cash used in investing activities,Proceeds from issuance of common stock,Excess tax benefits from stock-based compensation,Cash generated/used in financing activities,Increase/(decrease) in cash and cash equivalents,"Cash paid for income taxes, net"
2010-06-30,1172753000.0,,352638000.0,29386000.0,133395000.0,,182899000.0,,171260000.0,41031000.0,145059000.0,1.59,1.57,91347000.0,92152000.0,324123000.0,,357963000.0,324695000.0,,,47883000.0,1081086000.0,,977344000.0,261203000.0,137384000.0,114011000.0,2731070000.0,162783000.0,123795000.0,,317148000.0,,95332000.0,,110217000.0,,1407480000.0,-214408000.0,1197490000.0,2731070000.0,,8592000.0,19241000.0,,,,,,,,134144000.0,,,,5000.0,92000.0,33930000.0,,,-45888000.0,,1046000.0,-59580000.0,15332000.0,
2010-09-30,1757789000.0,,549461000.0,43722000.0,195319000.0,,303462000.0,,286987000.0,68917000.0,238748000.0,2.61,2.59,91335000.0,92129000.0,424673000.0,,339185000.0,373406000.0,,,43254000.0,1212062000.0,,1009864000.0,278390000.0,138963000.0,122853000.0,2936660000.0,169647000.0,133311000.0,,347744000.0,,109451000.0,,111053000.0,,1488369000.0,-117766000.0,1382735000.0,2936660000.0,,11465000.0,24391000.0,,,,,,,,275732000.0,,,,5000.0,7048000.0,50006000.0,,,-60595000.0,,4182000.0,-97508000.0,115882000.0,
2010-12-31,2362764000.0,,745922000.0,58394000.0,265722000.0,,414848000.0,,392103000.0,92719000.0,323720000.0,3.54,3.51,91393000.0,92184000.0,529650000.0,,340888000.0,389210000.0,,,54678000.0,1348198000.0,,1006313000.0,272238000.0,134764000.0,125878000.0,3068081000.0,175183000.0,143684000.0,,364177000.0,,109570000.0,,108811000.0,,1560519000.0,-164196000.0,1416074000.0,3068081000.0,,15694000.0,47099000.0,57414000.0,58582000.0,,14511000.0,13463000.0,,,331309000.0,,,,1338000.0,11978000.0,75478000.0,,,-92191000.0,,7981000.0,-7938000.0,220859000.0,
2011-03-31,696530000.0,,233016000.0,17615000.0,73039000.0,,142362000.0,,133108000.0,32172000.0,106580000.0,1.16,1.15,91633000.0,92517000.0,441013000.0,,401637000.0,402967000.0,,,55891000.0,1346374000.0,,1040005000.0,287264000.0,135495000.0,123364000.0,3139881000.0,210573000.0,131653000.0,,381611000.0,,123585000.0,,105616000.0,,1651976000.0,-85640000.0,1596109000.0,3139881000.0,,6789000.0,21209000.0,,,,,,,,46556000.0,,,,10666000.0,633000.0,31894000.0,,,-41321000.0,,3867000.0,-103263000.0,-88637000.0,
2011-06-30,1438638000.0,,484965000.0,37562000.0,155946000.0,,291457000.0,,351780000.0,62326000.0,220739000.0,2.41,2.38,91713000.0,92795000.0,490715000.0,,419841000.0,443253000.0,,,64498000.0,1455696000.0,,1063440000.0,295371000.0,137603000.0,123254000.0,3292347000.0,205357000.0,142216000.0,,394413000.0,,120842000.0,,105058000.0,,1750998000.0,-62642000.0,1726028000.0,3292347000.0,,13892000.0,18388000.0,,,,,,,,146170000.0,,,,10868000.0,5908000.0,67627000.0,,,-82596000.0,,5694000.0,-113604000.0,-38935000.0,
2011-09-30,2161615000.0,,742977000.0,58096000.0,233115000.0,,451766000.0,,538191000.0,100423000.0,336837000.0,3.7,3.66,91094000.0,92090000.0,481258000.0,,394159000.0,474787000.0,,,53362000.0,1449354000.0,,1090897000.0,281404000.0,134171000.0,112178000.0,3269055000.0,192924000.0,161506000.0,,402394000.0,,113048000.0,,96705000.0,,1714220000.0,-130782000.0,1587571000.0,3269055000.0,,19365000.0,14653000.0,,,,,,,,285467000.0,,,,10868000.0,11045000.0,127111000.0,,,-147395000.0,,5923000.0,-191473000.0,-48392000.0,
2011-12-31,2869005000.0,,977059000.0,77083000.0,312136000.0,,587840000.0,,700990000.0,130014000.0,436280000.0,4.82,4.77,90522000.0,91522000.0,469416000.0,,355372000.0,431495000.0,-19568000.0,,63138000.0,1355620000.0,16803000.0,1129480000.0,273145000.0,130281000.0,116871000.0,3203824000.0,184472000.0,175257000.0,18819000.0,401178000.0,11412000.0,77903000.0,,111107000.0,,1798117000.0,-222922000.0,1591277000.0,3203824000.0,,27069000.0,14682000.0,16435000.0,41749000.0,,-4499000.0,-11971000.0,,,487359000.0,,,,10868000.0,13164000.0,6500000.0,,,-212936000.0,,10574000.0,-329119000.0,-60234000.0,123341000.0
2012-03-31,711704000.0,,247887000.0,19049000.0,80692000.0,,148146000.0,,174263000.0,35466000.0,108043000.0,1.21,1.2,88997000.0,89947000.0,519359000.0,,386788000.0,460810000.0,,,63536000.0,1469556000.0,,1167222000.0,278915000.0,128071000.0,110329000.0,3363499000.0,224267000.0,168275000.0,,433362000.0,,81555000.0,,114821000.0,,1888336000.0,-187981000.0,1722937000.0,3363499000.0,,6926000.0,7238000.0,,,,,,,,123544000.0,,,,,134000.0,54784000.0,,,-56031000.0,,4544000.0,-22130000.0,49943000.0,
2012-06-30,1396598000.0,,490572000.0,39960000.0,155316000.0,,200593000.0,,349190000.0,50213000.0,145775000.0,1.63,1.62,89414000.0,90051000.0,461751000.0,,379260000.0,499680000.0,,,74097000.0,1451675000.0,,1176970000.0,265649000.0,97162000.0,115156000.0,3302707000.0,194905000.0,184657000.0,,413303000.0,,70501000.0,,112921000.0,,1908177000.0,-231639000.0,1705690000.0,3302707000.0,,10730000.0,-5826000.0,,,,,,,,184909000.0,,,,,2384000.0,126623000.0,,,-140242000.0,,12329000.0,-46730000.0,-7665000.0,
2012-09-30,2057824000.0,,705329000.0,59791000.0,215298000.0,,329029000.0,,495087000.0,76804000.0,245036000.0,2.75,2.72,89327000.0,89959000.0,402642000.0,,378938000.0,491930000.0,,,73428000.0,1386852000.0,,1253139000.0,271566000.0,95500000.0,155734000.0,3362655000.0,166564000.0,181213000.0,,382512000.0,,99268000.0,,108153000.0,,1989586000.0,-192415000.0,1808354000.0,3362655000.0,,10808000.0,-2136000.0,,,,,,,,306482000.0,,,,,2488000.0,218708000.0,,,-244833000.0,,14424000.0,-123351000.0,-66774000.0,
2012-12-31,2745420000.0,,909995000.0,78919000.0,313227000.0,,406164000.0,,661156000.0,82533000.0,311536000.0,3.49,3.47,89189000.0,89884000.0,477696000.0,,378973000.0,428145000.0,-359000.0,,78655000.0,1407313000.0,20290000.0,1296571000.0,276966000.0,94464000.0,154836000.0,3437291000.0,172866000.0,177546000.0,13955000.0,385009000.0,3362000.0,63368000.0,,114022000.0,,1744684000.0,85264000.0,1833598000.0,3437291000.0,,15211000.0,-14587000.0,25992000.0,-7364000.0,,19590000.0,-16798000.0,,,488766000.0,,,,,3360000.0,280873000.0,,,-301161000.0,,14809000.0,-177294000.0,8280000.0,112442000.0
2013-03-31,641625000.0,,199590000.0,19953000.0,64750000.0,,114887000.0,,133625000.0,26192000.0,83987000.0,0.95,0.94,88719000.0,89236000.0,434904000.0,,407823000.0,433061000.0,,,80579000.0,1403500000.0,,1317759000.0,269714000.0,91830000.0,151742000.0,3450445000.0,207496000.0,189166000.0,,434251000.0,,66260000.0,,106276000.0,,1744100000.0,51009000.0,1797997000.0,3450445000.0,,2513000.0,6506000.0,,,,,,,,98650000.0,,,,,,55335000.0,,,-54514000.0,,1901000.0,-84032000.0,-42792000.0,
2013-06-30,1275822000.0,,396229000.0,41518000.0,127650000.0,,227061000.0,,262656000.0,47642000.0,166726000.0,1.93,1.92,86374000.0,86862000.0,314659000.0,,407842000.0,451998000.0,,,63976000.0,1281878000.0,,1333765000.0,272773000.0,90731000.0,150047000.0,3335949000.0,179173000.0,160825000.0,,375583000.0,,68474000.0,,103794000.0,,1292993000.0,56182000.0,1352994000.0,3335949000.0,,4529000.0,4911000.0,,,,,,,,178854000.0,,,,,250000.0,103168000.0,,,-102650000.0,,2519000.0,-243953000.0,-163037000.0,
2013-09-30,1924460000.0,,607878000.0,60959000.0,190193000.0,,356726000.0,,399112000.0,74916000.0,257238000.0,3.04,3.02,84711000.0,85192000.0,401427000.0,,409206000.0,485804000.0,,,60762000.0,1394706000.0,,1348976000.0,279668000.0,89562000.0,149076000.0,3470065000.0,192897000.0,160025000.0,,410837000.0,,68768000.0,,100925000.0,,1363970000.0,96295000.0,1467095000.0,3470065000.0,,7036000.0,7115000.0,,,,,,,,317521000.0,,,,,250000.0,135028000.0,,,-134064000.0,,3078000.0,-269038000.0,-76269000.0,
2013-12-31,2616416000.0,,861405000.0,82246000.0,162889000.0,,582909000.0,,535191000.0,136322000.0,413171000.0,4.93,4.9,83839000.0,84322000.0,477239000.0,,446864000.0,436049000.0,-62462000.0,,77669000.0,1482915000.0,23801000.0,1357069000.0,284203000.0,88203000.0,160229000.0,3584797000.0,194064000.0,190533000.0,17896000.0,436363000.0,2444000.0,129188000.0,,110610000.0,,1500358000.0,116245000.0,1627361000.0,3584797000.0,,10164000.0,64865000.0,65906000.0,1810000.0,,-5261000.0,21316000.0,,,432859000.0,,,,0.0,2565000.0,155346000.0,,,-157742000.0,,3266000.0,-288046000.0,-457000.0,51772000.0
2014-03-31,656679000.0,,194286000.0,22572000.0,79310000.0,,75404000.0,,128418000.0,12446000.0,56583000.0,0.71,0.71,79735000.0,80112000.0,524043000.0,,427979000.0,420299000.0,,,70162000.0,1477402000.0,,1340338000.0,283364000.0,85762000.0,152786000.0,3558728000.0,183461000.0,194927000.0,,423199000.0,,127603000.0,,101630000.0,,1493916000.0,106927000.0,1604751000.0,3558728000.0,,3402000.0,4139000.0,,,,,,,,149173000.0,,,,,,23667000.0,,,-21516000.0,,586000.0,-80614000.0,46804000.0,
2014-06-30,1204564000.0,,402962000.0,44509000.0,145115000.0,,188163000.0,,271837000.0,34963000.0,79030000.0,1.0,0.99,79199000.0,79602000.0,515119000.0,,407298000.0,370564000.0,,,55505000.0,1525883000.0,,1239586000.0,265231000.0,43419000.0,156363000.0,3454532000.0,185024000.0,216232000.0,,815914000.0,,106436000.0,,96472000.0,,1399342000.0,99644000.0,1502981000.0,3454532000.0,,7319000.0,-16114000.0,,,,,,,,295147000.0,,,,,0.0,46670000.0,,,-46028000.0,,767000.0,-208815000.0,37880000.0,
2014-09-30,1846982000.0,,608408000.0,66916000.0,211127000.0,,294636000.0,,411963000.0,46700000.0,151824000.0,1.92,1.91,78880000.0,79287000.0,653120000.0,,383325000.0,367911000.0,,,62690000.0,1508307000.0,,1230274000.0,251964000.0,46118000.0,160291000.0,3393466000.0,205809000.0,214243000.0,,812710000.0,,95115000.0,,93732000.0,,1450618000.0,-1651000.0,1456741000.0,3393466000.0,,10447000.0,-24412000.0,,,,,,,,430542000.0,,,,,0.0,76682000.0,,,21480000.0,,836000.0,-249749000.0,175881000.0,
2014-12-31,2445548000.0,,770848000.0,88310000.0,355135000.0,,271298000.0,,539175000.0,18484000.0,133316000.0,1.69,1.69,78696000.0,79102000.0,2489768000.0,,385212000.0,358361000.0,551000.0,,66086000.0,3348850000.0,23974000.0,1231868000.0,243262000.0,44125000.0,160956000.0,5223103000.0,231705000.0,166174000.0,10370000.0,1139886000.0,2010000.0,56884000.0,,87705000.0,,1410651000.0,-62413000.0,1359465000.0,5223103000.0,,14267000.0,-47133000.0,-36221000.0,6486000.0,,-5809000.0,28296000.0,,,492609000.0,,,,,0.0,110576000.0,,,-46133000.0,,826000.0,1609329000.0,2012529000.0,56174000.0
2015-03-31,884404000.0,,258466000.0,26492000.0,135765000.0,,36686000.0,,50897000.0,14140000.0,43115000.0,0.4,0.4,108130000.0,108464000.0,261421000.0,,626965000.0,620177000.0,,,94947000.0,1686543000.0,,2617027000.0,2709670000.0,1948335000.0,180212000.0,9794759000.0,340815000.0,553947000.0,,1456344000.0,,801312000.0,,241971000.0,,1421234000.0,-362282000.0,3109383000.0,9794759000.0,63986000.0,4912000.0,,,,,,,,,45791000.0,,,,,2051645000.0,56741000.0,,,-2092673000.0,,23000.0,-182647000.0,-2228347000.0,
2015-06-30,1815889000.0,,559032000.0,51828000.0,283477000.0,,140038000.0,,121608000.0,31279000.0,95262000.0,0.86,0.86,112189000.0,112607000.0,207238000.0,,638339000.0,602025000.0,,,134238000.0,1654081000.0,,2618537000.0,2769619000.0,1939181000.0,183949000.0,9770809000.0,342482000.0,505308000.0,,1368078000.0,,766713000.0,,246409000.0,,1440845000.0,-316406000.0,3179077000.0,9770809000.0,131469000.0,9193000.0,,,,,,,,,133183000.0,,,,,2051645000.0,111723000.0,,,-2151074000.0,,59000.0,-266332000.0,-2282530000.0,
2015-09-30,2720982000.0,,871242000.0,77123000.0,421092000.0,,253344000.0,,203322000.0,48171000.0,160654000.0,1.45,1.44,112202000.0,112544000.0,234490000.0,,618301000.0,629393000.0,,,162460000.0,1720915000.0,,2600852000.0,2811086000.0,1896993000.0,191349000.0,9675064000.0,371649000.0,566932000.0,,1322548000.0,,761844000.0,,250737000.0,,1473698000.0,-386413000.0,3144489000.0,9675064000.0,200372000.0,11171000.0,,,,,,,,,316903000.0,,,,,2051645000.0,164568000.0,,,-2099954000.0,,59000.0,-467997000.0,-2255278000.0,
2015-12-31,3651335000.0,,1196872000.0,102871000.0,512274000.0,,442435000.0,,358187000.0,29122000.0,334906000.0,3.01,3.0,111182000.0,111556000.0,213734000.0,,552828000.0,508728000.0,254169000.0,,71351000.0,1831003000.0,24257000.0,2484738000.0,2893811000.0,1733047000.0,216998000.0,9615014000.0,306517000.0,402379000.0,,1616685000.0,,736317000.0,,254826000.0,,1615407000.0,-421288000.0,3254392000.0,9615014000.0,260076000.0,15188000.0,-136298000.0,8788000.0,-27649000.0,,-12756000.0,23745000.0,,,360689000.0,,,,,2051645000.0,227649000.0,,,-2160552000.0,,121000.0,-478325000.0,-2276034000.0,162408000.0
2016-03-31,865398000.0,,337398000.0,23401000.0,139157000.0,,274808000.0,,249967000.0,30985000.0,228186000.0,2.03,2.02,112260000.0,112770000.0,252382000.0,,565724000.0,531230000.0,,,68519000.0,1615391000.0,,2489540000.0,2931293000.0,1731232000.0,194811000.0,9438968000.0,303805000.0,315649000.0,,1225098000.0,,735111000.0,,248177000.0,,1809342000.0,-331663000.0,3540305000.0,9438968000.0,60552000.0,4007000.0,,,,,,,,,172708000.0,,,,,0.0,58120000.0,,,168248000.0,,0.0,-297276000.0,38648000.0,
2016-06-30,1326538000.0,,490638000.0,40372000.0,168686000.0,,366290000.0,,333126000.0,49141000.0,-314821000.0,-2.8,-2.78,112339000.0,113175000.0,193661000.0,,446352000.0,517052000.0,,,70317000.0,1527760000.0,,2346132000.0,1472553000.0,380984000.0,182231000.0,9312381000.0,253067000.0,211444000.0,,1159058000.0,,799009000.0,,230347000.0,,1460242000.0,-375456000.0,3156615000.0,9312381000.0,128505000.0,8733000.0,,,,,,,,,252501000.0,,,,,0.0,99509000.0,,,130071000.0,,348000.0,-394835000.0,-20073000.0,
2016-09-30,1980548000.0,,729610000.0,61384000.0,254988000.0,,491199000.0,,445079000.0,61535000.0,128220000.0,1.14,1.13,112429000.0,113448000.0,233599000.0,,441266000.0,504984000.0,,,72027000.0,1557703000.0,,2344967000.0,1484182000.0,380368000.0,185943000.0,9396944000.0,241511000.0,240652000.0,,1076834000.0,,783270000.0,,228270000.0,,1554160000.0,-334431000.0,3299022000.0,9396944000.0,176499000.0,13818000.0,,,,,,,,,452435000.0,,,,,0.0,141301000.0,,,88132000.0,,1679000.0,-510240000.0,19865000.0,
2016-12-31,2677203000.0,,970576000.0,80475000.0,380464000.0,,574551000.0,,515264000.0,96263000.0,643675000.0,5.73,5.68,112379000.0,113239000.0,2269756000.0,,486035000.0,450263000.0,197251000.0,,58579000.0,3306618000.0,27570000.0,2360140000.0,1540032000.0,354564000.0,142320000.0,8161207000.0,281874000.0,322165000.0,,1140103000.0,,412739000.0,,194810000.0,,2121931000.0,-412412000.0,3795062000.0,8161207000.0,226169000.0,17031000.0,23182000.0,42816000.0,-25974000.0,,-1808000.0,43953000.0,,,733403000.0,,,,,0.0,196654000.0,,,2920488000.0,,2121000.0,-1577903000.0,2056022000.0,143404000.0
2017-03-31,722063000.0,,255088000.0,24323000.0,108001000.0,,122764000.0,,53457000.0,11971000.0,51213000.0,0.46,0.45,111986000.0,113289000.0,1254536000.0,,508460000.0,518936000.0,,,53836000.0,2390254000.0,,2381380000.0,1544574000.0,410357000.0,146497000.0,7366468000.0,336890000.0,253930000.0,,1207947000.0,,422356000.0,,201884000.0,,2137703000.0,-346981000.0,3637669000.0,7366468000.0,45070000.0,5046000.0,,,,,,,,,82585000.0,,,,,,54143000.0,,,-80143000.0,,,-1021799000.0,-1015220000.0,
2017-06-30,1459321000.0,,527182000.0,41660000.0,223687000.0,,261835000.0,,175228000.0,35101000.0,154546000.0,1.39,1.37,111336000.0,112697000.0,1006945000.0,,487921000.0,565894000.0,,,92382000.0,2204448000.0,,2416829000.0,1586450000.0,417780000.0,161240000.0,7291989000.0,346417000.0,254764000.0,,983662000.0,,426564000.0,,203106000.0,,2205592000.0,-296833000.0,3760830000.0,7291989000.0,94192000.0,9492000.0,,,,,,,,,-54455000.0,,,,,,97765000.0,,,-128975000.0,,,-1081806000.0,-1262811000.0,
2017-09-30,2214187000.0,,802971000.0,63423000.0,329269000.0,,410279000.0,,304872000.0,53596000.0,273216000.0,2.46,2.43,111049000.0,112456000.0,1045339000.0,,520076000.0,610212000.0,,,101626000.0,2327324000.0,,2484285000.0,1616478000.0,416413000.0,148573000.0,7523300000.0,361937000.0,276953000.0,,1103017000.0,,414034000.0,,199273000.0,,2288904000.0,-249943000.0,3898819000.0,7523300000.0,144087000.0,15595000.0,,,,,,,,,74844000.0,,,,,,187519000.0,,,-224368000.0,,,-1078267000.0,-1224417000.0,
2017-12-31,3071976000.0,,1109980000.0,84330000.0,437901000.0,,587749000.0,,446798000.0,431817000.0,54850000.0,0.49,0.49,110914000.0,112380000.0,1137303000.0,,534326000.0,592781000.0,143966000.0,,136064000.0,2477563000.0,30653000.0,2493310000.0,1610355000.0,421503000.0,74164000.0,7750772000.0,418537000.0,268336000.0,,1200925000.0,,370389000.0,,599174000.0,,2035163000.0,-225668000.0,3674549000.0,7750772000.0,196928000.0,19404000.0,-41941000.0,74545000.0,101545000.0,,213000.0,53421000.0,,,303979000.0,,,,3565000.0,0.0,317703000.0,,,-357803000.0,,,-1086868000.0,-1132453000.0,320222000.0
2018-03-31,821629000.0,,304979000.0,20986000.0,101370000.0,,182623000.0,,138609000.0,20361000.0,131760000.0,1.19,1.18,110681000.0,111867000.0,692188000.0,,606968000.0,666567000.0,,,113763000.0,2158725000.0,,2569206000.0,1643746000.0,429614000.0,78619000.0,7556340000.0,481726000.0,262883000.0,,868860000.0,,369115000.0,,588640000.0,,2118621000.0,-174739000.0,3800310000.0,7556340000.0,50330000.0,2869000.0,,,,,,,,,121554000.0,,,,735000.0,,131815000.0,,,-132540000.0,,,-438282000.0,-445115000.0,
2018-06-30,1675503000.0,,616335000.0,37060000.0,225007000.0,,572973000.0,,510428000.0,100463000.0,434221000.0,3.94,3.9,110176000.0,111263000.0,908144000.0,,571032000.0,665522000.0,,,93921000.0,2283070000.0,,2669660000.0,1585500000.0,405507000.0,75108000.0,7538363000.0,460442000.0,272555000.0,,1041661000.0,,366212000.0,,553129000.0,,2384645000.0,-301679000.0,3693576000.0,7538363000.0,100804000.0,8076000.0,,,,,,,,,223857000.0,,,,1979000.0,,280945000.0,,,125705000.0,,,-556867000.0,-229159000.0,
2018-09-30,2453251000.0,1556379000.0,896872000.0,53670000.0,325174000.0,,736733000.0,,664993000.0,133630000.0,563966000.0,5.16,5.11,109223000.0,110276000.0,641226000.0,,550788000.0,727381000.0,,,98221000.0,2059577000.0,,2825365000.0,1590906000.0,398001000.0,78054000.0,7487195000.0,474229000.0,258371000.0,,1127009000.0,,378484000.0,,553469000.0,,2478711000.0,-314191000.0,3528844000.0,7487195000.0,150511000.0,11785000.0,,,,,,,,,376941000.0,,,,5346000.0,,471675000.0,,,-75706000.0,,,-772928000.0,-496077000.0,
2018-12-31,3374950000.0,2157694000.0,1217256000.0,70054000.0,446090000.0,,911540000.0,,794701000.0,144826000.0,693562000.0,6.4,6.34,108427000.0,109458000.0,555320000.0,,605712000.0,700540000.0,113562000.0,,84790000.0,1998421000.0,33513000.0,3021084000.0,1567169000.0,386143000.0,80135000.0,7581674000.0,522516000.0,257323000.0,,1183173000.0,,382982000.0,,526942000.0,,2566050000.0,-350682000.0,3585321000.0,7581674000.0,200698000.0,15228000.0,49164000.0,97448000.0,124067000.0,,2181000.0,73730000.0,,,546165000.0,,,,5600000.0,,699991000.0,,,-303695000.0,,,-786526000.0,-581983000.0,157758000.0
2019-03-31,832064000.0,548578000.0,283486000.0,14977000.0,113355000.0,,155154000.0,,153859000.0,37514000.0,133569000.0,1.26,1.26,105799000.0,106356000.0,465274000.0,,603542000.0,756193000.0,,,105148000.0,1987176000.0,,3170190000.0,1561092000.0,378501000.0,211073000.0,7871062000.0,482433000.0,263868000.0,,1278191000.0,,390977000.0,,616007000.0,,2660684000.0,-357538000.0,3672274000.0,7871062000.0,49283000.0,5556000.0,,,,,,,,,54916000.0,,,,2509000.0,,216132000.0,,,-207195000.0,,,75257000.0,-90046000.0,
2019-06-30,1717116000.0,1107716000.0,609400000.0,28439000.0,240070000.0,,340891000.0,,320930000.0,67925000.0,287767000.0,2.72,2.71,105961000.0,106336000.0,398183000.0,,624808000.0,814022000.0,,,94417000.0,2036637000.0,,3390625000.0,1566464000.0,373082000.0,186592000.0,8094414000.0,558839000.0,268666000.0,,1399981000.0,,387035000.0,,609209000.0,,2775940000.0,-349411000.0,3800801000.0,8094414000.0,102231000.0,10136000.0,,,,,,,,,199288000.0,,,,2549000.0,,415626000.0,,,-406911000.0,,,61967000.0,-157137000.0,
2019-09-30,2596863000.0,1677596000.0,919267000.0,44024000.0,348205000.0,,527038000.0,,484653000.0,93266000.0,442837000.0,4.18,4.16,105999000.0,106324000.0,317823000.0,,637037000.0,802434000.0,,,125902000.0,1969752000.0,,3524037000.0,1534241000.0,361058000.0,200858000.0,8141603000.0,527052000.0,273709000.0,,1421243000.0,,,,618822000.0,,2892057000.0,-435977000.0,3836559000.0,8141603000.0,156718000.0,15169000.0,,,,,,,,,345638000.0,,,,2569000.0,,608456000.0,,,-599492000.0,,,55245000.0,-237497000.0,
2019-12-31,3589427000.0,2331649000.0,1257778000.0,58287000.0,533368000.0,,666123000.0,,562950000.0,88161000.0,533228000.0,5.03,5.02,105949000.0,106321000.0,613110000.0,,612651000.0,768984000.0,134286000.0,,162813000.0,2225109000.0,33637000.0,4909473000.0,1578785000.0,354622000.0,213061000.0,9860863000.0,574138000.0,553160000.0,,1408996000.0,,397858000.0,,754536000.0,,2943478000.0,-395735000.0,3932250000.0,9860863000.0,213484000.0,19680000.0,14394000.0,18220000.0,46304000.0,,32941000.0,-12234000.0,,,719374000.0,,,,2569000.0,,851796000.0,,,-1663625000.0,,,1042687000.0,57790000.0,170450000.0
2020-03-31,738845000.0,496827000.0,242018000.0,16097000.0,101877000.0,,124044000.0,,115473000.0,18442000.0,107204000.0,1.01,1.01,106227000.0,106512000.0,553228000.0,,518703000.0,853500000.0,,,155985000.0,2155181000.0,,5025969000.0,1559055000.0,344561000.0,219202000.0,9847638000.0,573075000.0,491579000.0,,1192926000.0,,,,768757000.0,,3009749000.0,-526489000.0,3878004000.0,9847638000.0,53694000.0,2501000.0,,,,,,,,,155054000.0,,,,356000.0,,214529000.0,,,-234868000.0,,,51016000.0,-59882000.0,
2020-06-30,1502894000.0,1027517000.0,475377000.0,30307000.0,208826000.0,,236244000.0,,203548000.0,33873000.0,192828000.0,1.81,1.81,106329000.0,106535000.0,736696000.0,,517626000.0,851256000.0,,,109874000.0,2292409000.0,,5136357000.0,1571280000.0,342839000.0,213223000.0,10170253000.0,523160000.0,399456000.0,,1420803000.0,,,,670001000.0,,3054434000.0,-431131000.0,4024472000.0,10170253000.0,111535000.0,9765000.0,8990000.0,,,,,,,,207917000.0,,,,486000.0,,418991000.0,,,-440553000.0,,,375045000.0,123586000.0,
2020-09-30,2249762000.0,1520329000.0,729433000.0,43839000.0,304918000.0,,380676000.0,,325092000.0,64526000.0,291129000.0,2.74,2.73,106386000.0,106873000.0,702073000.0,,516166000.0,828080000.0,,,119171000.0,2227012000.0,,5242724000.0,1603049000.0,343919000.0,211534000.0,10231983000.0,465644000.0,477510000.0,,1612739000.0,,,,612013000.0,,3111749000.0,-398467000.0,4124881000.0,10231983000.0,170214000.0,15864000.0,7920000.0,,,,,,,,461714000.0,,,,786000.0,,621371000.0,,,-643521000.0,,,279198000.0,88963000.0,
2020-12-31,3128909000.0,2134056000.0,994853000.0,59214000.0,429827000.0,,505812000.0,,373519000.0,54425000.0,375764000.0,3.53,3.52,106402000.0,106808000.0,,,530838000.0,750237000.0,155251000.0,,116427000.0,2206184000.0,37109000.0,5354625000.0,1665520000.0,349105000.0,219268000.0,10450946000.0,483221000.0,440763000.0,,1801849000.0,,,,629377000.0,,3155252000.0,-326132000.0,4268227000.0,10450946000.0,231984000.0,22837000.0,-1976000.0,-100118000.0,-51978000.0,,-7902000.0,-31519000.0,,,798914000.0,,,,2427000.0,,850477000.0,,,-863573000.0,,,177261000.0,133614000.0,52103000.0
2021-03-31,829291000.0,565604000.0,263687000.0,14636000.0,93187000.0,,155864000.0,,123294000.0,22107000.0,95677000.0,0.85,0.84,112592000.0,113330000.0,569859000.0,,532964000.0,685779000.0,,,93844000.0,2009394000.0,,5390329000.0,1629169000.0,335021000.0,212258000.0,10290302000.0,492532000.0,378973000.0,,953256000.0,,,,619309000.0,,3205408000.0,-350114000.0,5746384000.0,10290302000.0,62260000.0,2560000.0,-19384000.0,,,,,,,,157949000.0,,,,286000.0,,179683000.0,,,-174724000.0,1453888000.0,,-143249000.0,-176865000.0,
2021-06-30,1603187000.0,1091083000.0,512104000.0,28612000.0,214703000.0,,698197000.0,,658489000.0,129092000.0,520277000.0,4.54,4.51,116809000.0,117436000.0,823572000.0,,455222000.0,732563000.0,,,81741000.0,2151354000.0,,5510599000.0,1640720000.0,331092000.0,256081000.0,10796926000.0,535153000.0,317954000.0,,984928000.0,,,,616912000.0,,3584400000.0,-328001000.0,6165549000.0,10796926000.0,123683000.0,8425000.0,27708000.0,,,,,,,,385853000.0,,,,286000.0,,396915000.0,,,-102181000.0,1453888000.0,,-194534000.0,76848000.0,
2021-09-30,2433753000.0,1672376000.0,761377000.0,41901000.0,318180000.0,,829720000.0,,-516809000.0,-114670000.0,-392781000.0,-3.36,-3.36,116965000.0,116965000.0,595049000.0,,520746000.0,745598000.0,,,160415000.0,2078106000.0,,5655477000.0,1623471000.0,320981000.0,251786000.0,10832325000.0,545922000.0,956506000.0,,1591042000.0,,,,617488000.0,,3145999000.0,-366436000.0,5694116000.0,10832325000.0,185765000.0,14668000.0,-38924000.0,,,,,,,,490586000.0,,,,286000.0,,652739000.0,,,-358827000.0,1453888000.0,,-258437000.0,-151675000.0,
2021-12-31,3327957000.0,2329986000.0,997971000.0,54026000.0,441482000.0,,798434000.0,,133618000.0,29446000.0,123672000.0,1.07,1.06,115841000.0,116536000.0,,,556922000.0,812920000.0,302044000.0,,132683000.0,2007981000.0,246517000.0,5909616000.0,1597627000.0,308947000.0,252239000.0,10974118000.0,647986000.0,763293000.0,,1874335000.0,,,,663698000.0,,3096539000.0,-392450000.0,5625266000.0,10974118000.0,254000000.0,20120000.0,-38500000.0,49295000.0,127401000.0,,-17411000.0,143939000.0,,,344257000.0,,,,6488000.0,,953667000.0,,,-666590000.0,1453888000.0,,50212000.0,-307452000.0,130840000.0
2022-03-31,1127728000.0,678698000.0,449030000.0,16083000.0,112568000.0,,311979000.0,,299641000.0,80530000.0,253383000.0,2.16,2.15,117066000.0,117653000.0,463325000.0,,658733000.0,1013793000.0,,,129407000.0,2336483000.0,,6028653000.0,1575617000.0,297407000.0,240279000.0,11416058000.0,845710000.0,667610000.0,,2103338000.0,,,,649878000.0,,3303661000.0,-393619000.0,5826600000.0,11416058000.0,66574000.0,4245000.0,27747000.0,,,,,,,,206176000.0,,,,146000.0,,231698000.0,,,-228093000.0,0.0,,57619000.0,24053000.0,
2022-06-30,2607321000.0,1577867000.0,1029454000.0,33469000.0,241510000.0,,746075000.0,,701095000.0,169548000.0,660156000.0,5.64,5.61,117116000.0,117724000.0,930596000.0,,962215000.0,1216213000.0,,,116671000.0,3350104000.0,,6208024000.0,1542767000.0,285303000.0,230346000.0,12520405000.0,1091583000.0,330941000.0,,1781762000.0,,,,591021000.0,,3664172000.0,-507138000.0,6085291000.0,12520405000.0,137567000.0,15232000.0,39476000.0,,,,,,,,60311000.0,,,,767000.0,,502607000.0,,,-499972000.0,0.0,,976529000.0,491324000.0,
2022-09-30,4699126000.0,2625858000.0,2073268000.0,51827000.0,375989000.0,,1637052000.0,,1570355000.0,366486000.0,1557371000.0,13.3,13.23,117136000.0,117869000.0,1382803000.0,,1035117000.0,1614299000.0,,,129043000.0,4296971000.0,,6425107000.0,1467848000.0,262984000.0,217057000.0,13828502000.0,1651866000.0,385327000.0,,2487951000.0,,,,597980000.0,,4515115000.0,-717309000.0,6732636000.0,13828502000.0,215280000.0,24649000.0,77968000.0,,,,,,,,955602000.0,,,,507000.0,,815934000.0,,,-813309000.0,0.0,,911251000.0,943531000.0,
2022-12-31,7320104000.0,4245517000.0,3074587000.0,71981000.0,524145000.0,,2470061000.0,,2433444000.0,390588000.0,2689816000.0,22.97,22.84,117120000.0,117793000.0,,,1190970000.0,2076031000.0,242708000.0,,234955000.0,5186917000.0,260139000.0,,1617627000.0,287870000.0,250558000.0,15456522000.0,1533624000.0,505894000.0,,2741015000.0,,,,636596000.0,,5601277000.0,-560662000.0,7982627000.0,15456522000.0,300841000.0,30474000.0,93339000.0,786121000.0,1609642000.0,,104655000.0,1287072000.0,,,1907849000.0,,,,706000.0,,1261646000.0,,,-1422649000.0,0.0,,611887000.0,1059870000.0,248143000.0
2023-03-31,2580252000.0,1303712000.0,1276540000.0,20471000.0,154306000.0,,1101763000.0,,1157478000.0,276963000.0,1238580000.0,10.57,10.51,117232000.0,117841000.0,1586734000.0,,1351915000.0,3180825000.0,,,225541000.0,6657575000.0,,7353489000.0,1634152000.0,284508000.0,243405000.0,17564358000.0,1758254000.0,403336000.0,,3505369000.0,,,,686655000.0,,6792938000.0,-513337000.0,9212735000.0,17564358000.0,87271000.0,10540000.0,14098000.0,,,,,,,,720980000.0,,,,1133000.0,,415608000.0,,,-539008000.0,,,-118676000.0,87592000.0,
2023-06-30,4950442000.0,3115415000.0,1835027000.0,41890000.0,551376000.0,,1241761000.0,,1325853000.0,319950000.0,1888623000.0,16.1,16.03,117332000.0,117805000.0,1599738000.0,,1344278000.0,3658623000.0,,,425358000.0,7454777000.0,,7854541000.0,1634823000.0,274409000.0,269694000.0,19109668000.0,,672807000.0,,4291513000.0,,,,700825000.0,,7396045000.0,-517946000.0,9815309000.0,19109668000.0,180356000.0,20017000.0,-144720000.0,,,,,,,,794687000.0,,,,1192000.0,,919295000.0,,,-1052706000.0,,,127209000.0,100596000.0,
2023-09-30,7261038000.0,5371077000.0,1889961000.0,62972000.0,725242000.0,,1101747000.0,,1167689000.0,311399000.0,2191156000.0,18.68,18.6,117349000.0,117797000.0,1601668000.0,,1179012000.0,3404212000.0,,,411926000.0,7125562000.0,,8308615000.0,1606077000.0,260541000.0,328518000.0,18883354000.0,,689106000.0,,3941612000.0,,,,807051000.0,,7651638000.0,-700972000.0,9897815000.0,18883354000.0,285801000.0,29465000.0,-182764000.0,,,,,,,,1423540000.0,,,,1279000.0,,1465193000.0,,,-1715631000.0,,,226907000.0,102526000.0,
2023-12-31,9617203000.0,8431294000.0,1185909000.0,85725000.0,919493000.0,,251881000.0,,246738000.0,430277000.0,1573476000.0,13.41,13.36,117317000.0,117766000.0,,,1213160000.0,2161287000.0,210520000.0,,443475000.0,5216919000.0,289307000.0,,1629729000.0,261858000.0,297087000.0,18270652000.0,,544835000.0,,3560462000.0,78027000.0,,,769100000.0,,6987015000.0,-528526000.0,9412180000.0,18270652000.0,429944000.0,36545000.0,100877000.0,350655000.0,962924000.0,,171870000.0,,,,1325321000.0,,,,1200000.0,,2149281000.0,,,-2781160000.0,0.0,,623911000.0,-609242000.0,319391000.0
2024-03-31,1360736000.0,1321798000.0,38938000.0,23532000.0,194912000.0,,-179506000.0,,-167574000.0,-3721000.0,2448000.0,-0.08,-0.08,117451000.0,117451000.0,2055813000.0,,874038000.0,1904827000.0,,,549540000.0,5822725000.0,,9756035000.0,1613534000.0,251755000.0,329283000.0,19032333000.0,,454600000.0,,2050696000.0,,,,833548000.0,,6930868000.0,-597205000.0,11532802000.0,19032333000.0,123751000.0,9317000.0,116447000.0,,,,,,,,97954000.0,,,,74000.0,,579322000.0,,,-494503000.0,,,1557300000.0,1165913000.0,
2024-06-30,2791121000.0,2762761000.0,28360000.0,44302000.0,346660000.0,,-672117000.0,,-661706000.0,-34381000.0,-188198000.0,-2.03,-2.03,117528000.0,117528000.0,1830227000.0,,785553000.0,1800114000.0,,,397630000.0,5225705000.0,,9837032000.0,1600938000.0,243335000.0,320598000.0,18388282000.0,,508334000.0,,1958458000.0,,,,758283000.0,,6653979000.0,-637551000.0,11222559000.0,18388282000.0,262030000.0,15439000.0,-129087000.0,,,,,,,,460846000.0,,,,148000.0,,1026936000.0,,,-944506000.0,,,1444582000.0,940327000.0,
2024-09-30,4145813000.0,4221487000.0,-104034000.0,66699000.0,482052000.0,,-1780947000.0,,-1840552000.0,110853000.0,-1254742000.0,-11.49,-11.49,117535000.0,117535000.0,1664519000.0,,749792000.0,1657688000.0,,,328915000.0,4669610000.0,,9258452000.0,1637758000.0,246078000.0,463690000.0,17455186000.0,,513122000.0,,1910720000.0,,,,791823000.0,,5495697000.0,-469770000.0,10240595000.0,17455186000.0,425532000.0,24443000.0,-112777000.0,,,,,,,,701394000.0,,,,217000.0,,1330062000.0,,,-1246628000.0,,,1334616000.0,774619000.0,
,,,,,,,,,,,,,,,,,,,,,,,,,,,,,,,,,,,,,,,,,,,,,,,,,,,,,,,,,,,,,,,,,,,
,,,,,,,,,,,,,,,,,,,,,,,,,,,,,,,,,,,,,,,,,,,,,,,,,,,,,,,,,,,,,,,,,,,
