Date,Net sales,Cost of sales,Gross margin,Research and development,"Selling, general and administrative",Total operating expenses,Operating income,"Other income/(expense), net",Income before provision for income taxes,Provision for income taxes,Net income,Earnings per share basic,Earnings per share diluted,Weighted-average basic,Weighted-average diluted,Cash and cash equivalents,Short-term marketable securities,"Accounts receivable, net",Inventories,Deferred tax assets,Vendor non-trade receivables,Other current assets,Total current assets,Long-term marketable securities,"Property, Plant and Equipment, Net",Goodwill,"Acquired intangible assets, net","Other Assets, Noncurrent",Total assets,accounts payable,Accrued expenses,Deferred revenue,Total current liabilities,Deferred revenue - non-current,deferred tax liabilities,long term taxes payable,Total other non-current liabilities,Total liabilities,Retained Earnings (Accumulated Deficit),Accumulated other comprehensive (loss)/income,Total shareholders equity,Total liabilities and shareholders' equity,"Depreciation, amortization and accretion",Stock-based compensation expense,Deferred income tax expense,"Increase (Decrease) in Accounts receivable, net",Increase (Decrease) in Inventories,Increase (Decrease) in Other Receivables,Increase (Decrease) in Other Operating Assets,Increase (Decrease) in Accounts Payable,Increase (Decrease) in Deferred Revenue,Increase (Decrease) Other liabilities,Cash generated by operating activities,Purchases of marketable securities,Proceeds from maturities of marketable securities,Proceeds from sales of marketable securities,Purchases of other long-term investments,"Business acquisitions, net of cash acquired",Cash payments for capital asset purchases,Payments for acquisition of intangible assets,Payments for (Proceeds from) Other Investing Activities,Cash used in investing activities,Proceeds from issuance of common stock,Excess tax benefits from stock-based compensation,Cash generated/used in financing activities,Increase/(decrease) in cash and cash equivalents,"Cash paid for income taxes, net"
2010-06-30,198286000.0,41558000.0,156728000.0,12512000.0,,90687000.0,66041000.0,-397000.0,65644000.0,18111000.0,47533000.0,0.63,0.61,75703000.0,77644000.0,235801000.0,8998000.0,62930000.0,2487000.0,,,,331097000.0,,27249000.0,478000.0,3588000.0,2109000.0,408692000.0,5316000.0,41455000.0,27036000.0,73807000.0,,,,932000.0,74739000.0,-204966000.0,-249000.0,333953000.0,408692000.0,,7724000.0,17364000.0,10126000.0,462000.0,,,-9000.0,-4391000.0,,61241000.0,,,,,,8849000.0,,172000.0,1959000.0,7213000.0,,6364000.0,69314000.0,
2010-09-30,294233000.0,62572000.0,231661000.0,19104000.0,,143697000.0,87964000.0,-480000.0,87484000.0,23136000.0,64348000.0,0.85,0.83,76081000.0,78109000.0,264924000.0,7396000.0,63811000.0,2382000.0,,,,357942000.0,7829000.0,28102000.0,478000.0,2888000.0,4218000.0,445235000.0,5826000.0,44074000.0,30136000.0,80036000.0,,,,5797000.0,85833000.0,-188151000.0,317000.0,359402000.0,445235000.0,,12138000.0,17631000.0,9962000.0,343000.0,,,13000.0,-1666000.0,,97004000.0,,,,,,11932000.0,,1356000.0,-8556000.0,10907000.0,,10018000.0,98437000.0,
2010-12-31,387126000.0,83709000.0,303417000.0,25997000.0,,200683000.0,102734000.0,,102003000.0,27750000.0,74253000.0,0.98,0.95,75825000.0,78080000.0,294664000.0,8615000.0,65430000.0,2544000.0,,,,388611000.0,9089000.0,30684000.0,478000.0,2188000.0,3454000.0,476943000.0,7768000.0,51358000.0,33848000.0,92974000.0,,,,6222000.0,99196000.0,-178246000.0,134000.0,377747000.0,476943000.0,,16072000.0,17307000.0,12184000.0,508000.0,,,2612000.0,2180000.0,,129529000.0,,,,,,18031000.0,,145000.0,-15920000.0,11822000.0,3965000.0,14707000.0,128177000.0,
2011-03-31,104856000.0,22630000.0,82226000.0,9390000.0,,61203000.0,21023000.0,89000.0,21112000.0,5271000.0,15841000.0,0.21,0.2,76844000.0,79361000.0,308608000.0,8328000.0,73904000.0,2867000.0,,,,417941000.0,5615000.0,30722000.0,478000.0,1488000.0,2714000.0,496982000.0,6594000.0,44201000.0,37199000.0,87994000.0,,,,6883000.0,94877000.0,-162405000.0,624000.0,402105000.0,496982000.0,,4279000.0,3983000.0,7317000.0,312000.0,,,-634000.0,2999000.0,,17248000.0,,,,,,2825000.0,,177000.0,-7226000.0,5068000.0,,3749000.0,13944000.0,
2011-06-30,224942000.0,51579000.0,173363000.0,18660000.0,,135745000.0,37618000.0,-306000.0,37401000.0,10398000.0,27003000.0,0.35,0.34,77888000.0,80321000.0,168607000.0,6755000.0,82130000.0,6272000.0,,,,286573000.0,4112000.0,37122000.0,135768000.0,52113000.0,2815000.0,547049000.0,10407000.0,56020000.0,43024000.0,109451000.0,,,,7816000.0,117267000.0,-151243000.0,743000.0,429782000.0,547049000.0,,9252000.0,7905000.0,10789000.0,960000.0,,,-165000.0,5775000.0,,46944000.0,,,,,186949000.0,8522000.0,,-406000.0,-188206000.0,16548000.0,,15128000.0,-126057000.0,
2011-09-30,350836000.0,85103000.0,265733000.0,27586000.0,,201803000.0,63930000.0,-335000.0,63595000.0,17328000.0,46267000.0,0.6,0.58,78455000.0,80266000.0,202229000.0,8185000.0,86648000.0,8278000.0,,,,327134000.0,677000.0,46388000.0,135743000.0,50279000.0,2754000.0,585920000.0,14138000.0,58281000.0,47768000.0,120187000.0,,,,8857000.0,129044000.0,-131979000.0,346000.0,456876000.0,585920000.0,,14206000.0,13506000.0,16086000.0,2975000.0,,,3748000.0,10836000.0,,88479000.0,,,,,186920000.0,21029000.0,,190000.0,-199297000.0,19882000.0,,18401000.0,-92435000.0,
2011-12-31,479741000.0,118458000.0,361283000.0,37154000.0,,270923000.0,90360000.0,,89941000.0,23225000.0,66716000.0,0.86,0.83,77988000.0,80294000.0,240675000.0,7395000.0,91537000.0,9402000.0,38935000.0,,,384816000.0,,53965000.0,135383000.0,50022000.0,2741000.0,649264000.0,19265000.0,76600000.0,52252000.0,148117000.0,,,,10366000.0,158483000.0,-116513000.0,46000.0,490781000.0,649264000.0,,19165000.0,5842000.0,21693000.0,4058000.0,,,7535000.0,16334000.0,,130469000.0,,,,,187588000.0,30404000.0,,,-211606000.0,25501000.0,,27241000.0,-53989000.0,
2012-03-31,135079000.0,34319000.0,100760000.0,10526000.0,,72754000.0,28006000.0,-812000.0,27194000.0,6210000.0,20984000.0,0.26,0.26,79235000.0,81856000.0,224361000.0,16018000.0,94441000.0,13434000.0,,,,385496000.0,16804000.0,62912000.0,135827000.0,48876000.0,2909000.0,670436000.0,14640000.0,66538000.0,54650000.0,135828000.0,,,,11586000.0,147414000.0,-97170000.0,193000.0,523022000.0,670436000.0,,4863000.0,4726000.0,2398000.0,4030000.0,,,-3641000.0,1809000.0,,15424000.0,28190000.0,,,,,12559000.0,,,-37995000.0,10180000.0,,6248000.0,-16314000.0,
2012-06-30,280705000.0,71145000.0,209560000.0,21206000.0,,145542000.0,64018000.0,541000.0,63747000.0,14271000.0,49476000.0,0.62,0.6,80384000.0,82954000.0,262799000.0,20752000.0,102149000.0,14623000.0,,,,435135000.0,20475000.0,72207000.0,135827000.0,47901000.0,2765000.0,744163000.0,15226000.0,69207000.0,59403000.0,143836000.0,,,,14032000.0,157868000.0,-68680000.0,-340000.0,586295000.0,744163000.0,,10142000.0,9228000.0,11813000.0,5221000.0,,,-1954000.0,7004000.0,,42755000.0,43857000.0,,,,0.0,25778000.0,,125000.0,-56910000.0,23689000.0,16745000.0,36283000.0,22124000.0,
2012-09-30,417201000.0,107291000.0,309910000.0,31158000.0,,241389000.0,68521000.0,-624000.0,67897000.0,18765000.0,49132000.0,0.61,0.59,81437000.0,83016000.0,304907000.0,23142000.0,105902000.0,15137000.0,,,,484246000.0,20802000.0,75248000.0,111162000.0,46817000.0,2700000.0,768164000.0,14415000.0,71949000.0,65324000.0,151688000.0,,,,14311000.0,165999000.0,-74429000.0,-19000.0,602165000.0,768164000.0,,15504000.0,13165000.0,15460000.0,5735000.0,,,-3888000.0,12674000.0,,83020000.0,53862000.0,,,,0.0,31485000.0,,126000.0,-65648000.0,40194000.0,18140000.0,46819000.0,64232000.0,
2012-12-31,560041000.0,143653000.0,416388000.0,42869000.0,,330796000.0,85592000.0,,84296000.0,25605000.0,58691000.0,0.73,0.71,80529000.0,83040000.0,306386000.0,28485000.0,98992000.0,15122000.0,38339000.0,,,485793000.0,21252000.0,79191000.0,99236000.0,45777000.0,3454000.0,756312000.0,19549000.0,74247000.0,61975000.0,155771000.0,,,,19224000.0,174995000.0,-89626000.0,203000.0,581317000.0,756312000.0,,21483000.0,17783000.0,9138000.0,5718000.0,,,-6000.0,12389000.0,,133778000.0,67511000.0,,,,0.0,38333000.0,,125000.0,-78300000.0,42327000.0,17187000.0,10205000.0,65711000.0,
2013-03-31,153580000.0,40731000.0,112849000.0,11282000.0,,150924000.0,-38075000.0,-988000.0,-39063000.0,2920000.0,-41983000.0,-0.52,-0.52,81248000.0,81248000.0,328745000.0,37975000.0,108672000.0,15442000.0,,,,527331000.0,10680000.0,72672000.0,58543000.0,25429000.0,3173000.0,726245000.0,19748000.0,64635000.0,59472000.0,143855000.0,,,,21272000.0,165127000.0,-133375000.0,151000.0,561118000.0,726245000.0,,6410000.0,931000.0,9240000.0,320000.0,,,1611000.0,-1476000.0,,10418000.0,3282000.0,,,,,5608000.0,,-26000.0,-3445000.0,13268000.0,7739000.0,15423000.0,22359000.0,
2013-06-30,317408000.0,80868000.0,236540000.0,22198000.0,,236714000.0,37901000.0,-1323000.0,37566000.0,11166000.0,29320000.0,0.36,0.36,80909000.0,82149000.0,164497000.0,113933000.0,112367000.0,15704000.0,,,,442093000.0,62885000.0,76932000.0,61713000.0,24975000.0,4674000.0,703894000.0,21556000.0,75776000.0,63322000.0,160654000.0,,,,23042000.0,183696000.0,-172868000.0,-44000.0,520198000.0,703894000.0,,13675000.0,6272000.0,7567000.0,581000.0,,,50000.0,2099000.0,,63726000.0,150806000.0,,5043000.0,,7652000.0,9389000.0,,138000.0,-143772000.0,21128000.0,15331000.0,-61896000.0,-141889000.0,
2013-09-30,481914000.0,120284000.0,361630000.0,33113000.0,,320340000.0,41464000.0,-874000.0,41913000.0,18542000.0,34537000.0,0.43,0.42,80592000.0,82549000.0,175839000.0,147740000.0,109179000.0,14662000.0,,,,482259000.0,76836000.0,76552000.0,61745000.0,24362000.0,8630000.0,759206000.0,19157000.0,73714000.0,70397000.0,163268000.0,,,,20254000.0,183522000.0,-138332000.0,332000.0,575684000.0,759206000.0,12647000.0,21265000.0,14501000.0,5936000.0,-467000.0,,,-318000.0,8415000.0,,118864000.0,213990000.0,,6943000.0,,7652000.0,15172000.0,,2347000.0,-199989000.0,28291000.0,21849000.0,-48902000.0,-130547000.0,
2013-12-31,660206000.0,162100000.0,498106000.0,44083000.0,,403894000.0,94212000.0,,93139000.0,28844000.0,64295000.0,0.8,0.78,80551000.0,82589000.0,242953000.0,127040000.0,113250000.0,13968000.0,44232000.0,,,544676000.0,101978000.0,75743000.0,61623000.0,23739000.0,8622000.0,832147000.0,17718000.0,80345000.0,77275000.0,175338000.0,,,,22839000.0,198177000.0,-95910000.0,294000.0,633970000.0,832147000.0,,26438000.0,21204000.0,11981000.0,-1158000.0,,,-186000.0,14901000.0,,185976000.0,303917000.0,,,,7652000.0,19412000.0,,2411000.0,-210734000.0,34196000.0,27103000.0,-38171000.0,-63433000.0,
2014-03-31,180646000.0,43395000.0,137251000.0,13380000.0,,95447000.0,41804000.0,601000.0,42405000.0,9961000.0,32444000.0,0.4,0.39,81120000.0,82817000.0,182766000.0,183677000.0,126183000.0,15840000.0,,,,552177000.0,138929000.0,79093000.0,84388000.0,,8315000.0,885641000.0,18506000.0,71349000.0,81000000.0,170855000.0,,,,18033000.0,188888000.0,-63465000.0,442000.0,696753000.0,885641000.0,4776000.0,9132000.0,12769000.0,13939000.0,1870000.0,,,265000.0,3083000.0,,17993000.0,157919000.0,,10564000.0,,,4996000.0,,133000.0,-99347000.0,11946000.0,13568000.0,21061000.0,-60187000.0,
2014-06-30,373177000.0,90450000.0,282727000.0,26669000.0,,192191000.0,90536000.0,508000.0,91044000.0,23000000.0,68044000.0,0.84,0.82,81073000.0,82651000.0,167471000.0,198059000.0,131028000.0,13115000.0,,,,554512000.0,137148000.0,81312000.0,83795000.0,,8210000.0,885433000.0,20939000.0,81049000.0,85125000.0,187113000.0,,,,22524000.0,209637000.0,-67606000.0,508000.0,675796000.0,885433000.0,9130000.0,19438000.0,17496000.0,21407000.0,-855000.0,,,-9000.0,6705000.0,,87723000.0,232178000.0,,32683000.0,,0.0,9960000.0,,133000.0,-117583000.0,12622000.0,16161000.0,-45867000.0,-75482000.0,
2014-09-30,563053000.0,135272000.0,427781000.0,39523000.0,,285698000.0,142083000.0,-1999000.0,140592000.0,34301000.0,106291000.0,1.31,1.29,80924000.0,82443000.0,180676000.0,244820000.0,130047000.0,15983000.0,,,,615672000.0,136017000.0,86447000.0,82926000.0,,7513000.0,948289000.0,24517000.0,86600000.0,87443000.0,198560000.0,,,,27273000.0,225833000.0,-53135000.0,60000.0,722456000.0,948289000.0,13469000.0,29348000.0,20870000.0,24930000.0,2033000.0,,,3788000.0,9957000.0,,155294000.0,350611000.0,,72276000.0,,0.0,16957000.0,,182000.0,-171373000.0,17373000.0,18887000.0,-46918000.0,-62277000.0,
2014-12-31,761653000.0,183210000.0,578443000.0,52799000.0,,384867000.0,193576000.0,,190369000.0,44537000.0,145832000.0,1.81,1.77,80754000.0,82283000.0,199871000.0,254787000.0,129751000.0,15928000.0,40052000.0,,,657160000.0,147892000.0,90125000.0,61369000.0,,7665000.0,987997000.0,23247000.0,87880000.0,90684000.0,201811000.0,,,,2932000.0,235226000.0,-30507000.0,-140000.0,752771000.0,987997000.0,17856000.0,39823000.0,25481000.0,27229000.0,1999000.0,,,2887000.0,15767000.0,,226899000.0,437152000.0,,,,0.0,24092000.0,,183000.0,-201627000.0,18028000.0,21393000.0,-66420000.0,-43082000.0,
2015-03-31,198086000.0,46996000.0,151090000.0,13885000.0,,102166000.0,48924000.0,-1452000.0,47472000.0,11295000.0,36177000.0,0.45,0.44,80459000.0,81824000.0,189978000.0,254823000.0,138159000.0,14572000.0,29911000.0,,,657312000.0,168171000.0,99764000.0,81274000.0,,7254000.0,1028405000.0,24996000.0,81711000.0,93868000.0,200575000.0,,,,2465000.0,234871000.0,4179000.0,-106000.0,793534000.0,1028405000.0,4308000.0,11648000.0,291000.0,12233000.0,-1334000.0,,,1871000.0,6019000.0,,35645000.0,113508000.0,,5505000.0,,,15612000.0,,-46000.0,-36661000.0,4552000.0,4779000.0,-7097000.0,-9893000.0,
2015-06-30,407574000.0,97850000.0,309724000.0,29569000.0,,218475000.0,91249000.0,-1278000.0,89971000.0,22444000.0,67527000.0,0.84,0.83,80358000.0,81729000.0,161753000.0,276789000.0,146466000.0,16415000.0,29972000.0,,,657906000.0,158161000.0,108029000.0,80590000.0,,7881000.0,1028581000.0,29513000.0,91992000.0,101420000.0,222925000.0,,,,2129000.0,258780000.0,-5826000.0,-187000.0,769801000.0,1028581000.0,8638000.0,24474000.0,297000.0,22904000.0,510000.0,,,4902000.0,12733000.0,,98585000.0,195399000.0,,12518000.0,,,26172000.0,,-46000.0,-60322000.0,6036000.0,6207000.0,-74927000.0,-38118000.0,
2015-09-30,615210000.0,147910000.0,467300000.0,47348000.0,,338005000.0,129295000.0,-2846000.0,126449000.0,31306000.0,95143000.0,1.19,1.17,80173000.0,81576000.0,174040000.0,310715000.0,148395000.0,18939000.0,30090000.0,,,711733000.0,145246000.0,120738000.0,79715000.0,,7588000.0,1079562000.0,32599000.0,95914000.0,115998000.0,244511000.0,,,,1876000.0,281303000.0,-11890000.0,25000.0,798259000.0,1079562000.0,13141000.0,39135000.0,4017000.0,27123000.0,3033000.0,,,4408000.0,28182000.0,,158642000.0,306938000.0,,12518000.0,,,36663000.0,,-46000.0,-92625000.0,10559000.0,8663000.0,-88955000.0,-25831000.0,
2015-12-31,845486000.0,205376000.0,640110000.0,61237000.0,390239000.0,451476000.0,188634000.0,,186101000.0,42081000.0,144020000.0,1.8,1.77,79998000.0,81521000.0,167714000.0,359581000.0,158550000.0,19465000.0,51397000.0,,,732010000.0,151370000.0,136473000.0,61074000.0,,8202000.0,1158633000.0,34354000.0,107765000.0,129553000.0,271672000.0,,,,1523000.0,310707000.0,27391000.0,-980000.0,847926000.0,1158633000.0,18004000.0,52943000.0,-11424000.0,40775000.0,3563000.0,,,7575000.0,41854000.0,,237997000.0,447092000.0,,,,0.0,53451000.0,,-46000.0,-166361000.0,11325000.0,10396000.0,-100786000.0,-32157000.0,
2016-03-31,238720000.0,58093000.0,180627000.0,15083000.0,112210000.0,127293000.0,53334000.0,-427000.0,52907000.0,12361000.0,40546000.0,0.51,0.5,79831000.0,81320000.0,154418000.0,393660000.0,178000000.0,22618000.0,,,,783003000.0,132690000.0,148029000.0,78606000.0,,7705000.0,1207560000.0,36258000.0,92723000.0,145769000.0,274750000.0,,,,1511000.0,315530000.0,67937000.0,22000.0,892030000.0,1207560000.0,4792000.0,12524000.0,-6113000.0,20839000.0,3155000.0,,,447000.0,14748000.0,,30680000.0,143926000.0,,293000.0,,,20207000.0,,0.0,-35316000.0,5384000.0,8082000.0,-9106000.0,-13296000.0,
2016-06-30,508082000.0,122239000.0,385843000.0,33696000.0,233677000.0,267373000.0,118470000.0,-302000.0,118168000.0,27500000.0,90694000.0,1.14,1.11,79951000.0,81440000.0,167706000.0,404107000.0,192660000.0,22992000.0,,,,825407000.0,113158000.0,161685000.0,83749000.0,,7223000.0,1251273000.0,30927000.0,107505000.0,160557000.0,298989000.0,,,,1182000.0,341415000.0,87607000.0,428000.0,909858000.0,1251273000.0,9885000.0,26223000.0,-8608000.0,38433000.0,3524000.0,,,-4753000.0,29787000.0,,106847000.0,241364000.0,,24224000.0,,,39025000.0,,6031000.0,-51503000.0,7002000.0,10697000.0,-55508000.0,-8000.0,
2016-09-30,786671000.0,191626000.0,595045000.0,54111000.0,360385000.0,414496000.0,180549000.0,1463000.0,181710000.0,39172000.0,142061000.0,1.78,1.74,79977000.0,81523000.0,419948000.0,193018000.0,244992000.0,26341000.0,,,,911768000.0,62820000.0,172658000.0,82987000.0,,13474000.0,1358893000.0,33104000.0,132538000.0,177409000.0,343051000.0,,,,993000.0,386583000.0,117965000.0,-85000.0,972310000.0,1358893000.0,16786000.0,39934000.0,-17476000.0,93122000.0,6873000.0,,,-4134000.0,46482000.0,,166674000.0,283797000.0,,209302000.0,,,56368000.0,,8031000.0,142859000.0,12877000.0,13943000.0,-57619000.0,252234000.0,
2016-12-31,1079874000.0,264580000.0,815294000.0,75720000.0,,566373000.0,248921000.0,,242566000.0,51200000.0,189682000.0,2.38,2.33,79856000.0,81484000.0,389275000.0,250981000.0,247415000.0,27131000.0,67827000.0,,,952978000.0,59783000.0,175167000.0,61044000.0,,13320000.0,1396151000.0,28596000.0,134332000.0,191407000.0,354335000.0,,,,1294000.0,400762000.0,131448000.0,-938000.0,995389000.0,1396151000.0,24002000.0,54148000.0,-16401000.0,94444000.0,7663000.0,,,-3395000.0,60656000.0,,247654000.0,405612000.0,,,,,70576000.0,,8211000.0,72848000.0,13778000.0,16773000.0,-95524000.0,221561000.0,
2017-03-31,310341000.0,74716000.0,235625000.0,22804000.0,151148000.0,173952000.0,61673000.0,1645000.0,63318000.0,-7223000.0,69420000.0,0.87,0.85,79904000.0,81534000.0,261027000.0,284559000.0,267128000.0,35174000.0,,,,918167000.0,98574000.0,231692000.0,92447000.0,,14405000.0,1459293000.0,37028000.0,125631000.0,202895000.0,365554000.0,,,,2542000.0,414418000.0,196157000.0,-1382000.0,1044875000.0,1459293000.0,7867000.0,14812000.0,7789000.0,24525000.0,7923000.0,,,5522000.0,11688000.0,,47621000.0,169777000.0,,11684000.0,,8953000.0,59569000.0,,-2314000.0,-145298000.0,7288000.0,0.0,-33001000.0,-128248000.0,
2017-06-30,666823000.0,160281000.0,506542000.0,47188000.0,314112000.0,361300000.0,145242000.0,4857000.0,150099000.0,15387000.0,138599000.0,1.73,1.7,80188000.0,81668000.0,358182000.0,243786000.0,291694000.0,35133000.0,,,,1003222000.0,74619000.0,255539000.0,91308000.0,,22992000.0,1551187000.0,45953000.0,158838000.0,220005000.0,424796000.0,,,,3522000.0,472899000.0,232876000.0,-156000.0,1078288000.0,1551187000.0,16743000.0,29057000.0,6145000.0,52038000.0,8616000.0,,,4410000.0,29580000.0,,158088000.0,212226000.0,,32352000.0,,8953000.0,78045000.0,,-224000.0,-108554000.0,7521000.0,0.0,-84240000.0,-31093000.0,
2017-09-30,1052090000.0,253060000.0,799030000.0,71389000.0,483636000.0,555025000.0,244005000.0,8607000.0,252612000.0,26508000.0,221154000.0,2.76,2.71,80163000.0,81789000.0,362613000.0,316454000.0,321328000.0,36941000.0,,,,1101003000.0,58842000.0,295901000.0,90070000.0,,25400000.0,1697623000.0,45942000.0,173851000.0,241576000.0,461369000.0,,,,8921000.0,515665000.0,301117000.0,788000.0,1181958000.0,1697623000.0,26715000.0,44024000.0,-5481000.0,84437000.0,10709000.0,,,4220000.0,53198000.0,,276213000.0,356928000.0,,32291000.0,,8953000.0,126150000.0,,-397000.0,-228620000.0,13850000.0,0.0,-79036000.0,-26662000.0,
2017-12-31,1473413000.0,356466000.0,1116947000.0,97559000.0,,763336000.0,353611000.0,,364799000.0,130162000.0,231418000.0,2.89,2.83,80085000.0,81832000.0,449511000.0,272031000.0,322825000.0,31688000.0,49267000.0,,,1157003000.0,39948000.0,348793000.0,64614000.0,,38379000.0,1777856000.0,36776000.0,194198000.0,266842000.0,497816000.0,,,,15579000.0,627486000.0,263356000.0,571000.0,1150370000.0,1777856000.0,37739000.0,58854000.0,17572000.0,90990000.0,5481000.0,,,8175000.0,79662000.0,,438539000.0,390244000.0,,,,8953000.0,195695000.0,,-567000.0,-248313000.0,14461000.0,0.0,-135500000.0,60236000.0,
2018-03-31,436924000.0,109516000.0,327408000.0,29591000.0,199625000.0,229216000.0,98192000.0,177000.0,100545000.0,2902000.0,95866000.0,1.2,1.17,80036000.0,81628000.0,498003000.0,164740000.0,361459000.0,35866000.0,,,,1168776000.0,10212000.0,400528000.0,,,17233000.0,1782731000.0,41881000.0,180093000.0,296011000.0,517985000.0,6171000.0,,,17937000.0,655271000.0,267336000.0,1484000.0,1127460000.0,1782731000.0,11434000.0,15830000.0,4069000.0,36026000.0,4002000.0,,,5599000.0,28391000.0,,77332000.0,0.0,,9560000.0,,0.0,57578000.0,,-462000.0,109269000.0,8020000.0,,-139822000.0,48494000.0,
2018-06-30,927200000.0,234193000.0,692990000.0,60395000.0,411712000.0,472107000.0,220883000.0,-7099000.0,218054000.0,10605000.0,201971000.0,2.52,2.48,80216000.0,81575000.0,547993000.0,164629000.0,374371000.0,47252000.0,,,,1260999000.0,8061000.0,447933000.0,,,19302000.0,1916589000.0,48744000.0,196754000.0,321148000.0,566646000.0,7625000.0,,,15283000.0,697630000.0,373441000.0,911000.0,1218959000.0,1916589000.0,24066000.0,32720000.0,3667000.0,44266000.0,15586000.0,,,10743000.0,54983000.0,,217121000.0,78405000.0,,9560000.0,,0.0,115295000.0,,-668000.0,54003000.0,8585000.0,,-170745000.0,98456000.0,
2018-09-30,1432500000.0,367701000.0,1064771000.0,93095000.0,625585000.0,718680000.0,346091000.0,-7759000.0,344659000.0,35206000.0,302843000.0,3.78,3.71,80122000.0,81538000.0,420860000.0,184297000.0,420276000.0,48858000.0,,,,1224182000.0,8091000.0,491630000.0,,,25464000.0,1928405000.0,43065000.0,219035000.0,356109000.0,618209000.0,11739000.0,,,21558000.0,735422000.0,328432000.0,-728000.0,1192983000.0,1928405000.0,38185000.0,51918000.0,2047000.0,89843000.0,17192000.0,,,5042000.0,94059000.0,,313386000.0,150022000.0,,9560000.0,,0.0,169033000.0,,-604000.0,-24021000.0,16607000.0,,-315151000.0,-28676000.0,
2018-12-31,1966492000.0,518625000.0,1447867000.0,128899000.0,,981303000.0,466564000.0,,466651000.0,57723000.0,400235000.0,5.0,4.92,80064000.0,81357000.0,636899000.0,98460000.0,439009000.0,55641000.0,64223000.0,,,1302479000.0,9112000.0,521329000.0,64029000.0,,26987000.0,2052458000.0,64256000.0,234679000.0,393138000.0,692073000.0,17051000.0,,,29486000.0,799567000.0,378143000.0,-2774000.0,1252891000.0,2052458000.0,54727000.0,70763000.0,-15680000.0,109224000.0,24109000.0,,,25045000.0,136399000.0,,554681000.0,180191000.0,,,,0.0,223312000.0,,-765000.0,6927000.0,16635000.0,0.0,-369434000.0,187441000.0,
2019-03-31,548971000.0,146875000.0,402096000.0,37503000.0,247110000.0,314395000.0,87701000.0,-5746000.0,84588000.0,8800000.0,71848000.0,0.9,0.89,79860000.0,80687000.0,588001000.0,144540000.0,479281000.0,68489000.0,,,,1439113000.0,0.0,575267000.0,,,26186000.0,2234430000.0,62512000.0,252754000.0,433518000.0,804884000.0,19166000.0,,,21072000.0,978726000.0,402021000.0,-2281000.0,1255704000.0,2234430000.0,22678000.0,21044000.0,7586000.0,42743000.0,13280000.0,,,1470000.0,42494000.0,,117207000.0,125823000.0,,8727000.0,,,35261000.0,,2367000.0,-74418000.0,9609000.0,,-92762000.0,-48884000.0,
2019-06-30,1149668000.0,315283000.0,834385000.0,76354000.0,515058000.0,570194000.0,264191000.0,13892000.0,278435000.0,51917000.0,218990000.0,2.74,2.71,79943000.0,80665000.0,423500000.0,297422000.0,520094000.0,81124000.0,,,18968000.0,1457374000.0,44969000.0,599611000.0,,,48892000.0,2346017000.0,61950000.0,245634000.0,481462000.0,789046000.0,23902000.0,,,25967000.0,972335000.0,501275000.0,-1876000.0,1373682000.0,2346017000.0,46169000.0,43511000.0,5606000.0,89055000.0,26681000.0,,,1847000.0,95174000.0,,294561000.0,353995000.0,,14456000.0,,,80598000.0,,14502000.0,-321020000.0,9614000.0,,-188381000.0,-213373000.0,
2019-09-30,1800000000.0,485070000.0,1271939000.0,116034000.0,792572000.0,880596000.0,391343000.0,5935000.0,406854000.0,77812000.0,321514000.0,4.03,4.0,79709000.0,80397000.0,490362000.0,292011000.0,531816000.0,94795000.0,,,21052000.0,1505579000.0,0.0,606581000.0,,,44135000.0,2350380000.0,63300000.0,286132000.0,520712000.0,870144000.0,27551000.0,,,29408000.0,1044831000.0,415159000.0,-1927000.0,1305549000.0,2350380000.0,57194000.0,67687000.0,1470000.0,95566000.0,40775000.0,,,1343000.0,138072000.0,,529093000.0,588805000.0,,194677000.0,,,107157000.0,,14062000.0,-290333000.0,17907000.0,,-383163000.0,-146501000.0,
2019-12-31,2406796000.0,662899000.0,1743897000.0,157361000.0,,1201404000.0,542493000.0,,562651000.0,112347000.0,442776000.0,5.57,5.53,79424000.0,80100000.0,550425000.0,318202000.0,550291000.0,112051000.0,63917000.0,,4428000.0,1633419000.0,0.0,631730000.0,63924000.0,,39610000.0,2500702000.0,87250000.0,319958000.0,563762000.0,970970000.0,35503000.0,,,37306000.0,1154533000.0,439912000.0,-688000.0,1346169000.0,2500702000.0,78990000.0,88184000.0,307000.0,121014000.0,58269000.0,,,22099000.0,189075000.0,,747270000.0,693284000.0,,,,0.0,149707000.0,,14704000.0,-350444000.0,17907000.0,,-485540000.0,-86432000.0,
2020-03-31,551000000.0,156607000.0,394356000.0,41532000.0,282906000.0,324438000.0,69918000.0,-18549000.0,53355000.0,-1464800000.0,1518131000.0,19.32,19.21,78592000.0,79028000.0,790696000.0,0.0,533004000.0,120977000.0,,,19624000.0,1576525000.0,,663491000.0,,,29566000.0,3964840000.0,72690000.0,259459000.0,578537000.0,910686000.0,36628000.0,,,38292000.0,1111851000.0,1958043000.0,-193000.0,2852989000.0,3964840000.0,20738000.0,22927000.0,-1487154000.0,-13761000.0,10496000.0,,,-12034000.0,22892000.0,,9784000.0,5341000.0,,278817000.0,,,46085000.0,,-1760000.0,276211000.0,10662000.0,,-34733000.0,240255000.0,
2020-06-30,903300000.0,284593000.0,618684000.0,81893000.0,539873000.0,621766000.0,-73000000.0,-19515000.0,-73493000.0,-1497700000.0,1477529000.0,18.78,18.7,78769000.0,79016000.0,404359000.0,0.0,473314000.0,131276000.0,,,24957000.0,1149244000.0,,668951000.0,415536000.0,,27580000.0,4025857000.0,94987000.0,244774000.0,601831000.0,941592000.0,36142000.0,,115257000.0,73344000.0,1180812000.0,1917441000.0,9101000.0,2845045000.0,4025857000.0,44283000.0,47934000.0,-1504251000.0,-64645000.0,21398000.0,,,11918000.0,40892000.0,,69684000.0,5341000.0,42641000.0,278817000.0,,420788000.0,80502000.0,,-1760000.0,-172326000.0,10662000.0,,-36376000.0,-146190000.0,
2020-09-30,1637421000.0,484649000.0,1152772000.0,126420000.0,852365000.0,978785000.0,177069000.0,-12368000.0,184545000.0,-1452500000.0,1616900000.0,20.54,20.45,78824000.0,79163000.0,615532000.0,0.0,626046000.0,123093000.0,,,25264000.0,1473247000.0,,703657000.0,427342000.0,,32628000.0,4415091000.0,119184000.0,318471000.0,684139000.0,1121794000.0,46986000.0,,108669000.0,85639000.0,1381620000.0,2056812000.0,24911000.0,3033471000.0,4415091000.0,68769000.0,73163000.0,-1502459000.0,101888000.0,11774000.0,,,21837000.0,128585000.0,,280756000.0,5341000.0,42641000.0,278817000.0,,420788000.0,101757000.0,,-1760000.0,-186840000.0,20314000.0,,-28360000.0,64988000.0,
2020-12-31,2500000000.0,708706000.0,1763235000.0,175307000.0,1200757000.0,1376064000.0,387171000.0,-11347000.0,378949000.0,-1396939000.0,1775888000.0,22.55,22.41,78760000.0,79230000.0,960843000.0,0.0,657704000.0,139237000.0,1517140000.0,,20986000.0,1849538000.0,,734721000.0,444817000.0,130072000.0,35151000.0,4829683000.0,142132000.0,405582000.0,777887000.0,1325601000.0,62551000.0,,105748000.0,100024000.0,1595818000.0,2215800000.0,43501000.0,3233865000.0,4829683000.0,93538000.0,98427000.0,-1491577000.0,139777000.0,29110000.0,,,52206000.0,228133000.0,,662174000.0,5341000.0,42641000.0,278817000.0,0.0,420788000.0,154916000.0,,-1156000.0,-231506000.0,20314000.0,,-30808000.0,410340000.0,
2021-03-31,894800000.0,217673000.0,677098000.0,54537000.0,397115000.0,451652000.0,225446000.0,34532000.0,261621000.0,61245000.0,200376000.0,2.54,2.51,79000000.0,79798000.0,1131698000.0,,718957000.0,150643000.0,,,,2115555000.0,,763870000.0,427561000.0,120479000.0,37960000.0,5069782000.0,124298000.0,406672000.0,862872000.0,1393842000.0,74226000.0,,109668000.0,108851000.0,1676206000.0,2416176000.0,29030000.0,3393576000.0,5069782000.0,25635000.0,27241000.0,28979000.0,67423000.0,15582000.0,,,-14936000.0,106007000.0,,227187000.0,0.0,0.0,0.0,,,43431000.0,,0.0,4566000.0,13133000.0,,-53435000.0,170831000.0,
2021-06-30,1905579000.0,469943000.0,1435636000.0,112252000.0,829036000.0,941288000.0,494348000.0,34049000.0,530423000.0,130333000.0,400090000.0,5.06,5.02,79008000.0,79737000.0,1086357000.0,,808079000.0,178751000.0,,,,2231825000.0,,960852000.0,432179000.0,117721000.0,47281000.0,5395568000.0,225079000.0,495572000.0,975930000.0,1696581000.0,91379000.0,,113306000.0,127087000.0,2011158000.0,2458955000.0,29616000.0,3384410000.0,5395568000.0,51527000.0,56096000.0,39961000.0,164822000.0,49070000.0,,,-5736000.0,231408000.0,,544691000.0,0.0,0.0,0.0,,0.0,167668000.0,,4249000.0,-123920000.0,13133000.0,,-291756000.0,125504000.0,
2021-09-30,2921485000.0,730693000.0,2190792000.0,177839000.0,1257445000.0,1435284000.0,755508000.0,34476000.0,792411000.0,211400000.0,581059000.0,7.36,7.29,78971000.0,79677000.0,1237822000.0,,855037000.0,207116000.0,,,,2455307000.0,,1002769000.0,426594000.0,115794000.0,54668000.0,5650109000.0,174916000.0,545286000.0,1070113000.0,1790315000.0,108387000.0,,125986000.0,142694000.0,2133347000.0,2526705000.0,17599000.0,3516762000.0,5650109000.0,79141000.0,84498000.0,48104000.0,216081000.0,83249000.0,,,13495000.0,348430000.0,,899695000.0,0.0,0.0,0.0,,8002000.0,292002000.0,,3712000.0,-255719000.0,25623000.0,,-356759000.0,276976000.0,
2021-12-31,3952600000.0,1017229000.0,2935355000.0,250315000.0,1708640000.0,1958955000.0,976400000.0,32920000.0,1012423000.0,240403000.0,772020000.0,9.78,9.69,78917000.0,79670000.0,1099370000.0,71972000.0,897198000.0,230230000.0,1503143000.0,,125087000.0,2494075000.0,125320000.0,1081926000.0,418547000.0,109709000.0,57509000.0,5942110000.0,163886000.0,607315000.0,1152870000.0,1924071000.0,136684000.0,,118072000.0,174597000.0,2319396000.0,2619374000.0,4326000.0,3622714000.0,5942110000.0,108729000.0,114336000.0,15455000.0,262066000.0,112450000.0,,,19747000.0,462640000.0,,1172544000.0,200928000.0,498000.0,3114000.0,,8002000.0,401098000.0,,5011000.0,-563430000.0,25623000.0,,-458332000.0,138665000.0,
2022-03-31,973219000.0,263873000.0,709346000.0,71807000.0,439457000.0,511264000.0,198082000.0,-11273000.0,187486000.0,53200000.0,134298000.0,1.71,1.7,78742000.0,79193000.0,926119000.0,86749000.0,950892000.0,275669000.0,,,32329000.0,2480768000.0,107695000.0,1140922000.0,411965000.0,103499000.0,57693000.0,5943414000.0,186509000.0,465071000.0,1212067000.0,1863647000.0,146998000.0,,123476000.0,184456000.0,2276562000.0,2680270000.0,-5713000.0,3666852000.0,5943414000.0,29626000.0,31621000.0,17464000.0,55543000.0,49455000.0,,,7025000.0,68984000.0,,30498000.0,15041000.0,6095000.0,8528000.0,,,87328000.0,,2452000.0,-90198000.0,14827000.0,,-111742000.0,-173268000.0,
2022-06-30,1942800000.0,545867000.0,1396905000.0,144772000.0,865855000.0,1010627000.0,386278000.0,-26105000.0,361095000.0,114000000.0,247098000.0,3.15,3.13,78568000.0,78840000.0,877501000.0,22138000.0,931854000.0,310046000.0,,,62649000.0,2376804000.0,77551000.0,1182444000.0,390100000.0,93817000.0,52843000.0,5810119000.0,145607000.0,416459000.0,1242348000.0,1804414000.0,155510000.0,,116414000.0,191878000.0,2211038000.0,2601961000.0,-19770000.0,3599081000.0,5810119000.0,59907000.0,65761000.0,14747000.0,53462000.0,91060000.0,,,-23944000.0,136021000.0,,157543000.0,20466000.0,21690000.0,92235000.0,,,163348000.0,,2189000.0,-72078000.0,14827000.0,,-312396000.0,-221953000.0,
2022-09-30,2833120000.0,817046000.0,2016074000.0,221738000.0,1264402000.0,1486140000.0,529934000.0,-48805000.0,483736000.0,163938000.0,319798000.0,4.08,4.07,78408000.0,78652000.0,1044523000.0,46242000.0,859629000.0,320903000.0,,,46646000.0,2500580000.0,50256000.0,1199880000.0,377616000.0,91711000.0,52144000.0,5912802000.0,138918000.0,383618000.0,1286867000.0,1809403000.0,152070000.0,,127059000.0,185024000.0,2218180000.0,2674661000.0,-40745000.0,3694622000.0,5912802000.0,92096000.0,98679000.0,6765000.0,-32284000.0,108524000.0,,,-27100000.0,197854000.0,,424025000.0,20466000.0,22456000.0,93647000.0,,12304000.0,238696000.0,,2143000.0,-157506000.0,26149000.0,,-301498000.0,-55401000.0,
2022-12-31,3734635000.0,1100860000.0,2633775000.0,305258000.0,1674469000.0,1991180000.0,642595000.0,-48905000.0,599057000.0,237484000.0,361573000.0,4.62,4.61,78190000.0,78420000.0,942050000.0,57534000.0,859685000.0,338752000.0,1541880000.0,,16762000.0,2424391000.0,41978000.0,1231855000.0,407551000.0,95720000.0,55826000.0,5947947000.0,127870000.0,454374000.0,1343643000.0,1925887000.0,160662000.0,,124393000.0,195975000.0,2346589000.0,2566688000.0,-10284000.0,3601358000.0,5947947000.0,125793000.0,133367000.0,-39495000.0,-21549000.0,130097000.0,,,-36523000.0,241886000.0,,568732000.0,28002000.0,23785000.0,97316000.0,,12304000.0,291900000.0,,2211000.0,-213316000.0,26149000.0,,-501686000.0,-157784000.0,
2023-03-31,943147000.0,282493000.0,660654000.0,87447000.0,439691000.0,527138000.0,133516000.0,-1229000.0,134624000.0,46826000.0,87798000.0,1.14,1.14,76921000.0,77111000.0,832383000.0,51644000.0,884430000.0,311885000.0,,,22509000.0,2331882000.0,37379000.0,1262815000.0,414222000.0,93320000.0,54301000.0,5901448000.0,130561000.0,497248000.0,1376789000.0,2004598000.0,157341000.0,,126541000.0,191258000.0,2421399000.0,2373513000.0,1835000.0,3480049000.0,5901448000.0,35820000.0,37735000.0,-18417000.0,32734000.0,-24008000.0,,,5993000.0,27662000.0,,199895000.0,2371000.0,10870000.0,2785000.0,,,64119000.0,,-6000.0,-52829000.0,14256000.0,,-258961000.0,-109674000.0,
2023-06-30,1945320000.0,571057000.0,1374263000.0,175932000.0,892884000.0,1068816000.0,305447000.0,-5992000.0,306213000.0,106601000.0,199612000.0,2.6,2.6,76722000.0,76897000.0,951956000.0,55805000.0,908395000.0,312736000.0,,,22708000.0,2465456000.0,26023000.0,1279042000.0,414765000.0,89296000.0,138161000.0,6144550000.0,110155000.0,600163000.0,1396747000.0,2107065000.0,148277000.0,,113309000.0,181225000.0,2506249000.0,2485327000.0,11343000.0,3638301000.0,6144550000.0,71639000.0,75595000.0,-36688000.0,73680000.0,-19064000.0,,,-10351000.0,56718000.0,,451672000.0,2373000.0,17601000.0,4048000.0,,,122664000.0,,-74000.0,-178314000.0,14256000.0,,-259892000.0,9943000.0,
2023-09-30,2905534000.0,868195000.0,2037339000.0,264670000.0,1300876000.0,1565546000.0,471793000.0,-15749000.0,468324000.0,147300000.0,321039000.0,4.19,4.18,76670000.0,76849000.0,1239013000.0,44792000.0,904178000.0,296189000.0,,,34156000.0,2701804000.0,18137000.0,1268388000.0,404295000.0,82741000.0,132429000.0,6318551000.0,99693000.0,614462000.0,1408831000.0,2122986000.0,146271000.0,,116443000.0,178733000.0,2516685000.0,2606754000.0,2047000.0,3801866000.0,6318551000.0,108669000.0,115197000.0,-22749000.0,80297000.0,-31639000.0,,,-23130000.0,82894000.0,,738878000.0,2373000.0,35754000.0,5173000.0,,0.0,144302000.0,,-128000.0,-182619000.0,26595000.0,,-248059000.0,296995000.0,
2023-12-31,3862300000.0,1155397000.0,2706863000.0,346830000.0,1703379000.0,2063525000.0,643338000.0,-19392000.0,641204000.0,196151000.0,445053000.0,5.82,5.81,76426000.0,76568000.0,937438000.0,35304000.0,903424000.0,296902000.0,1559913000.0,,77335000.0,2446618000.0,8022000.0,1290863000.0,419530000.0,82118000.0,128682000.0,6083877000.0,113125000.0,525780000.0,1427706000.0,2066611000.0,138000000.0,,116744000.0,173065000.0,2453388000.0,2447174000.0,21168000.0,3630489000.0,6083877000.0,142401000.0,154026000.0,-18642000.0,104614000.0,-30169000.0,,,-7703000.0,86714000.0,,785776000.0,2910000.0,55170000.0,6234000.0,,0.0,177716000.0,,-278000.0,-195943000.0,26595000.0,,-598340000.0,-3836000.0,
2024-03-31,997431000.0,299615000.0,697816000.0,91859000.0,451822000.0,543681000.0,154135000.0,-141000.0,158386000.0,53400000.0,105028000.0,1.4,1.39,75175000.0,75322000.0,865805000.0,33101000.0,950738000.0,280076000.0,,,70492000.0,2479314000.0,3619000.0,1281709000.0,458235000.0,121424000.0,121831000.0,6155754000.0,117238000.0,496601000.0,1409202000.0,2023041000.0,115400000.0,,121314000.0,156447000.0,2395894000.0,2502675000.0,18439000.0,3759860000.0,6155754000.0,32946000.0,38788000.0,18047000.0,69589000.0,-15573000.0,,,4100000.0,-14419000.0,,28664000.0,0.0,6035000.0,831000.0,,77075000.0,9369000.0,,6000.0,-79584000.0,14339000.0,,-11716000.0,-71640000.0,
2024-06-30,2025921000.0,605477000.0,1420444000.0,184052000.0,904084000.0,1119263000.0,301181000.0,-6622000.0,302252000.0,100700000.0,201592000.0,2.68,2.68,75184000.0,75315000.0,761429000.0,20682000.0,1020135000.0,259492000.0,,,70525000.0,2412372000.0,0.0,1277826000.0,454493000.0,115705000.0,197898000.0,6158324000.0,105792000.0,555458000.0,1378867000.0,2040117000.0,117582000.0,,103783000.0,158215000.0,2400416000.0,2456562000.0,25041000.0,3757908000.0,6158324000.0,69112000.0,85816000.0,9506000.0,146932000.0,-31396000.0,,,-6398000.0,-27932000.0,,188491000.0,0.0,15560000.0,7518000.0,,77075000.0,62819000.0,,-129000.0,-192077000.0,14339000.0,,-163275000.0,-176057000.0,
2024-09-30,3003800000.0,901575000.0,2102218000.0,269324000.0,1338222000.0,1638739000.0,463479000.0,-6993000.0,468182000.0,150627000.0,317555000.0,4.23,4.23,75031000.0,75149000.0,1041935000.0,0.0,1010601000.0,254119000.0,,,68844000.0,2597387000.0,0.0,1290427000.0,471512000.0,115905000.0,199714000.0,6365974000.0,109035000.0,574556000.0,1380022000.0,2063613000.0,108676000.0,,111558000.0,150014000.0,2421620000.0,2572525000.0,35913000.0,3944354000.0,6365974000.0,106905000.0,134855000.0,17465000.0,135239000.0,-32304000.0,,,-13283000.0,-60207000.0,,452153000.0,0.0,25660000.0,18193000.0,,77075000.0,92619000.0,,-235000.0,-200996000.0,25281000.0,,-152703000.0,104462000.0,
,,,,,,,,,,,,,,,,,,,,,,,,,,,,,,,,,,,,,,,,,,,,,,,,,,,,,,,,,,,,,,,,,,,
,,,,,,,,,,,,,,,,,,,,,,,,,,,,,,,,,,,,,,,,,,,,,,,,,,,,,,,,,,,,,,,,,,,
