Date,Net sales,Cost of sales,Gross margin,Research and development,"Selling, general and administrative",Total operating expenses,Operating income,"Other income/(expense), net",Income before provision for income taxes,Provision for income taxes,Net income,Earnings per share basic,Earnings per share diluted,Weighted-average basic,Weighted-average diluted,Cash and cash equivalents,Short-term marketable securities,"Accounts receivable, net",Inventories,Deferred tax assets,Vendor non-trade receivables,Other current assets,Total current assets,Long-term marketable securities,"Property, Plant and Equipment, Net",Goodwill,"Acquired intangible assets, net","Other Assets, Noncurrent",Total assets,accounts payable,Accrued expenses,Deferred revenue,Total current liabilities,Deferred revenue - non-current,deferred tax liabilities,long term taxes payable,Total other non-current liabilities,Total liabilities,Retained Earnings (Accumulated Deficit),Accumulated other comprehensive (loss)/income,Total shareholders equity,Total liabilities and shareholders' equity,"Depreciation, amortization and accretion",Stock-based compensation expense,Deferred income tax expense,"Increase (Decrease) in Accounts receivable, net",Increase (Decrease) in Inventories,Increase (Decrease) in Other Receivables,Increase (Decrease) in Other Operating Assets,Increase (Decrease) in Accounts Payable,Increase (Decrease) in Deferred Revenue,Increase (Decrease) Other liabilities,Cash generated by operating activities,Purchases of marketable securities,Proceeds from maturities of marketable securities,Proceeds from sales of marketable securities,Purchases of other long-term investments,"Business acquisitions, net of cash acquired",Cash payments for capital asset purchases,Payments for acquisition of intangible assets,Payments for (Proceeds from) Other Investing Activities,Cash used in investing activities,Proceeds from issuance of common stock,Excess tax benefits from stock-based compensation,Cash generated/used in financing activities,Increase/(decrease) in cash and cash equivalents,"Cash paid for income taxes, net"
2009-12-31,32013000000.0,,,,,,,,,394000000.0,,1.58,1.58,539600000.0,540900000.0,,,,,1870000000.0,,,,,990000000.0,875000000.0,,,132652000000.0,,,,,,,,,115931000000.0,31492000000.0,-2106000000.0,16692000000.0,132652000000.0,-91000000.0,,,,,,,,,,4301000000.0,29573000000.0,5556000000.0,21359000000.0,64000000.0,,189000000.0,,340000000.0,3440000000.0,,-5000000.0,-7544000000.0,,
2010-03-31,7749000000.0,,,,,,,,,-13000000.0,,0.22,0.22,540500000.0,541800000.0,,,,,1440000000.0,,,,,954000000.0,874000000.0,,,132386000000.0,,,,,,,,,114798000000.0,31514000000.0,-1289000000.0,17560000000.0,132386000000.0,16000000.0,,,,,,,,,,964000000.0,7099000000.0,1122000000.0,4930000000.0,43000000.0,,24000000.0,,49000000.0,963000000.0,,-2000000.0,-1835000000.0,,
2010-09-30,23313000000.0,,,,,,,,,131000000.0,,1.17,1.16,540900000.0,543000000.0,,,,,670000000.0,,,,,922000000.0,874000000.0,,,132534000000.0,,,,,,,,,113232000000.0,31781000000.0,119000000.0,19274000000.0,132534000000.0,55000000.0,,,,,,,,,,3023000000.0,20712000000.0,3672000000.0,17345000000.0,99000000.0,,114000000.0,,464000000.0,1671000000.0,,-7000000.0,-4806000000.0,,
2010-12-31,31400000000.0,,,,,,,,,198000000.0,,1.72,1.71,540300000.0,542500000.0,,,,,784000000.0,,,,,921000000.0,874000000.0,,,130874000000.0,,,,,,,,,111830000000.0,31969000000.0,-184000000.0,19016000000.0,130874000000.0,94000000.0,,65000000.0,,,,,,,,3689000000.0,25745000000.0,5147000000.0,22881000000.0,181000000.0,,162000000.0,,519000000.0,2332000000.0,,-7000000.0,-6071000000.0,,
2011-03-31,8095000000.0,,,,,,,,,215000000.0,,0.98,0.97,531000000.0,533600000.0,,,,,612000000.0,,,,,912000000.0,874000000.0,,,130425000000.0,,,,,,,,,111084000000.0,32377000000.0,-15000000.0,19312000000.0,130425000000.0,31000000.0,,,,,,,,,,726000000.0,10207000000.0,1201000000.0,8363000000.0,58000000.0,,48000000.0,,119000000.0,1285000000.0,,-3000000.0,-1932000000.0,,
2011-06-30,16176000000.0,,,,,,,,,-409000000.0,,-1.19,-1.19,528200000.0,528200000.0,,,,,525000000.0,,,,,914000000.0,874000000.0,,,129023000000.0,,,,,,,,,110230000000.0,31647000000.0,373000000.0,18764000000.0,129023000000.0,89000000.0,,,,,,,,,,1260000000.0,13934000000.0,2385000000.0,14140000000.0,146000000.0,,106000000.0,,170000000.0,3015000000.0,,-3000000.0,-4144000000.0,,
2011-09-30,24418000000.0,,,,,,,,,-156000000.0,,0.32,0.32,520400000.0,522900000.0,,,,,792000000.0,,,,,908000000.0,874000000.0,,,126959000000.0,,,,,,,,,108830000000.0,31704000000.0,-54000000.0,18100000000.0,126959000000.0,149000000.0,,,,,,,,,,1671000000.0,21900000000.0,3864000000.0,23916000000.0,199000000.0,,160000000.0,,357000000.0,4805000000.0,,-4000000.0,-6012000000.0,,
2011-12-31,32654000000.0,,,,,,,,,172000000.0,788000000.0,1.51,1.51,520700000.0,523100000.0,,,,,520000000.0,,,,,914000000.0,1242000000.0,,,125563000000.0,,,,,,,,,106861000000.0,32321000000.0,-7000000.0,18674000000.0,125563000000.0,252000000.0,,158000000.0,,,,,,,,1929000000.0,27896000000.0,4951000000.0,29436000000.0,204000000.0,,246000000.0,,415000000.0,6161000000.0,,-5000000.0,-7876000000.0,,
2012-03-31,8362000000.0,,,,,,,,,346000000.0,766000000.0,1.54,1.53,498700000.0,501500000.0,,,,,201000000.0,,,,,912000000.0,1242000000.0,,,125933000000.0,,,,,,,,,106723000000.0,32565000000.0,532000000.0,19182000000.0,125933000000.0,96000000.0,,,,,,,,,,807000000.0,7008000000.0,966000000.0,5689000000.0,163000000.0,,51000000.0,,9000000.0,79000000.0,,-1000000.0,-1085000000.0,,
2012-06-30,16640000000.0,,,,,,,,,525000000.0,1189000000.0,2.4,2.39,494900000.0,497900000.0,,,,,,,,,,909000000.0,1242000000.0,,,125535000000.0,,,,,,,,,106060000000.0,32880000000.0,745000000.0,19475000000.0,125535000000.0,201000000.0,,,,,,,,,,1774000000.0,12345000000.0,2141000000.0,9918000000.0,243000000.0,,116000000.0,,57000000.0,352000000.0,,4000000.0,-2331000000.0,,
2012-09-30,24768000000.0,,,,,,,,,850000000.0,1912000000.0,3.89,3.86,491500000.0,494700000.0,,,,,,,,,,928000000.0,1242000000.0,,,126988000000.0,,,,,,,,,106151000000.0,33496000000.0,1587000000.0,20837000000.0,126988000000.0,293000000.0,,,,,,,,,,2618000000.0,16809000000.0,3892000000.0,13952000000.0,275000000.0,,176000000.0,,6000000.0,497000000.0,,7000000.0,-3249000000.0,,
2012-12-31,33315000000.0,,,,,,,,,1000000000.0,2306000000.0,4.71,4.68,489400000.0,493000000.0,,,,,-597000000.0,,,,,989000000.0,1240000000.0,,,126947000000.0,,,,,,,,,106367000000.0,33783000000.0,1175000000.0,20580000000.0,126947000000.0,388000000.0,,705000000.0,,,,,,,,3054000000.0,22658000000.0,5417000000.0,18872000000.0,665000000.0,,285000000.0,,-58000000.0,1581000000.0,,10000000.0,-4605000000.0,,
2013-03-31,8463000000.0,,,,,,,,,321000000.0,709000000.0,1.49,1.47,475400000.0,480800000.0,,,,,-782000000.0,,,,,998000000.0,1239000000.0,,,126612000000.0,,,,,,,,,105993000000.0,34375000000.0,1279000000.0,20619000000.0,126612000000.0,87000000.0,,,,,,,,,,740000000.0,6084000000.0,1745000000.0,5474000000.0,196000000.0,,60000000.0,,-34000000.0,136000000.0,,23000000.0,-862000000.0,,
2013-06-30,17250000000.0,,,,,,,,,501000000.0,1143000000.0,2.42,2.39,471900000.0,477300000.0,,,,,-250000000.0,,,,,971000000.0,1239000000.0,,,121480000000.0,,,,,,,,,101611000000.0,34691000000.0,50000000.0,19869000000.0,121480000000.0,180000000.0,,,,,,,,,,1553000000.0,10637000000.0,3658000000.0,10461000000.0,538000000.0,,43000000.0,,-91000000.0,2652000000.0,,29000000.0,-4377000000.0,,
2013-09-30,25715000000.0,,,,,,,,,694000000.0,1459000000.0,3.1,3.07,468200000.0,473800000.0,,,,,-440000000.0,,,,,993000000.0,1243000000.0,,,122285000000.0,,,,,,,,,101505000000.0,34885000000.0,810000000.0,20780000000.0,122285000000.0,246000000.0,,,,,,,,,,3071000000.0,16645000000.0,4879000000.0,15354000000.0,880000000.0,,116000000.0,,-92000000.0,2233000000.0,,33000000.0,-5028000000.0,,
2013-12-31,34507000000.0,,,,,,,,,1116000000.0,2280000000.0,4.87,4.81,464400000.0,470300000.0,,,,,-635000000.0,,,,,1024000000.0,1243000000.0,,,123520000000.0,,,,,,,,,102040000000.0,35580000000.0,1046000000.0,21480000000.0,123520000000.0,368000000.0,,247000000.0,,,,,,,,4242000000.0,24087000000.0,5908000000.0,21243000000.0,1084000000.0,,207000000.0,,-97000000.0,1580000000.0,,38000000.0,-5953000000.0,,
2014-03-31,8684000000.0,,,,,,,,,249000000.0,600000000.0,1.31,1.3,446400000.0,452800000.0,,,,,-886000000.0,,,,,1024000000.0,1243000000.0,,,124291000000.0,,,,,,,,,102186000000.0,36041000000.0,1486000000.0,22105000000.0,124291000000.0,98000000.0,,,,,,,,,,474000000.0,6252000000.0,849000000.0,6483000000.0,243000000.0,,55000000.0,,-36000000.0,1376000000.0,,13000000.0,-1113000000.0,,
2014-06-30,17544000000.0,,,,,,,,,559000000.0,1245000000.0,2.73,2.69,440400000.0,446800000.0,,,,,-1146000000.0,,,,,990000000.0,1219000000.0,,,110233000000.0,,,,,,,,,87361000000.0,36532000000.0,1566000000.0,22872000000.0,110233000000.0,189000000.0,,,,,,,,,,1201000000.0,15802000000.0,1730000000.0,14205000000.0,395000000.0,,124000000.0,,-49000000.0,1021000000.0,,18000000.0,-2008000000.0,,
2014-09-30,26480000000.0,,,,,,,,,968000000.0,2026000000.0,4.49,4.42,435000000.0,441600000.0,,,,,-1076000000.0,,,,,1012000000.0,1219000000.0,,,108310000000.0,,,,,,,,,85981000000.0,37164000000.0,1238000000.0,22329000000.0,108310000000.0,277000000.0,,,,,,,,,,2565000000.0,30650000000.0,2787000000.0,27648000000.0,652000000.0,,207000000.0,,-58000000.0,1984000000.0,,22000000.0,-4339000000.0,,
2014-12-31,35239000000.0,,,,,,,,,1386000000.0,2850000000.0,6.37,6.27,431400000.0,438200000.0,,,,,-715000000.0,,,,,1031000000.0,1219000000.0,,,108533000000.0,,,,,,,,,86229000000.0,37842000000.0,561000000.0,22304000000.0,108533000000.0,366000000.0,,263000000.0,,,,,,,,3236000000.0,38759000000.0,3736000000.0,34609000000.0,972000000.0,,288000000.0,,-46000000.0,1621000000.0,,41000000.0,-4875000000.0,,
2015-03-31,8952000000.0,,,,,,,,,404000000.0,677000000.0,1.56,1.53,415800000.0,422600000.0,,,,,,,,,,1026000000.0,1219000000.0,,,108064000000.0,,,,,,,,,85885000000.0,38363000000.0,774000000.0,22179000000.0,108064000000.0,87000000.0,,,,,,,,,,566000000.0,9210000000.0,1213000000.0,9453000000.0,193000000.0,,59000000.0,,-2000000.0,1073000000.0,,26000000.0,-1380000000.0,,
2015-06-30,17934000000.0,,,,,,,,,575000000.0,1032000000.0,2.37,2.33,411400000.0,417600000.0,,,,,,,,,,1038000000.0,1219000000.0,,,107117000000.0,,,,,,,,,85819000000.0,38567000000.0,67000000.0,21298000000.0,107117000000.0,179000000.0,,,,,,,,,,1303000000.0,16482000000.0,2243000000.0,16012000000.0,518000000.0,,133000000.0,,16000000.0,1054000000.0,,43000000.0,-2209000000.0,,
2015-09-30,26962000000.0,,,,,,,,,880000000.0,1682000000.0,3.92,3.87,406500000.0,412400000.0,,,,,,,,,,1050000000.0,1219000000.0,,,105849000000.0,,,,,,,,,85345000000.0,39068000000.0,-462000000.0,20504000000.0,105849000000.0,275000000.0,,,,,,,,,,2686000000.0,22928000000.0,3248000000.0,22796000000.0,743000000.0,,219000000.0,,16000000.0,1095000000.0,,44000000.0,-3533000000.0,,
2015-12-31,35653000000.0,,,,,,,,,1111000000.0,2171000000.0,5.12,5.05,401100000.0,406800000.0,,,,,,,,,,1024000000.0,1219000000.0,,,104656000000.0,,,,,,,,,84631000000.0,39413000000.0,-755000000.0,20025000000.0,104656000000.0,371000000.0,,78000000.0,,,,,,,,3616000000.0,30758000000.0,4432000000.0,28693000000.0,902000000.0,,303000000.0,,52000000.0,742000000.0,,45000000.0,-4520000000.0,,
2016-03-31,8871000000.0,,,,,,,,,109000000.0,246000000.0,0.57,0.57,378100000.0,382900000.0,,,,,,,,,,1011000000.0,1219000000.0,,,105947000000.0,,,,,,,,,85607000000.0,39505000000.0,-150000000.0,20340000000.0,105947000000.0,91000000.0,,,,,,,,,,714000000.0,5401000000.0,949000000.0,6216000000.0,253000000.0,,52000000.0,,19000000.0,96000000.0,,12000000.0,-774000000.0,,
2016-06-30,18035000000.0,,,,,,,,,214000000.0,517000000.0,1.22,1.21,375800000.0,380500000.0,,,,,,,,,,1011000000.0,1219000000.0,,,107284000000.0,,,,,,,,,86731000000.0,39623000000.0,295000000.0,20553000000.0,107284000000.0,188000000.0,,,,,,,,,,1358000000.0,12947000000.0,2138000000.0,12589000000.0,449000000.0,,120000000.0,,39000000.0,176000000.0,,20000000.0,-1583000000.0,,
2016-09-30,27256000000.0,,,,,,,,,459000000.0,1037000000.0,2.54,2.51,374400000.0,378900000.0,,,,,,,,,,1013000000.0,1219000000.0,,,108537000000.0,,,,,,,,,87603000000.0,39990000000.0,502000000.0,20934000000.0,108537000000.0,285000000.0,,,,,,,,,,2742000000.0,22282000000.0,3430000000.0,19132000000.0,674000000.0,,190000000.0,,60000000.0,-658000000.0,,25000000.0,-2190000000.0,,
2016-12-31,36534000000.0,,,,,,,,,877000000.0,1877000000.0,4.72,4.67,372800000.0,377300000.0,,,,,,,,,,1065000000.0,1219000000.0,,,108610000000.0,,,,,,,,,88037000000.0,40678000000.0,-416000000.0,20573000000.0,108610000000.0,382000000.0,,223000000.0,,,,,,,,3993000000.0,27990000000.0,4533000000.0,25061000000.0,885000000.0,,313000000.0,,51000000.0,-2526000000.0,,32000000.0,-1526000000.0,,
2017-03-31,9434000000.0,,,,,,,,,317000000.0,695000000.0,1.82,1.79,365700000.0,371300000.0,,,,,,,,,,1067000000.0,2295000000.0,,,110243000000.0,,,,,,,,,89085000000.0,41208000000.0,-197000000.0,21158000000.0,110243000000.0,119000000.0,,,,,,,,,,857000000.0,8800000000.0,1029000000.0,7083000000.0,219000000.0,,74000000.0,,10000000.0,-280000000.0,,0.0,-571000000.0,,
2017-06-30,19021000000.0,,,,,,,,,589000000.0,1274000000.0,3.34,3.29,364600000.0,370100000.0,,,,,,,,,,1072000000.0,2309000000.0,,,110865000000.0,,,,,,,,,89364000000.0,41622000000.0,102000000.0,21501000000.0,110865000000.0,238000000.0,,,,,,,,,,1348000000.0,17214000000.0,2063000000.0,14521000000.0,532000000.0,,146000000.0,,-107000000.0,57000000.0,,0.0,-1359000000.0,,
2017-09-30,28681000000.0,,,,,,,,,894000000.0,1940000000.0,5.1,5.02,363500000.0,369100000.0,,,,,,,,,,1067000000.0,2309000000.0,,,113632000000.0,,,,,,,,,91513000000.0,42125000000.0,328000000.0,22119000000.0,113632000000.0,358000000.0,,,,,,,,,,3214000000.0,23935000000.0,3038000000.0,19508000000.0,700000000.0,,216000000.0,,28000000.0,-1070000000.0,,0.0,-1890000000.0,,
2017-12-31,38524000000.0,,,,,,,,,802000000.0,3189000000.0,8.49,8.36,362000000.0,367800000.0,,,,,,,,,,1072000000.0,2181000000.0,,,112422000000.0,,,,,,,,,89871000000.0,43162000000.0,306000000.0,22551000000.0,112422000000.0,483000000.0,,-216000000.0,,,,,,,,4314000000.0,31145000000.0,4194000000.0,25341000000.0,999000000.0,,299000000.0,,30000000.0,-1210000000.0,,0.0,-2923000000.0,,
2018-03-31,9770000000.0,,,,,,,,,249000000.0,975000000.0,2.67,2.63,354100000.0,359900000.0,,,,,,,,,,1060000000.0,2189000000.0,,,113289000000.0,,,,,,,,,90012000000.0,45031000000.0,-1150000000.0,23277000000.0,113289000000.0,122000000.0,,,,,,,,,,626000000.0,9789000000.0,583000000.0,10619000000.0,330000000.0,,62000000.0,,27000000.0,-1251000000.0,,,458000000.0,,
2018-06-30,19869000000.0,,,,,,,,,418000000.0,1651000000.0,4.5,4.43,351600000.0,357200000.0,,,,,,,,,,1040000000.0,2189000000.0,,,113369000000.0,,,,,,,,,90247000000.0,45508000000.0,-1268000000.0,23122000000.0,113369000000.0,248000000.0,,,,,,,,,,2090000000.0,20401000000.0,1442000000.0,19515000000.0,535000000.0,,128000000.0,,35000000.0,-1311000000.0,,,-907000000.0,,
2018-09-30,30334000000.0,,,,,,,,,587000000.0,2521000000.0,6.91,6.8,349700000.0,355400000.0,,,,,,,,,,1032000000.0,2189000000.0,,,114490000000.0,,,,,,,,,90857000000.0,46178000000.0,-1284000000.0,23633000000.0,114490000000.0,376000000.0,,,,,,,,,,3818000000.0,29049000000.0,2388000000.0,26223000000.0,686000000.0,,195000000.0,,28000000.0,-2456000000.0,,,-1519000000.0,,
2018-12-31,39815000000.0,,,,,,,,,492000000.0,2252000000.0,6.05,5.96,347800000.0,353200000.0,,,,,,,,,,1045000000.0,2530000000.0,,,112249000000.0,,,,,,,,,90937000000.0,45708000000.0,-1557000000.0,21312000000.0,112249000000.0,511000000.0,,-212000000.0,,,,,,,,5175000000.0,36960000000.0,3466000000.0,33183000000.0,864000000.0,,277000000.0,,98000000.0,-1719000000.0,,0.0,-3574000000.0,,
2019-03-31,10990000000.0,,,,,,,,,328000000.0,1292000000.0,3.79,3.74,332600000.0,337500000.0,,,,,,,,,,1047000000.0,2547000000.0,,,115834000000.0,,,,,,,,,92416000000.0,45148000000.0,1085000000.0,23418000000.0,115834000000.0,157000000.0,,,,,,,,,,714000000.0,9056000000.0,628000000.0,9034000000.0,89000000.0,,80000000.0,,-47000000.0,-263000000.0,,,-399000000.0,52000000.0,
2019-06-30,22134000000.0,,,,,,,,,555000000.0,2143000000.0,6.27,6.17,332300000.0,337200000.0,,,,,,,,,,1058000000.0,2547000000.0,,,118374000000.0,,,,,,,,,93898000000.0,45803000000.0,1760000000.0,24476000000.0,118374000000.0,317000000.0,,,,,,,,,,2062000000.0,17436000000.0,1243000000.0,17811000000.0,394000000.0,,173000000.0,,-66000000.0,-1142000000.0,,,-820000000.0,100000000.0,
2019-09-30,33203000000.0,,,,,,,,,784000000.0,3074000000.0,8.98,8.85,330800000.0,335700000.0,,,,,,,,,,1092000000.0,2545000000.0,,,121073000000.0,,,,,,,,,94933000000.0,46527000000.0,2107000000.0,26140000000.0,121073000000.0,476000000.0,,,,,,,,,,3895000000.0,23536000000.0,1847000000.0,23075000000.0,548000000.0,,293000000.0,,-66000000.0,-3235000000.0,,,-572000000.0,88000000.0,
2019-12-31,44675000000.0,,,,,,,,,1242000000.0,4847000000.0,14.25,14.03,328200000.0,333500000.0,,,,,,,,,,1145000000.0,2545000000.0,,,119950000000.0,,,,,,,,,93952000000.0,48074000000.0,1950000000.0,25998000000.0,119950000000.0,647000000.0,,251000000.0,,,,,,,,5129000000.0,31317000000.0,2570000000.0,29849000000.0,666000000.0,,433000000.0,,-42000000.0,-2807000000.0,,,-2483000000.0,-161000000.0,
2020-03-31,10076000000.0,,,,,,,,,112000000.0,549000000.0,1.62,1.59,317400000.0,322400000.0,,,,,,,,,,1123000000.0,2544000000.0,,,116107000000.0,,,,,,,,,91934000000.0,48326000000.0,558000000.0,24173000000.0,116107000000.0,155000000.0,,,,,,,,,,1027000000.0,14667000000.0,555000000.0,12114000000.0,129000000.0,,65000000.0,,-37000000.0,68000000.0,,,-1095000000.0,0.0,
2020-06-30,21273000000.0,,,,,,,,,408000000.0,1799000000.0,5.5,5.43,315600000.0,319800000.0,,,,,,,,,,1100000000.0,2544000000.0,,,121266000000.0,,,,,,,,,94280000000.0,49380000000.0,2628000000.0,26986000000.0,121266000000.0,318000000.0,,,,,,,,,,2876000000.0,24214000000.0,1054000000.0,19952000000.0,199000000.0,,166000000.0,,,-958000000.0,,,-1709000000.0,209000000.0,
2020-09-30,32773000000.0,,,,,,,,,697000000.0,2952000000.0,9.11,9.01,314100000.0,317900000.0,,,,,,,,,,1076000000.0,2544000000.0,,,122750000000.0,,,,,,,,,95487000000.0,50336000000.0,2833000000.0,27263000000.0,122750000000.0,500000000.0,,,,,,,,,,4172000000.0,31743000000.0,1676000000.0,25567000000.0,299000000.0,,235000000.0,,,-1243000000.0,,,-2897000000.0,32000000.0,
2020-12-31,44791000000.0,,,,,,,,,1383000000.0,5576000000.0,17.53,17.31,311600000.0,315500000.0,,,,,,,,,,1057000000.0,2544000000.0,,,125987000000.0,,,,,,,,,95770000000.0,52767000000.0,3304000000.0,30217000000.0,125987000000.0,686000000.0,,-116000000.0,,,,,,,,5491000000.0,38121000000.0,2235000000.0,31950000000.0,371000000.0,,308000000.0,,,-3441000000.0,,,-2011000000.0,39000000.0,
2021-03-31,12451000000.0,,,,,,,,,626000000.0,-1381000000.0,-4.65,-4.6,302500000.0,306400000.0,,,,,,,,,,1002000000.0,3350000000.0,,,129811000000.0,,,,,,,,,103019000000.0,51107000000.0,1823000000.0,26819000000.0,129811000000.0,260000000.0,,,,,,,,,,1388000000.0,7968000000.0,737000000.0,10290000000.0,603000000.0,,61000000.0,,,513000000.0,,,-1480000000.0,421000000.0,
2021-06-30,25097000000.0,,,,,,,,,988000000.0,1625000000.0,5.34,5.26,300600000.0,304900000.0,,,,,,,,,,1026000000.0,3349000000.0,,,132643000000.0,,,,,,,,,104451000000.0,52464000000.0,2290000000.0,28207000000.0,132643000000.0,571000000.0,,,,,,,,,,2916000000.0,16733000000.0,1390000000.0,16493000000.0,1251000000.0,,197000000.0,,-4000000.0,-157000000.0,,,-2322000000.0,437000000.0,
2021-09-30,37577000000.0,,,,,,,,,1008000000.0,782000000.0,2.33,2.3,298100000.0,302600000.0,,,,,,,,,,965000000.0,3389000000.0,,,133440000000.0,,,,,,,,,106733000000.0,52736000000.0,1918000000.0,26729000000.0,133440000000.0,818000000.0,,,,,,,,,,4245000000.0,22682000000.0,1965000000.0,22610000000.0,1470000000.0,,286000000.0,,-4000000.0,289000000.0,,,-4065000000.0,469000000.0,
2021-12-31,50588000000.0,,,,,,,,,1289000000.0,1599000000.0,5.04,4.96,294800000.0,299100000.0,,,,,1247000000.0,,,,,939000000.0,3502000000.0,,,99440000000.0,,,,,,,,,74313000000.0,53294000000.0,655000000.0,25179000000.0,99440000000.0,1086000000.0,,448000000.0,,,,,,,,5116000000.0,33857000000.0,2284000000.0,31774000000.0,1647000000.0,,345000000.0,,,510000000.0,,,-5240000000.0,386000000.0,
2022-03-31,12337000000.0,,,,,,,,,151000000.0,656000000.0,2.27,2.24,278100000.0,281800000.0,,,,,,,,,,966000000.0,3497000000.0,,,97150000000.0,,,,,,,,,74012000000.0,53688000000.0,-953000000.0,23212000000.0,97150000000.0,236000000.0,,,,,,,,,,432000000.0,13220000000.0,104000000.0,12400000000.0,186000000.0,,130000000.0,,,981000000.0,,,-1046000000.0,367000000.0,
2022-06-30,24557000000.0,,,,,,,,,-291000000.0,-1015000000.0,-3.81,-3.81,275900000.0,275900000.0,,,,,,,,,,975000000.0,3496000000.0,,,96350000000.0,,,,,,,,,76326000000.0,52412000000.0,-2158000000.0,20115000000.0,96350000000.0,452000000.0,,,,,,,,,,2105000000.0,22907000000.0,259000000.0,19928000000.0,232000000.0,,228000000.0,,0.0,-138000000.0,,,-1964000000.0,3000000.0,
2022-09-30,37765000000.0,,,,,,,,,-377000000.0,-1027000000.0,-4.04,-4.04,273500000.0,273500000.0,,,,,,,,,,1008000000.0,3502000000.0,,,97676000000.0,,,,,,,,,80115000000.0,51490000000.0,-3043000000.0,17673000000.0,97676000000.0,646000000.0,,,,,,,,,,4151000000.0,30103000000.0,526000000.0,25577000000.0,269000000.0,,352000000.0,,0.0,-1281000000.0,,,-2847000000.0,23000000.0,
2022-12-31,51412000000.0,,,,,,,,,-494000000.0,-1311000000.0,-5.22,-5.22,271200000.0,271200000.0,,,,,386000000.0,,,,,987000000.0,3502000000.0,,,97957000000.0,,,,,,,,,80607000000.0,50954000000.0,-2389000000.0,17475000000.0,97957000000.0,847000000.0,,-458000000.0,,,,,,,,5121000000.0,36920000000.0,728000000.0,31494000000.0,295000000.0,,420000000.0,,,-1728000000.0,,,-3420000000.0,-27000000.0,
2023-03-31,13786000000.0,,,,,,,,,-85000000.0,-320000000.0,-1.31,-1.31,263500000.0,263500000.0,,,,,,,,,,971000000.0,3502000000.0,,,99631000000.0,,,,,,,,,82258000000.0,50388000000.0,-1673000000.0,17494000000.0,99631000000.0,177000000.0,,,,,,,,,,601000000.0,8424000000.0,646000000.0,7008000000.0,73000000.0,,79000000.0,,,-796000000.0,,,121000000.0,-74000000.0,
2023-06-30,27765000000.0,,,,,,,,,-458000000.0,-1672000000.0,-6.59,-6.59,263100000.0,263100000.0,,,,,,,,,,945000000.0,3502000000.0,,,100514000000.0,,,,,,,,,85142000000.0,48766000000.0,-1914000000.0,15517000000.0,100514000000.0,363000000.0,,,,,,,,,,1770000000.0,15875000000.0,992000000.0,12454000000.0,140000000.0,,141000000.0,,,-1049000000.0,,,-758000000.0,-37000000.0,
2023-09-30,42262000000.0,,,,,,,,,-475000000.0,-1677000000.0,-6.76,-6.76,262600000.0,262600000.0,,,,,,,,,,909000000.0,3502000000.0,,,101176000000.0,,,,,,,,,86729000000.0,48491000000.0,-2570000000.0,14593000000.0,101176000000.0,539000000.0,,,,,,,,,,3003000000.0,23708000000.0,1384000000.0,17443000000.0,234000000.0,,196000000.0,,,-1894000000.0,,,-985000000.0,124000000.0,
2023-12-31,57094000000.0,,,,,,,,,-135000000.0,-188000000.0,-1.2,-1.2,262500000.0,262500000.0,,,,,219000000.0,,,,,859000000.0,3502000000.0,,,103362000000.0,,,,,,,,,85732000000.0,49716000000.0,-700000000.0,17770000000.0,103362000000.0,704000000.0,,-249000000.0,,,,,,,,4228000000.0,29431000000.0,1641000000.0,22973000000.0,292000000.0,,267000000.0,,,-2999000000.0,,,-1243000000.0,-14000000.0,
2024-03-31,15259000000.0,,,,,,,,,266000000.0,1218000000.0,4.51,4.46,263500000.0,266500000.0,,,,,,,,,,802000000.0,3502000000.0,,,105241000000.0,,,,,,,,,86761000000.0,50662000000.0,-883000000.0,18639000000.0,105241000000.0,132000000.0,,,,,,,,,,1666000000.0,9592000000.0,538000000.0,6719000000.0,40000000.0,,41000000.0,,,-1372000000.0,,,-166000000.0,128000000.0,
2024-06-30,30973000000.0,,,,,,,,,349000000.0,1549000000.0,5.65,5.58,264100000.0,267100000.0,,,,,,,,,,777000000.0,3502000000.0,,,108368000000.0,,,,,,,,,89795000000.0,50718000000.0,-1026000000.0,18593000000.0,108368000000.0,264000000.0,,,,,,,,,,4025000000.0,20376000000.0,1002000000.0,15463000000.0,59000000.0,,97000000.0,,,-3896000000.0,,,-252000000.0,-123000000.0,
2024-09-30,47600000000.0,,,,,,,,,603000000.0,2739000000.0,10.04,9.91,264600000.0,268000000.0,,,,,,,,,,714000000.0,3206000000.0,,,113743000000.0,,,,,,,,,92905000000.0,51635000000.0,251000000.0,20877000000.0,113743000000.0,404000000.0,,,,,,,,,,7226000000.0,33023000000.0,1260000000.0,26841000000.0,125000000.0,,160000000.0,,,-6581000000.0,,,-437000000.0,208000000.0,
,,,,,,,,,,,,,,,,,,,,,,,,,,,,,,,,,,,,,,,,,,,,,,,,,,,,,,,,,,,,,,,,,,,
