Date,Net sales,Cost of sales,Gross margin,Research and development,"Selling, general and administrative",Total operating expenses,Operating income,"Other income/(expense), net",Income before provision for income taxes,Provision for income taxes,Net income,Earnings per share basic,Earnings per share diluted,Weighted-average basic,Weighted-average diluted,Cash and cash equivalents,Short-term marketable securities,"Accounts receivable, net",Inventories,Deferred tax assets,Vendor non-trade receivables,Other current assets,Total current assets,Long-term marketable securities,"Property, Plant and Equipment, Net",Goodwill,"Acquired intangible assets, net","Other Assets, Noncurrent",Total assets,accounts payable,Accrued expenses,Deferred revenue,Total current liabilities,Deferred revenue - non-current,deferred tax liabilities,long term taxes payable,Total other non-current liabilities,Total liabilities,Retained Earnings (Accumulated Deficit),Accumulated other comprehensive (loss)/income,Total shareholders equity,Total liabilities and shareholders' equity,"Depreciation, amortization and accretion",Stock-based compensation expense,Deferred income tax expense,"Increase (Decrease) in Accounts receivable, net",Increase (Decrease) in Inventories,Increase (Decrease) in Other Receivables,Increase (Decrease) in Other Operating Assets,Increase (Decrease) in Accounts Payable,Increase (Decrease) in Deferred Revenue,Increase (Decrease) Other liabilities,Cash generated by operating activities,Purchases of marketable securities,Proceeds from maturities of marketable securities,Proceeds from sales of marketable securities,Purchases of other long-term investments,"Business acquisitions, net of cash acquired",Cash payments for capital asset purchases,Payments for acquisition of intangible assets,Payments for (Proceeds from) Other Investing Activities,Cash used in investing activities,Proceeds from issuance of common stock,Excess tax benefits from stock-based compensation,Cash generated/used in financing activities,Increase/(decrease) in cash and cash equivalents,"Cash paid for income taxes, net"
2014-03-31,472500000.0,280600000.0,,,125100000.0,,66800000.0,,53900000.0,16300000.0,35600000.0,0.37,0.37,96300000.0,97400000.0,205400000.0,,,167200000.0,,,73300000.0,913900000.0,,208900000.0,507100000.0,143500000.0,204500000.0,1977900000.0,213600000.0,177400000.0,,461500000.0,,,,280300000.0,2006200000.0,28000000.0,-109800000.0,-60400000.0,1977900000.0,12200000.0,,,,,,,,,,-900000.0,,,,,5300000.0,9200000.0,,-200000.0,-14300000.0,,,-3400000.0,-22000000.0,
2014-06-30,998100000.0,580000000.0,,,261000000.0,,157100000.0,,132600000.0,39400000.0,79100000.0,0.82,0.81,96300000.0,97400000.0,193200000.0,,,174100000.0,,,72600000.0,887600000.0,,210300000.0,517800000.0,144900000.0,207500000.0,1968100000.0,219800000.0,186900000.0,,437400000.0,,,,285000000.0,1979300000.0,55500000.0,-104300000.0,-42200000.0,1968100000.0,24400000.0,,,,,,,,,,63800000.0,,,,,23000000.0,26000000.0,,-40800000.0,-8200000.0,,,-85800000.0,-34200000.0,
2014-09-30,1544800000.0,890600000.0,,,391500000.0,,262700000.0,,227500000.0,66600000.0,139400000.0,1.45,1.43,96200000.0,97300000.0,251400000.0,,,180700000.0,,,61000000.0,934000000.0,,212500000.0,509900000.0,133100000.0,202700000.0,1992200000.0,222900000.0,211000000.0,,464200000.0,,,,272800000.0,1986200000.0,95400000.0,-129700000.0,-30700000.0,1992200000.0,36500000.0,,2100000.0,,,,,,,,172000000.0,,,,,23000000.0,39800000.0,,-41900000.0,-20900000.0,,,-120600000.0,24000000.0,
2014-12-31,2118300000.0,1264600000.0,,43300000.0,527400000.0,,326300000.0,,267900000.0,84200000.0,175200000.0,1.82,1.8,96100000.0,97200000.0,290500000.0,,,179500000.0,66600000.0,,26200000.0,973800000.0,,211200000.0,506000000.0,125700000.0,126900000.0,2015900000.0,249500000.0,120400000.0,,531300000.0,,,,71100000.0,1997400000.0,142400000.0,-148200000.0,-4800000.0,2015900000.0,48800000.0,13100000.0,17200000.0,,-3400000.0,,24200000.0,43400000.0,,-28900000.0,255900000.0,,,,,25200000.0,51500000.0,,,-34800000.0,,4500000.0,-150000000.0,63100000.0,
2015-03-31,458700000.0,271600000.0,,,116100000.0,,71000000.0,,56300000.0,12400000.0,45400000.0,0.47,0.47,95900000.0,96900000.0,229600000.0,,,184900000.0,,,56300000.0,903700000.0,,206300000.0,498600000.0,111700000.0,207100000.0,1927400000.0,231500000.0,201200000.0,,482100000.0,,,,241100000.0,1925900000.0,152800000.0,-178700000.0,-19800000.0,1927400000.0,12100000.0,,,,,,,,,,4400000.0,,,,,9000000.0,9400000.0,,-4000000.0,-14400000.0,,,-46700000.0,-60900000.0,
2015-06-30,978200000.0,569300000.0,,,242200000.0,,166700000.0,,140300000.0,31400000.0,109300000.0,1.14,1.13,95800000.0,96900000.0,201000000.0,,,205900000.0,,,55200000.0,923200000.0,,207800000.0,527500000.0,122500000.0,208600000.0,1989600000.0,233800000.0,183400000.0,,479000000.0,,,,247400000.0,1916900000.0,207100000.0,-173100000.0,47300000.0,1989600000.0,24800000.0,,,,,,,,,,33200000.0,,,,,52000000.0,18600000.0,,-4100000.0,-66500000.0,,,-52600000.0,-89500000.0,
2015-09-30,1522700000.0,873800000.0,,,371800000.0,,277100000.0,,133500000.0,50800000.0,82000000.0,0.86,0.85,95900000.0,96900000.0,175200000.0,,,216300000.0,,,56800000.0,875700000.0,,227900000.0,823400000.0,260300000.0,221700000.0,2409000000.0,180200000.0,196300000.0,,517200000.0,,,,287900000.0,2381000000.0,170200000.0,-174600000.0,14500000.0,2409000000.0,37500000.0,,,,,,,,,,125500000.0,,,,,511400000.0,27300000.0,,-4300000.0,-534400000.0,,,300900000.0,-115300000.0,
2015-12-31,2068100000.0,1199000000.0,,45200000.0,510500000.0,,358600000.0,,209300000.0,54600000.0,153900000.0,1.6,1.59,95900000.0,96900000.0,199700000.0,,,204100000.0,3000000.0,,17400000.0,735100000.0,,224800000.0,714100000.0,372400000.0,147000000.0,2285300000.0,175100000.0,124900000.0,,447100000.0,,,,63300000.0,2255600000.0,232400000.0,-232200000.0,25600000.0,2285300000.0,53200000.0,14600000.0,-2300000.0,,5800000.0,,5000000.0,-14700000.0,,-2500000.0,257000000.0,,,,,511300000.0,35200000.0,,,-533800000.0,,3300000.0,195000000.0,-90800000.0,
2016-03-31,502300000.0,286000000.0,,,133800000.0,,82500000.0,,75000000.0,16200000.0,57700000.0,0.6,0.6,95900000.0,96900000.0,125500000.0,,,216500000.0,,,42600000.0,710400000.0,,226100000.0,727200000.0,384500000.0,221800000.0,2270000000.0,162300000.0,194700000.0,,406100000.0,,,,339300000.0,2192300000.0,277300000.0,-205700000.0,73700000.0,2270000000.0,16400000.0,,,,,,,,,,-800000.0,,,,,0.0,7400000.0,,2000000.0,-2800000.0,,,-74800000.0,-74200000.0,
2016-06-30,1087200000.0,603500000.0,,,276900000.0,,206800000.0,,191400000.0,37200000.0,152700000.0,1.59,1.58,95900000.0,96800000.0,169100000.0,,,225300000.0,,,85200000.0,827900000.0,,227100000.0,728800000.0,389900000.0,171800000.0,2345500000.0,175700000.0,245400000.0,,469700000.0,,,,295900000.0,2202700000.0,360600000.0,-231200000.0,139200000.0,2345500000.0,33500000.0,,,,,,,,,,101200000.0,,,,,31400000.0,16500000.0,,4700000.0,-38500000.0,,,-95000000.0,-30600000.0,
2016-09-30,1668300000.0,921100000.0,,,418900000.0,,328300000.0,,212500000.0,56300000.0,154300000.0,1.61,1.59,96000000.0,96900000.0,214500000.0,,,228300000.0,,,82400000.0,802300000.0,,226400000.0,736100000.0,390000000.0,151800000.0,2306600000.0,165100000.0,220000000.0,,432300000.0,,,,292400000.0,2151100000.0,350700000.0,-216800000.0,151800000.0,2306600000.0,50700000.0,,,,,,,,,,178400000.0,,,,,31400000.0,26400000.0,,5600000.0,-49300000.0,,,-116000000.0,14800000.0,
2016-12-31,2238000000.0,1252700000.0,,47300000.0,559800000.0,,425500000.0,,295000000.0,63800000.0,229100000.0,2.39,2.36,95800000.0,96900000.0,312400000.0,,,220600000.0,15600000.0,,22200000.0,829300000.0,,226600000.0,716800000.0,357400000.0,45000000.0,2247400000.0,179900000.0,117800000.0,,429600000.0,,,,32600000.0,2131000000.0,376600000.0,-264300000.0,113300000.0,2247400000.0,66900000.0,16600000.0,6200000.0,,15600000.0,,-62000000.0,3400000.0,,-35900000.0,377500000.0,,,,,31400000.0,42500000.0,,,-64000000.0,,0.0,-196000000.0,112700000.0,
2017-03-31,548800000.0,308000000.0,,,142000000.0,,98800000.0,,82300000.0,13600000.0,68400000.0,0.72,0.71,95300000.0,96100000.0,189600000.0,,,238000000.0,,,45700000.0,742200000.0,,232100000.0,724600000.0,368200000.0,118300000.0,2185400000.0,173100000.0,178300000.0,,398500000.0,,,,227100000.0,2030400000.0,401800000.0,-251400000.0,151400000.0,2185400000.0,16500000.0,,,,,,,,,,-40900000.0,,,,,20800000.0,7800000.0,,-800000.0,-27800000.0,,,-56000000.0,-122800000.0,
2017-06-30,1175800000.0,654000000.0,,,288900000.0,,232900000.0,,205500000.0,31000000.0,173900000.0,1.82,1.81,95300000.0,96000000.0,245500000.0,,,247800000.0,,,35000000.0,839200000.0,,241300000.0,745700000.0,386800000.0,121600000.0,2334600000.0,194600000.0,195300000.0,,436800000.0,,,,234300000.0,2065200000.0,468900000.0,-204500000.0,265300000.0,2334600000.0,32700000.0,,,,,,,,,,64000000.0,,,,,20800000.0,21400000.0,,-1100000.0,-25900000.0,,,-110500000.0,-66900000.0,
2017-09-30,1785100000.0,989300000.0,,,436800000.0,,359000000.0,,317500000.0,52900000.0,263700000.0,2.77,2.75,95200000.0,96000000.0,334900000.0,,,257100000.0,,,29800000.0,924600000.0,,246100000.0,755900000.0,393200000.0,127500000.0,2447300000.0,177700000.0,219500000.0,,432200000.0,,,,231000000.0,2075200000.0,543500000.0,-182500000.0,367200000.0,2447300000.0,49900000.0,12800000.0,,,,,,,,,170000000.0,,,,,20800000.0,33700000.0,,-2900000.0,-36100000.0,,,-118700000.0,22500000.0,
2017-12-31,2408200000.0,1337500000.0,,48300000.0,582500000.0,,488200000.0,,395700000.0,119000000.0,273300000.0,2.87,2.85,95100000.0,96000000.0,466200000.0,,,239800000.0,62800000.0,,17000000.0,1032700000.0,,252200000.0,761200000.0,394300000.0,66200000.0,2542000000.0,188300000.0,134600000.0,,460800000.0,,,,23900000.0,2136500000.0,544400000.0,-152900000.0,401600000.0,2542000000.0,66900000.0,16200000.0,25200000.0,,4400000.0,,-3500000.0,400000.0,,-5000000.0,347200000.0,,,,,20800000.0,49300000.0,,,-50200000.0,,,-150900000.0,153800000.0,
2018-03-31,613100000.0,355300000.0,,,159100000.0,,98700000.0,,86200000.0,13800000.0,72200000.0,0.76,0.75,95100000.0,95800000.0,151800000.0,,,271500000.0,,,42900000.0,802600000.0,,277400000.0,878000000.0,545800000.0,124300000.0,2628100000.0,197500000.0,219300000.0,,452100000.0,,,,240800000.0,2167000000.0,581900000.0,-126800000.0,456000000.0,2628100000.0,22500000.0,,,,,,,,,,-10100000.0,,,,,,8700000.0,,-100000.0,-284900000.0,,,-20900000.0,-314400000.0,
2018-06-30,1317800000.0,754400000.0,,,321300000.0,,242100000.0,,217800000.0,31400000.0,186100000.0,1.96,1.94,95100000.0,95700000.0,189600000.0,,,265400000.0,,,31500000.0,852500000.0,,272500000.0,857000000.0,516400000.0,133300000.0,2631700000.0,210200000.0,227700000.0,,473100000.0,,,,224000000.0,2123000000.0,675800000.0,-175900000.0,506000000.0,2631700000.0,45500000.0,,,,,,,,,,118700000.0,,,,,,20900000.0,,-100000.0,-301300000.0,,,-90400000.0,-276600000.0,
2018-09-30,2029300000.0,1156500000.0,,,488400000.0,,384400000.0,,348000000.0,45500000.0,302100000.0,3.18,3.15,95100000.0,95800000.0,189700000.0,,,278300000.0,,,37100000.0,873300000.0,,273300000.0,878000000.0,558400000.0,147100000.0,2730100000.0,208000000.0,243900000.0,,486900000.0,,,,226500000.0,2131100000.0,771900000.0,-188200000.0,596900000.0,2730100000.0,65800000.0,,,,,,,,,,260400000.0,,,,,,31800000.0,,1100000.0,-408700000.0,,,-116900000.0,-269700000.0,
2018-12-31,2731700000.0,1558400000.0,,54400000.0,647500000.0,,525800000.0,,475200000.0,39800000.0,434900000.0,4.58,4.54,95000000.0,95700000.0,283800000.0,,,280300000.0,7700000.0,,19600000.0,931600000.0,,276700000.0,883000000.0,547100000.0,87200000.0,2810200000.0,235000000.0,135000000.0,,520800000.0,,,,28800000.0,2156200000.0,873600000.0,-223500000.0,651000000.0,2810200000.0,86200000.0,19600000.0,-64700000.0,,19700000.0,,3300000.0,33900000.0,,13300000.0,457800000.0,,,,,368000000.0,49100000.0,,4500000.0,-443800000.0,,,-183400000.0,-175600000.0,
2019-03-31,655000000.0,378100000.0,,,168900000.0,,108000000.0,,95400000.0,15100000.0,80200000.0,0.85,0.84,94500000.0,95100000.0,153800000.0,,,296800000.0,,,33200000.0,850200000.0,,275100000.0,878700000.0,536300000.0,260500000.0,2800800000.0,198300000.0,252000000.0,,485400000.0,,,,276700000.0,2163400000.0,871600000.0,-238800000.0,633700000.0,2800800000.0,20700000.0,,,,,,,,,,-12600000.0,,,,,4600000.0,12300000.0,,800000.0,-17700000.0,,,-99200000.0,-130000000.0,
2019-06-30,1386200000.0,788600000.0,,,343900000.0,,253700000.0,,227000000.0,37300000.0,189500000.0,2.01,2.0,94100000.0,94800000.0,157800000.0,,,304700000.0,,,37300000.0,883200000.0,,281700000.0,878100000.0,533600000.0,272700000.0,2849300000.0,206500000.0,275500000.0,,517100000.0,,,,275500000.0,2185700000.0,892700000.0,-233100000.0,660500000.0,2849300000.0,41400000.0,,,,,,,,,,107000000.0,,,,,4600000.0,29300000.0,,2300000.0,-36200000.0,,,-200600000.0,-129400000.0,
2019-09-30,2134500000.0,1201400000.0,,,511300000.0,,421800000.0,,377500000.0,56100000.0,321100000.0,3.42,3.4,93800000.0,94500000.0,232900000.0,,,293900000.0,,,32500000.0,933100000.0,,281900000.0,860400000.0,511700000.0,278300000.0,2865400000.0,208800000.0,282300000.0,,491200000.0,,,,260000000.0,2178200000.0,957100000.0,-273000000.0,685000000.0,2865400000.0,62600000.0,,,,,,,,,,279400000.0,,,,,4600000.0,49400000.0,,2000000.0,-56000000.0,,,-274400000.0,-54300000.0,
2019-12-31,2854000000.0,1601700000.0,,54700000.0,687200000.0,,565100000.0,,475200000.0,73100000.0,401800000.0,4.29,4.26,93600000.0,94300000.0,355300000.0,,,269900000.0,43300000.0,,29200000.0,1001800000.0,,291400000.0,873300000.0,510900000.0,177300000.0,2967200000.0,221000000.0,174700000.0,,507000000.0,,,,76700000.0,2206800000.0,975100000.0,-218600000.0,757400000.0,2967200000.0,83000000.0,20400000.0,-30200000.0,,-5400000.0,,15000000.0,-11000000.0,,4400000.0,488200000.0,,,,,4600000.0,65600000.0,,7700000.0,-77600000.0,,,-342200000.0,68100000.0,
2020-03-31,674700000.0,381600000.0,,,167900000.0,,28900000.0,,12000000.0,11500000.0,400000.0,0.0,0.0,92700000.0,93300000.0,245300000.0,,,275500000.0,,,54700000.0,922000000.0,,289200000.0,773000000.0,485300000.0,288200000.0,2757700000.0,198700000.0,254600000.0,,456700000.0,,,,259200000.0,2143900000.0,861800000.0,-251400000.0,611300000.0,2757700000.0,19800000.0,,,,,,,,,,30800000.0,,,,,,11800000.0,,7000000.0,-18800000.0,,,-116800000.0,-110000000.0,
2020-06-30,1264200000.0,724500000.0,,,318000000.0,,125400000.0,,99900000.0,25700000.0,74100000.0,0.8,0.8,92500000.0,93000000.0,302400000.0,,,293600000.0,,,50000000.0,977100000.0,,292500000.0,777700000.0,488900000.0,297700000.0,2833900000.0,195500000.0,267400000.0,,463700000.0,,,,261700000.0,2153900000.0,906000000.0,-231000000.0,677500000.0,2833900000.0,39700000.0,,,,,,,,,,128000000.0,,,,,,24400000.0,,6200000.0,-30600000.0,,,-149200000.0,-54400000.0,
2020-09-30,1992600000.0,1133700000.0,,,474200000.0,,285800000.0,,259600000.0,38500000.0,221000000.0,2.39,2.38,92400000.0,92900000.0,428900000.0,,,289600000.0,,,49700000.0,1121000000.0,,293700000.0,790100000.0,494300000.0,328600000.0,3027700000.0,191100000.0,297800000.0,,489100000.0,,,,282600000.0,2200600000.0,1023400000.0,-206800000.0,824300000.0,3027700000.0,60300000.0,,,,,,,,,,289400000.0,,,,,,33300000.0,,6000000.0,-39300000.0,,,-179300000.0,72100000.0,
2020-12-31,2719900000.0,1541100000.0,,54400000.0,635700000.0,,403500000.0,,365400000.0,50900000.0,314300000.0,3.41,3.39,92300000.0,92800000.0,480400000.0,,,283100000.0,58100000.0,,28100000.0,1145000000.0,,294900000.0,819000000.0,487100000.0,196700000.0,3069400000.0,220400000.0,189400000.0,,521500000.0,,,,100800000.0,2236800000.0,985600000.0,-157100000.0,829400000.0,3069400000.0,81000000.0,20800000.0,-24400000.0,,7800000.0,,46000000.0,-1600000.0,,21100000.0,490300000.0,,,,,,47100000.0,,-5900000.0,-56700000.0,,,-321900000.0,121700000.0,
2021-03-31,694300000.0,396900000.0,,,166100000.0,,131300000.0,,122500000.0,14300000.0,108000000.0,1.19,1.18,90700000.0,91200000.0,394300000.0,,,289900000.0,,,51200000.0,1048000000.0,,285700000.0,807800000.0,467400000.0,339000000.0,2947900000.0,209800000.0,295700000.0,,505600000.0,,,,281500000.0,2216900000.0,915900000.0,-189100000.0,727700000.0,2947900000.0,21400000.0,,,,,,,,,,111800000.0,,,,,,6300000.0,,-1700000.0,-4600000.0,,,-187200000.0,-86100000.0,
2021-06-30,1441200000.0,823300000.0,,,341200000.0,,276700000.0,,258700000.0,31700000.0,226700000.0,2.51,2.49,90400000.0,90900000.0,460200000.0,,,310000000.0,,,57100000.0,1144200000.0,,286800000.0,810800000.0,464200000.0,354100000.0,3060100000.0,233000000.0,331000000.0,,564100000.0,,,,278300000.0,2272700000.0,961800000.0,-178700000.0,784000000.0,3060100000.0,41900000.0,,,,,,,,,,267500000.0,,,,,,17900000.0,,800000.0,-18700000.0,,,-265100000.0,-20200000.0,
2021-09-30,2158200000.0,1239800000.0,,,503300000.0,,415100000.0,,399500000.0,28900000.0,370200000.0,4.11,4.08,90100000.0,90700000.0,503900000.0,,,345700000.0,,,45400000.0,1202400000.0,,278600000.0,808700000.0,459800000.0,367200000.0,3116700000.0,212400000.0,343100000.0,,793900000.0,,,,262700000.0,2249100000.0,1061500000.0,-201000000.0,864200000.0,3116700000.0,62000000.0,,,,,,,,,,356400000.0,,,,,,28700000.0,,-12700000.0,-14900000.0,,,-309300000.0,23500000.0,
2021-12-31,2867400000.0,1662500000.0,,73300000.0,674700000.0,,530200000.0,,524000000.0,40700000.0,483000000.0,5.37,5.34,89900000.0,90500000.0,397900000.0,,,380400000.0,92500000.0,,26900000.0,1117600000.0,,283700000.0,803800000.0,447500000.0,243900000.0,3051000000.0,259100000.0,199900000.0,,601200000.0,,,,87900000.0,2288600000.0,952600000.0,-194400000.0,759100000.0,3051000000.0,83100000.0,23400000.0,-43800000.0,,105600000.0,,38000000.0,40000000.0,,31700000.0,488600000.0,,,,,,45400000.0,,-12700000.0,-31600000.0,,,-529300000.0,-82500000.0,
2022-03-31,723600000.0,434900000.0,,,171700000.0,,117000000.0,,107300000.0,14200000.0,93000000.0,1.05,1.05,88200000.0,88600000.0,305100000.0,,,402900000.0,,,45000000.0,1077300000.0,,280800000.0,796400000.0,434000000.0,419100000.0,3007600000.0,258400000.0,310500000.0,,581500000.0,,,,254300000.0,2262600000.0,956100000.0,-215400000.0,741600000.0,3007600000.0,20400000.0,,,,,,,,,,20500000.0,,,,,,8700000.0,,-2400000.0,-6300000.0,,,-104900000.0,-92800000.0,
2022-06-30,1496700000.0,893000000.0,,,339600000.0,,264100000.0,,240600000.0,32300000.0,208100000.0,2.36,2.35,88000000.0,88400000.0,919600000.0,,,428400000.0,,,71700000.0,1753000000.0,,278000000.0,781000000.0,412100000.0,429600000.0,3653700000.0,278400000.0,319400000.0,,610400000.0,,,,245500000.0,2874000000.0,1035200000.0,-264600000.0,776900000.0,3653700000.0,40100000.0,,,,,,,,,,109100000.0,,,,,,24600000.0,,-700000.0,-23900000.0,,,448400000.0,521700000.0,
2022-09-30,2410400000.0,1438700000.0,,,544700000.0,,427000000.0,,374300000.0,51400000.0,322700000.0,3.67,3.65,88000000.0,88400000.0,282200000.0,,,477900000.0,,,53300000.0,1235900000.0,,290700000.0,1373500000.0,599700000.0,443500000.0,3943300000.0,266400000.0,410200000.0,,689200000.0,,,,246000000.0,3149700000.0,1113700000.0,-332500000.0,791300000.0,3943300000.0,69600000.0,,,,,,,,,,267100000.0,,,,,,41500000.0,,1300000.0,-965900000.0,,,606100000.0,-115700000.0,
2022-12-31,3271900000.0,1949500000.0,,74500000.0,736000000.0,,586400000.0,,514500000.0,56200000.0,458000000.0,5.2,5.19,88000000.0,88300000.0,288000000.0,,,479000000.0,172500000.0,,40200000.0,1214600000.0,,308700000.0,1413100000.0,608900000.0,218300000.0,3991200000.0,280700000.0,247900000.0,,703600000.0,,,,119500000.0,3046700000.0,1212800000.0,-285800000.0,941800000.0,3991200000.0,97900000.0,24500000.0,-71300000.0,,61700000.0,,,2500000.0,,,459500000.0,,,,,,64000000.0,,7000000.0,-994100000.0,,,437000000.0,-109900000.0,
2023-03-31,923000000.0,532000000.0,,,220000000.0,,171000000.0,,147700000.0,24100000.0,123500000.0,1.4,1.4,88000000.0,88400000.0,292800000.0,,,472700000.0,,,42900000.0,1253400000.0,,319600000.0,1441300000.0,614800000.0,495300000.0,4124400000.0,277800000.0,378100000.0,,668500000.0,,,,302000000.0,3079800000.0,1296800000.0,-275600000.0,1041700000.0,4124400000.0,28300000.0,,,,,,,,,,69000000.0,,,,,,22300000.0,,-7500000.0,-51400000.0,,,-15400000.0,4800000.0,
2023-06-30,1835500000.0,1042600000.0,,,437300000.0,,355600000.0,,310200000.0,44600000.0,265500000.0,3.02,3.01,88000000.0,88300000.0,322600000.0,,,483100000.0,,,46300000.0,1275200000.0,,329100000.0,1439100000.0,603600000.0,516800000.0,4163800000.0,265200000.0,383000000.0,,660800000.0,,,,315800000.0,3023300000.0,1399200000.0,-266800000.0,1138600000.0,4163800000.0,55500000.0,,,,,,,,,,230100000.0,,,,,,40000000.0,,-7400000.0,-61200000.0,,,-138400000.0,34600000.0,
2023-09-30,2753400000.0,1557200000.0,,,647500000.0,,548700000.0,,480300000.0,58300000.0,421800000.0,4.8,4.78,87900000.0,88300000.0,364300000.0,,,468700000.0,,,47400000.0,1320100000.0,,334900000.0,1428100000.0,580300000.0,519700000.0,4183100000.0,245700000.0,391500000.0,,649800000.0,,,,296800000.0,2951700000.0,1516100000.0,-296700000.0,1232100000.0,4183100000.0,83700000.0,,,,,,,,,,381100000.0,,,,,,60700000.0,,-9000000.0,-83400000.0,,,-219900000.0,76300000.0,
2023-12-31,3650800000.0,2069300000.0,,101900000.0,865600000.0,,708400000.0,,617200000.0,76600000.0,540400000.0,6.15,6.12,87900000.0,88300000.0,468100000.0,,,438500000.0,241400000.0,,32600000.0,1360900000.0,,358100000.0,1443100000.0,572800000.0,283700000.0,4311500000.0,259200000.0,258200000.0,,1079700000.0,,,,173400000.0,2993200000.0,1578900000.0,-261500000.0,1318300000.0,4311500000.0,111600000.0,26400000.0,-67600000.0,,-44600000.0,,,-33600000.0,,,600600000.0,,,,,,84200000.0,,13200000.0,-129100000.0,,,-298700000.0,180100000.0,
2024-03-31,893900000.0,502500000.0,,,219300000.0,,172100000.0,,152900000.0,29100000.0,123800000.0,1.41,1.41,87600000.0,88100000.0,391800000.0,,,448300000.0,,,50200000.0,1338300000.0,,362000000.0,1436400000.0,565800000.0,584400000.0,4286900000.0,247500000.0,364700000.0,,1025400000.0,,,,310500000.0,2936000000.0,1635500000.0,-285500000.0,,4286900000.0,28800000.0,,,,,,,,,,51100000.0,,,,,,27200000.0,,-3100000.0,-43400000.0,,,-80000000.0,-76300000.0,
2024-06-30,1859500000.0,1039800000.0,,,438600000.0,,381100000.0,,341900000.0,62700000.0,279200000.0,3.19,3.18,87500000.0,87900000.0,747500000.0,,,444600000.0,,,49600000.0,1715800000.0,,370500000.0,1488300000.0,609800000.0,594700000.0,4779100000.0,253600000.0,364300000.0,,1034200000.0,,,,331300000.0,3353800000.0,1713200000.0,-290600000.0,,4779100000.0,59500000.0,,,,,,,,,,224100000.0,,,,,,48100000.0,,-2900000.0,-166000000.0,,,228200000.0,279400000.0,
2024-09-30,2826600000.0,1574800000.0,,,655700000.0,,596100000.0,,536500000.0,83100000.0,453400000.0,5.19,5.16,87300000.0,87800000.0,878900000.0,,,449900000.0,,,74800000.0,1862400000.0,,384800000.0,1505800000.0,604800000.0,615900000.0,4973700000.0,266700000.0,405900000.0,,1091500000.0,,,,328000000.0,3402700000.0,1819400000.0,-249300000.0,,4973700000.0,89300000.0,,,,,,,,,,456000000.0,,,,,,68000000.0,,1000000.0,-190200000.0,,,147300000.0,410800000.0,
,,,,,,,,,,,,,,,,,,,,,,,,,,,,,,,,,,,,,,,,,,,,,,,,,,,,,,,,,,,,,,,,,,,
