Date,Net sales,Cost of sales,Gross margin,Research and development,"Selling, general and administrative",Total operating expenses,Operating income,"Other income/(expense), net",Income before provision for income taxes,Provision for income taxes,Net income,Earnings per share basic,Earnings per share diluted,Weighted-average basic,Weighted-average diluted,Cash and cash equivalents,Short-term marketable securities,"Accounts receivable, net",Inventories,Deferred tax assets,Vendor non-trade receivables,Other current assets,Total current assets,Long-term marketable securities,"Property, Plant and Equipment, Net",Goodwill,"Acquired intangible assets, net","Other Assets, Noncurrent",Total assets,accounts payable,Accrued expenses,Deferred revenue,Total current liabilities,Deferred revenue - non-current,deferred tax liabilities,long term taxes payable,Total other non-current liabilities,Total liabilities,Retained Earnings (Accumulated Deficit),Accumulated other comprehensive (loss)/income,Total shareholders equity,Total liabilities and shareholders' equity,"Depreciation, amortization and accretion",Stock-based compensation expense,Deferred income tax expense,"Increase (Decrease) in Accounts receivable, net",Increase (Decrease) in Inventories,Increase (Decrease) in Other Receivables,Increase (Decrease) in Other Operating Assets,Increase (Decrease) in Accounts Payable,Increase (Decrease) in Deferred Revenue,Increase (Decrease) Other liabilities,Cash generated by operating activities,Purchases of marketable securities,Proceeds from maturities of marketable securities,Proceeds from sales of marketable securities,Purchases of other long-term investments,"Business acquisitions, net of cash acquired",Cash payments for capital asset purchases,Payments for acquisition of intangible assets,Payments for (Proceeds from) Other Investing Activities,Cash used in investing activities,Proceeds from issuance of common stock,Excess tax benefits from stock-based compensation,Cash generated/used in financing activities,Increase/(decrease) in cash and cash equivalents,"Cash paid for income taxes, net"
2010-06-26,,,1479000000.0,694000000.0,448000000.0,,307000000.0,,512000000.0,-5000000.0,,0.3,0.29,709000000.0,732000000.0,1084000000.0,812000000.0,725000000.0,581000000.0,,,,3313000000.0,,755000000.0,323000000.0,64000000.0,352000000.0,4955000000.0,409000000.0,663000000.0,148000000.0,1630000000.0,,1000000.0,,154000000.0,,-5725000000.0,7000000.0,752000000.0,4955000000.0,,43000000.0,-11000000.0,388000000.0,93000000.0,,-14000000.0,,,,-75000000.0,668000000.0,,,,,79000000.0,,-18000000.0,-699000000.0,7000000.0,,201000000.0,-573000000.0,
2010-09-25,,,2218000000.0,1053000000.0,684000000.0,,435000000.0,,581000000.0,-4000000.0,,-0.17,-0.17,713000000.0,732000000.0,620000000.0,1106000000.0,765000000.0,622000000.0,,,,3212000000.0,,723000000.0,323000000.0,48000000.0,289000000.0,4595000000.0,464000000.0,601000000.0,151000000.0,1665000000.0,,,,102000000.0,,-5843000000.0,12000000.0,614000000.0,4595000000.0,,65000000.0,-2000000.0,673000000.0,134000000.0,,-13000000.0,,,,-199000000.0,1315000000.0,,,,,110000000.0,,-23000000.0,-1020000000.0,9000000.0,,182000000.0,-1037000000.0,
2010-12-25,,,2961000000.0,1405000000.0,934000000.0,,848000000.0,,971000000.0,38000000.0,,0.66,0.64,711000000.0,733000000.0,606000000.0,1183000000.0,968000000.0,632000000.0,,,,3594000000.0,,700000000.0,323000000.0,37000000.0,310000000.0,4964000000.0,376000000.0,698000000.0,143000000.0,1674000000.0,,,,82000000.0,,-5468000000.0,1000000.0,1013000000.0,4964000000.0,,87000000.0,-5000000.0,1138000000.0,144000000.0,,-11000000.0,,,,-412000000.0,1800000000.0,,,,,148000000.0,,-19000000.0,-1123000000.0,15000000.0,,484000000.0,-1051000000.0,12000000.0
2011-04-02,,,691000000.0,367000000.0,261000000.0,,54000000.0,,20000000.0,2000000.0,,0.71,0.68,720000000.0,764000000.0,602000000.0,1143000000.0,797000000.0,648000000.0,,,,3411000000.0,,676000000.0,323000000.0,28000000.0,285000000.0,5209000000.0,411000000.0,605000000.0,165000000.0,1375000000.0,,,,84000000.0,,-4958000000.0,2000000.0,1558000000.0,5209000000.0,,27000000.0,-1000000.0,189000000.0,16000000.0,,-10000000.0,,,,-168000000.0,393000000.0,,,,,38000000.0,,17000000.0,-14000000.0,9000000.0,,178000000.0,-4000000.0,
2011-07-02,,,1411000000.0,734000000.0,500000000.0,,159000000.0,,84000000.0,5000000.0,,0.79,0.76,724000000.0,766000000.0,554000000.0,1307000000.0,759000000.0,642000000.0,,,,3438000000.0,,686000000.0,323000000.0,19000000.0,272000000.0,5224000000.0,455000000.0,575000000.0,132000000.0,1312000000.0,,,,76000000.0,,-4897000000.0,0.0,1641000000.0,5224000000.0,,47000000.0,,187000000.0,10000000.0,,-1000000.0,,,,6000000.0,952000000.0,,13000000.0,,,105000000.0,,17000000.0,-244000000.0,15000000.0,,186000000.0,-52000000.0,
2011-10-01,,,2167000000.0,1095000000.0,749000000.0,,297000000.0,,176000000.0,-5000000.0,,0.92,0.9,729000000.0,742000000.0,625000000.0,1182000000.0,908000000.0,540000000.0,,,,3412000000.0,,697000000.0,323000000.0,11000000.0,257000000.0,5236000000.0,467000000.0,590000000.0,131000000.0,1855000000.0,,,,66000000.0,,-4800000000.0,-8000000.0,1744000000.0,5236000000.0,,69000000.0,,337000000.0,-92000000.0,,3000000.0,,,,195000000.0,1461000000.0,,21000000.0,,,163000000.0,,17000000.0,-210000000.0,17000000.0,,34000000.0,19000000.0,
2011-12-31,,,2940000000.0,1453000000.0,992000000.0,,368000000.0,,491000000.0,-4000000.0,,0.68,0.66,727000000.0,742000000.0,869000000.0,19000000.0,919000000.0,476000000.0,,,,3229000000.0,149000000.0,726000000.0,323000000.0,,249000000.0,4954000000.0,363000000.0,550000000.0,123000000.0,1774000000.0,,,,63000000.0,,-4977000000.0,-5000000.0,1590000000.0,4954000000.0,,90000000.0,-6000000.0,347000000.0,-157000000.0,,1000000.0,,,,382000000.0,1586000000.0,,,,,250000000.0,,19000000.0,-113000000.0,18000000.0,,-6000000.0,263000000.0,9000000.0
2012-03-31,,,27000000.0,368000000.0,230000000.0,,-580000000.0,,-622000000.0,-32000000.0,,-0.8,-0.8,734000000.0,734000000.0,1193000000.0,351000000.0,962000000.0,585000000.0,,,,3195000000.0,169000000.0,715000000.0,553000000.0,109000000.0,247000000.0,4988000000.0,527000000.0,556000000.0,137000000.0,2347000000.0,,,,60000000.0,,-5567000000.0,-3000000.0,1052000000.0,4988000000.0,,21000000.0,-36000000.0,40000000.0,106000000.0,,16000000.0,,,,107000000.0,95000000.0,,,,281000000.0,40000000.0,,4000000.0,200000000.0,9000000.0,,17000000.0,324000000.0,
2012-06-30,,,665000000.0,713000000.0,442000000.0,,-503000000.0,,-591000000.0,-38000000.0,,-0.75,-0.75,739000000.0,755000000.0,1015000000.0,564000000.0,744000000.0,833000000.0,,,,3233000000.0,180000000.0,707000000.0,553000000.0,105000000.0,263000000.0,5041000000.0,471000000.0,548000000.0,126000000.0,2352000000.0,,,,40000000.0,,-5530000000.0,-4000000.0,1117000000.0,5041000000.0,,47000000.0,-40000000.0,-177000000.0,355000000.0,,18000000.0,,,,188000000.0,548000000.0,,,,281000000.0,79000000.0,,5000000.0,-63000000.0,12000000.0,,21000000.0,146000000.0,
2012-09-29,,,1057000000.0,1041000000.0,630000000.0,,-634000000.0,,-748000000.0,-38000000.0,,-0.96,-0.96,745000000.0,745000000.0,776000000.0,524000000.0,683000000.0,744000000.0,,,,2815000000.0,180000000.0,685000000.0,553000000.0,100000000.0,279000000.0,4612000000.0,412000000.0,534000000.0,110000000.0,1555000000.0,,,,33000000.0,,-5687000000.0,-2000000.0,989000000.0,4612000000.0,,74000000.0,-41000000.0,-237000000.0,266000000.0,,13000000.0,,,,-52000000.0,749000000.0,,,,281000000.0,111000000.0,,23000000.0,-73000000.0,12000000.0,,32000000.0,-93000000.0,
2012-12-29,5422000000.0,,1235000000.0,1354000000.0,823000000.0,,-1056000000.0,,-1217000000.0,-34000000.0,-1183000000.0,-1.6,-1.6,741000000.0,741000000.0,549000000.0,453000000.0,630000000.0,562000000.0,17000000.0,,,2265000000.0,181000000.0,658000000.0,553000000.0,96000000.0,247000000.0,4000000000.0,278000000.0,489000000.0,108000000.0,1397000000.0,,,,28000000.0,,-6160000000.0,-3000000.0,538000000.0,4000000000.0,,97000000.0,-40000000.0,-290000000.0,83000000.0,,12000000.0,,,,-338000000.0,944000000.0,,6000000.0,,281000000.0,133000000.0,,9000000.0,-19000000.0,14000000.0,,37000000.0,-320000000.0,9000000.0
2013-06-29,2249000000.0,,904000000.0,620000000.0,350000000.0,,-127000000.0,,-215000000.0,5000000.0,-220000000.0,-0.29,-0.29,752000000.0,752000000.0,334000000.0,634000000.0,670000000.0,711000000.0,,,,2458000000.0,149000000.0,402000000.0,553000000.0,87000000.0,248000000.0,3897000000.0,402000000.0,475000000.0,129000000.0,1451000000.0,,,,45000000.0,,-6380000000.0,-6000000.0,359000000.0,3897000000.0,,44000000.0,1000000.0,-39000000.0,-149000000.0,,-33000000.0,,,,-190000000.0,753000000.0,,,,0.0,48000000.0,,0.0,-27000000.0,2000000.0,,2000000.0,-215000000.0,
2013-09-28,3710000000.0,,1425000000.0,908000000.0,505000000.0,,95000000.0,,-164000000.0,8000000.0,-172000000.0,-0.23,-0.23,757000000.0,764000000.0,543000000.0,517000000.0,873000000.0,922000000.0,,,,2939000000.0,121000000.0,358000000.0,553000000.0,82000000.0,264000000.0,4317000000.0,574000000.0,528000000.0,139000000.0,1762000000.0,,,,77000000.0,,-6332000000.0,-2000000.0,434000000.0,4317000000.0,,67000000.0,0.0,-242000000.0,-360000000.0,,-67000000.0,,,,-169000000.0,985000000.0,,,,0.0,63000000.0,,0.0,159000000.0,3000000.0,,4000000.0,-6000000.0,
2013-12-28,5299000000.0,,1978000000.0,1201000000.0,674000000.0,,103000000.0,,-74000000.0,9000000.0,-83000000.0,-0.11,-0.11,754000000.0,754000000.0,869000000.0,228000000.0,832000000.0,884000000.0,19000000.0,,,2884000000.0,90000000.0,346000000.0,553000000.0,78000000.0,386000000.0,4337000000.0,519000000.0,530000000.0,145000000.0,1618000000.0,,,,177000000.0,,-6243000000.0,-2000000.0,544000000.0,4337000000.0,,91000000.0,1000000.0,200000000.0,322000000.0,,92000000.0,,,,-148000000.0,1043000000.0,,,,0.0,84000000.0,,0.0,455000000.0,3000000.0,,13000000.0,320000000.0,9000000.0
2014-03-29,1397000000.0,,487000000.0,279000000.0,156000000.0,,49000000.0,,-18000000.0,2000000.0,-20000000.0,-0.03,-0.03,761000000.0,761000000.0,554000000.0,348000000.0,840000000.0,869000000.0,,,,2690000000.0,80000000.0,337000000.0,553000000.0,75000000.0,373000000.0,4108000000.0,483000000.0,482000000.0,146000000.0,1384000000.0,,,,135000000.0,,-6263000000.0,-3000000.0,511000000.0,4108000000.0,,23000000.0,0.0,-8000000.0,14000000.0,,,,,,-204000000.0,310000000.0,,,,,21000000.0,,,-131000000.0,1000000.0,,20000000.0,-315000000.0,
2014-06-28,2838000000.0,,985000000.0,556000000.0,310000000.0,,112000000.0,,-50000000.0,6000000.0,-56000000.0,-0.07,-0.07,764000000.0,764000000.0,503000000.0,445000000.0,872000000.0,960000000.0,,,,2932000000.0,0.0,329000000.0,553000000.0,72000000.0,360000000.0,4246000000.0,511000000.0,480000000.0,118000000.0,1505000000.0,,,,131000000.0,,-6299000000.0,1000000.0,501000000.0,4246000000.0,,44000000.0,1000000.0,-40000000.0,-76000000.0,,,,,,-232000000.0,618000000.0,,0.0,,,44000000.0,,,-174000000.0,2000000.0,,40000000.0,-366000000.0,
2014-09-27,4267000000.0,,1479000000.0,834000000.0,460000000.0,,175000000.0,,-31000000.0,8000000.0,-39000000.0,-0.05,-0.05,770000000.0,785000000.0,640000000.0,298000000.0,973000000.0,897000000.0,,,,3020000000.0,0.0,328000000.0,553000000.0,69000000.0,355000000.0,4325000000.0,498000000.0,555000000.0,94000000.0,1566000000.0,,,,118000000.0,,-6282000000.0,-1000000.0,535000000.0,4325000000.0,,65000000.0,,-144000000.0,-14000000.0,,,,,,-214000000.0,646000000.0,,0.0,,,73000000.0,,,-55000000.0,4000000.0,,40000000.0,-229000000.0,
2014-12-27,5506000000.0,,1839000000.0,1072000000.0,604000000.0,,-155000000.0,,-398000000.0,5000000.0,-403000000.0,-0.53,-0.53,768000000.0,768000000.0,805000000.0,235000000.0,818000000.0,685000000.0,19000000.0,,,2736000000.0,0.0,302000000.0,320000000.0,65000000.0,344000000.0,3767000000.0,415000000.0,558000000.0,72000000.0,1440000000.0,,,,105000000.0,,-6646000000.0,-5000000.0,187000000.0,3767000000.0,,81000000.0,0.0,-7000000.0,-199000000.0,,,,,,-98000000.0,790000000.0,,0.0,,0.0,95000000.0,,0.0,-12000000.0,4000000.0,,46000000.0,-64000000.0,7000000.0
2015-03-28,1030000000.0,,326000000.0,242000000.0,131000000.0,,-137000000.0,,-177000000.0,3000000.0,-180000000.0,-0.23,-0.23,777000000.0,777000000.0,677000000.0,229000000.0,771000000.0,688000000.0,,,,2497000000.0,,297000000.0,320000000.0,0.0,314000000.0,3428000000.0,381000000.0,494000000.0,61000000.0,1292000000.0,,,,86000000.0,,-6826000000.0,-12000000.0,17000000.0,3428000000.0,,17000000.0,,46000000.0,-6000000.0,,,,,,-173000000.0,223000000.0,,,,,22000000.0,,,-15000000.0,0.0,,60000000.0,-128000000.0,
2015-06-27,1972000000.0,,558000000.0,477000000.0,265000000.0,,-274000000.0,,-357000000.0,4000000.0,-361000000.0,-0.46,-0.46,778000000.0,778000000.0,829000000.0,0.0,687000000.0,799000000.0,,,,2451000000.0,,289000000.0,320000000.0,0.0,321000000.0,3381000000.0,454000000.0,462000000.0,51000000.0,1399000000.0,,,,89000000.0,,-7007000000.0,-5000000.0,-141000000.0,3381000000.0,,34000000.0,0.0,-129000000.0,117000000.0,,,,,,-231000000.0,227000000.0,,,,,39000000.0,,,196000000.0,1000000.0,,59000000.0,24000000.0,
2015-09-26,3033000000.0,,797000000.0,718000000.0,373000000.0,,-432000000.0,,-554000000.0,4000000.0,-558000000.0,-0.72,-0.72,785000000.0,785000000.0,755000000.0,0.0,648000000.0,761000000.0,,,219000000.0,2466000000.0,,194000000.0,283000000.0,0.0,286000000.0,3229000000.0,388000000.0,408000000.0,60000000.0,1449000000.0,,,,86000000.0,,-7204000000.0,-15000000.0,-336000000.0,3229000000.0,133000000.0,47000000.0,,-164000000.0,93000000.0,,,,,,-290000000.0,227000000.0,,,,,64000000.0,,,179000000.0,1000000.0,0.0,61000000.0,-50000000.0,
2015-12-26,3991000000.0,,1080000000.0,947000000.0,482000000.0,,-481000000.0,,-646000000.0,14000000.0,-660000000.0,-0.84,-0.84,783000000.0,783000000.0,785000000.0,0.0,533000000.0,678000000.0,10000000.0,,248000000.0,2320000000.0,,188000000.0,278000000.0,0.0,323000000.0,3109000000.0,279000000.0,472000000.0,53000000.0,1403000000.0,,,,86000000.0,,-7306000000.0,-8000000.0,-412000000.0,3109000000.0,167000000.0,63000000.0,-1000000.0,-280000000.0,11000000.0,,,,,,-226000000.0,227000000.0,,,,,96000000.0,,,147000000.0,5000000.0,,59000000.0,-20000000.0,3000000.0
2016-03-26,832000000.0,,269000000.0,242000000.0,105000000.0,,-68000000.0,,-108000000.0,1000000.0,-109000000.0,-0.14,-0.14,793000000.0,793000000.0,716000000.0,,508000000.0,675000000.0,,,252000000.0,2226000000.0,,176000000.0,278000000.0,,301000000.0,2981000000.0,324000000.0,347000000.0,43000000.0,1328000000.0,,,,150000000.0,,-7415000000.0,-6000000.0,-503000000.0,2981000000.0,33000000.0,16000000.0,,-26000000.0,-3000000.0,,,,,,-42000000.0,0.0,,,,,26000000.0,,,-26000000.0,,0.0,-1000000.0,-69000000.0,
2016-06-25,1859000000.0,,588000000.0,485000000.0,222000000.0,,-76000000.0,,101000000.0,30000000.0,69000000.0,0.09,0.08,794000000.0,821000000.0,957000000.0,,671000000.0,743000000.0,,,55000000.0,2506000000.0,,169000000.0,289000000.0,,290000000.0,3316000000.0,616000000.0,392000000.0,42000000.0,1581000000.0,,,,136000000.0,,-7346000000.0,-3000000.0,-413000000.0,3316000000.0,66000000.0,34000000.0,11000000.0,138000000.0,66000000.0,,,,,,-127000000.0,0.0,,,,,47000000.0,,1000000.0,303000000.0,2000000.0,0.0,-4000000.0,172000000.0,
2016-09-24,3166000000.0,,647000000.0,744000000.0,339000000.0,,-369000000.0,,-404000000.0,34000000.0,-446000000.0,-0.56,-0.56,815000000.0,815000000.0,1258000000.0,,640000000.0,772000000.0,,,78000000.0,2824000000.0,,161000000.0,289000000.0,,282000000.0,3616000000.0,582000000.0,384000000.0,54000000.0,1473000000.0,,,,126000000.0,,-7752000000.0,-3000000.0,385000000.0,3616000000.0,99000000.0,57000000.0,11000000.0,107000000.0,94000000.0,,,,,,-98000000.0,0.0,,,,,56000000.0,,-3000000.0,293000000.0,668000000.0,0.0,278000000.0,473000000.0,
2016-12-31,4272000000.0,,998000000.0,1008000000.0,460000000.0,,-372000000.0,,-458000000.0,39000000.0,-497000000.0,-0.6,-0.6,835000000.0,835000000.0,1264000000.0,,311000000.0,751000000.0,0.0,,109000000.0,2530000000.0,,164000000.0,289000000.0,,279000000.0,3321000000.0,440000000.0,391000000.0,63000000.0,1346000000.0,,11000000.0,,124000000.0,,-7803000000.0,-5000000.0,416000000.0,3321000000.0,133000000.0,86000000.0,20000000.0,-222000000.0,73000000.0,,,,,,90000000.0,0.0,,,,,77000000.0,,-2000000.0,267000000.0,667000000.0,0.0,122000000.0,479000000.0,20000000.0
2017-04-01,984000000.0,,331000000.0,266000000.0,121000000.0,,-29000000.0,,-66000000.0,5000000.0,-73000000.0,-0.08,-0.08,939000000.0,939000000.0,722000000.0,221000000.0,494000000.0,839000000.0,,,118000000.0,2498000000.0,,180000000.0,289000000.0,,274000000.0,3299000000.0,529000000.0,385000000.0,62000000.0,1372000000.0,,,,110000000.0,,-7876000000.0,-4000000.0,409000000.0,3299000000.0,34000000.0,23000000.0,,183000000.0,88000000.0,,,,,,-299000000.0,221000000.0,,,,,23000000.0,,2000000.0,-246000000.0,,,3000000.0,-542000000.0,
2017-07-01,2206000000.0,,735000000.0,545000000.0,246000000.0,,25000000.0,,-76000000.0,8000000.0,-89000000.0,-0.09,-0.09,945000000.0,945000000.0,760000000.0,84000000.0,614000000.0,833000000.0,,,142000000.0,2511000000.0,,200000000.0,289000000.0,,312000000.0,3370000000.0,483000000.0,430000000.0,72000000.0,1449000000.0,,,,129000000.0,,-7892000000.0,0.0,417000000.0,3370000000.0,69000000.0,47000000.0,0.0,303000000.0,82000000.0,,,,,,-381000000.0,221000000.0,,,,,35000000.0,,3000000.0,-122000000.0,,,-1000000.0,-504000000.0,
2017-09-30,3849000000.0,,1308000000.0,860000000.0,378000000.0,,126000000.0,,92000000.0,27000000.0,71000000.0,0.07,0.07,957000000.0,1042000000.0,879000000.0,,771000000.0,794000000.0,,,157000000.0,2699000000.0,,236000000.0,289000000.0,,305000000.0,3586000000.0,472000000.0,460000000.0,72000000.0,1591000000.0,,,,119000000.0,,-7821000000.0,2000000.0,520000000.0,3586000000.0,105000000.0,76000000.0,0.0,460000000.0,43000000.0,,,,,,-315000000.0,221000000.0,,,,,69000000.0,,2000000.0,-71000000.0,0.0,,1000000.0,-385000000.0,
2017-12-30,5329000000.0,,1823000000.0,1160000000.0,511000000.0,,204000000.0,,62000000.0,19000000.0,43000000.0,0.04,0.04,952000000.0,1039000000.0,1185000000.0,,400000000.0,739000000.0,0.0,,188000000.0,2622000000.0,,261000000.0,289000000.0,,310000000.0,3540000000.0,384000000.0,541000000.0,22000000.0,1486000000.0,,11000000.0,,118000000.0,,-7760000000.0,6000000.0,611000000.0,3540000000.0,144000000.0,97000000.0,-16000000.0,89000000.0,-12000000.0,,,,,,68000000.0,222000000.0,,,,,113000000.0,,2000000.0,-114000000.0,0.0,0.0,-33000000.0,-79000000.0,20000000.0
2018-03-31,1647000000.0,,597000000.0,343000000.0,134000000.0,,120000000.0,,90000000.0,8000000.0,81000000.0,0.08,0.08,968000000.0,1039000000.0,1045000000.0,,738000000.0,715000000.0,,,168000000.0,2751000000.0,,290000000.0,289000000.0,,376000000.0,3763000000.0,456000000.0,485000000.0,147000000.0,1697000000.0,,,,186000000.0,,-7692000000.0,3000000.0,715000000.0,3763000000.0,44000000.0,32000000.0,,284000000.0,21000000.0,,,,,,-86000000.0,0.0,,,,,46000000.0,,0.0,-46000000.0,,,-8000000.0,-140000000.0,
2018-06-30,3403000000.0,2154000000.0,1249000000.0,700000000.0,276000000.0,,273000000.0,,213000000.0,14000000.0,197000000.0,0.2,0.19,972000000.0,1147000000.0,948000000.0,35000000.0,1118000000.0,750000000.0,,,155000000.0,3099000000.0,,295000000.0,289000000.0,,363000000.0,4103000000.0,520000000.0,577000000.0,67000000.0,1868000000.0,,,,186000000.0,,-7576000000.0,-10000000.0,879000000.0,4103000000.0,86000000.0,65000000.0,,664000000.0,56000000.0,,,,,,-131000000.0,35000000.0,,,,,89000000.0,,0.0,-124000000.0,,,20000000.0,-235000000.0,
2018-09-29,5056000000.0,3146000000.0,1910000000.0,1063000000.0,424000000.0,,423000000.0,,327000000.0,26000000.0,299000000.0,0.31,0.28,987000000.0,1076000000.0,1046000000.0,10000000.0,1207000000.0,738000000.0,,,200000000.0,3314000000.0,,318000000.0,289000000.0,,368000000.0,4347000000.0,508000000.0,688000000.0,3000000.0,1878000000.0,,,,177000000.0,,-7474000000.0,-10000000.0,1125000000.0,4347000000.0,127000000.0,101000000.0,0.0,753000000.0,44000000.0,,,,,,-36000000.0,45000000.0,,,,,122000000.0,,0.0,-132000000.0,,,28000000.0,-140000000.0,
2018-12-29,6475000000.0,4028000000.0,2447000000.0,1434000000.0,562000000.0,,451000000.0,,328000000.0,-9000000.0,337000000.0,0.34,0.32,982000000.0,1064000000.0,1078000000.0,78000000.0,1235000000.0,845000000.0,4000000.0,,195000000.0,3540000000.0,,348000000.0,289000000.0,,321000000.0,4556000000.0,528000000.0,763000000.0,11000000.0,1984000000.0,,11000000.0,,192000000.0,,-7436000000.0,-8000000.0,1266000000.0,4556000000.0,170000000.0,137000000.0,-4000000.0,806000000.0,151000000.0,,,,,,34000000.0,123000000.0,,,,,163000000.0,,0.0,-170000000.0,0.0,0.0,28000000.0,-108000000.0,-8000000.0
2019-03-30,1272000000.0,751000000.0,521000000.0,373000000.0,170000000.0,,38000000.0,,4000000.0,-13000000.0,16000000.0,0.01,0.01,1044000000.0,1094000000.0,978000000.0,216000000.0,1241000000.0,955000000.0,,,172000000.0,3677000000.0,,377000000.0,289000000.0,,317000000.0,4931000000.0,484000000.0,719000000.0,2000000.0,1764000000.0,,,,142000000.0,,-7420000000.0,-1000000.0,1788000000.0,4931000000.0,46000000.0,41000000.0,,5000000.0,110000000.0,,,,,,-213000000.0,231000000.0,,,,,62000000.0,,-2000000.0,-173000000.0,,,286000000.0,-100000000.0,
2019-06-29,2803000000.0,1661000000.0,1142000000.0,746000000.0,359000000.0,,97000000.0,,41000000.0,-11000000.0,51000000.0,0.05,0.05,1084000000.0,1109000000.0,963000000.0,165000000.0,1333000000.0,1015000000.0,,,,3754000000.0,,458000000.0,289000000.0,,331000000.0,5102000000.0,828000000.0,727000000.0,1000000.0,1804000000.0,,,,155000000.0,,-7385000000.0,0.0,1901000000.0,5102000000.0,98000000.0,86000000.0,,98000000.0,170000000.0,,,,,,-183000000.0,231000000.0,,,,,120000000.0,,-2000000.0,-180000000.0,,,248000000.0,-115000000.0,
2019-09-28,4604000000.0,2685000000.0,1919000000.0,1152000000.0,544000000.0,,283000000.0,,167000000.0,7000000.0,171000000.0,0.16,0.15,1097000000.0,1117000000.0,1156000000.0,53000000.0,1393000000.0,1040000000.0,,,,3912000000.0,,453000000.0,289000000.0,,335000000.0,5253000000.0,763000000.0,837000000.0,5000000.0,1864000000.0,,,,140000000.0,,-7265000000.0,-7000000.0,2176000000.0,5253000000.0,158000000.0,140000000.0,,158000000.0,195000000.0,,,,,,51000000.0,284000000.0,,,,,175000000.0,,-2000000.0,-123000000.0,,,150000000.0,78000000.0,
2019-12-28,6731000000.0,3863000000.0,2868000000.0,1547000000.0,750000000.0,,631000000.0,,372000000.0,31000000.0,341000000.0,0.31,0.3,1091000000.0,1120000000.0,1466000000.0,37000000.0,1859000000.0,982000000.0,11000000.0,,,4597000000.0,,500000000.0,289000000.0,,379000000.0,6028000000.0,988000000.0,1084000000.0,2000000.0,2359000000.0,,,,157000000.0,,-7095000000.0,0.0,2827000000.0,6028000000.0,222000000.0,197000000.0,-7000000.0,623000000.0,137000000.0,,,,,,493000000.0,284000000.0,,,,,217000000.0,,-2000000.0,-149000000.0,,0.0,43000000.0,387000000.0,-4000000.0
2020-03-28,1786000000.0,968000000.0,818000000.0,442000000.0,199000000.0,,177000000.0,,168000000.0,6000000.0,162000000.0,0.14,0.14,1170000000.0,1224000000.0,1330000000.0,55000000.0,1691000000.0,1056000000.0,,,,4390000000.0,,540000000.0,289000000.0,,366000000.0,5864000000.0,653000000.0,1070000000.0,,1985000000.0,,,,143000000.0,,-6933000000.0,-14000000.0,3037000000.0,5864000000.0,68000000.0,59000000.0,,-168000000.0,74000000.0,,,,,,-65000000.0,55000000.0,,,,,55000000.0,,0.0,-73000000.0,,,2000000.0,-136000000.0,
2020-06-27,3718000000.0,2052000000.0,1666000000.0,902000000.0,414000000.0,,350000000.0,,328000000.0,10000000.0,319000000.0,0.27,0.27,1174000000.0,1227000000.0,1775000000.0,0.0,1789000000.0,1324000000.0,,,,5109000000.0,,585000000.0,289000000.0,,326000000.0,6583000000.0,802000000.0,1172000000.0,,2434000000.0,,,,150000000.0,,-6776000000.0,-4000000.0,3305000000.0,6583000000.0,140000000.0,119000000.0,,-64000000.0,342000000.0,,,,,,178000000.0,55000000.0,,,,,146000000.0,,0.0,-109000000.0,,,240000000.0,309000000.0,
2020-09-26,6519000000.0,3623000000.0,2896000000.0,1410000000.0,687000000.0,,799000000.0,,729000000.0,22000000.0,709000000.0,0.6,0.59,1184000000.0,1215000000.0,1296000000.0,,2134000000.0,1292000000.0,,,,5500000000.0,,595000000.0,289000000.0,,364000000.0,7023000000.0,752000000.0,1478000000.0,,2417000000.0,,,,161000000.0,,-6386000000.0,5000000.0,3867000000.0,7023000000.0,,195000000.0,,287000000.0,310000000.0,,,,,,517000000.0,,,,,,220000000.0,,0.0,-658000000.0,,,-29000000.0,-170000000.0,
2020-12-26,9763000000.0,5416000000.0,4347000000.0,1983000000.0,995000000.0,,1369000000.0,,1280000000.0,-1210000000.0,2490000000.0,2.1,2.06,1184000000.0,1207000000.0,1595000000.0,,2066000000.0,1399000000.0,1420000000.0,,,6143000000.0,,641000000.0,289000000.0,,373000000.0,8962000000.0,468000000.0,1796000000.0,,2417000000.0,,,,177000000.0,,-4605000000.0,17000000.0,5837000000.0,8962000000.0,,274000000.0,-1223000000.0,219000000.0,417000000.0,,,-513000000.0,,,1071000000.0,,,,,,294000000.0,,0.0,-952000000.0,,,6000000.0,125000000.0,8000000.0
2021-03-27,3445000000.0,1858000000.0,1587000000.0,610000000.0,319000000.0,,662000000.0,,642000000.0,89000000.0,555000000.0,0.46,0.45,1213000000.0,1231000000.0,1763000000.0,,2178000000.0,1653000000.0,,,,7197000000.0,,681000000.0,289000000.0,,412000000.0,10047000000.0,949000000.0,1779000000.0,,2864000000.0,,,,155000000.0,,-4058000000.0,6000000.0,6477000000.0,10047000000.0,,85000000.0,,112000000.0,254000000.0,,,466000000.0,,,898000000.0,,,,,,66000000.0,,-2000000.0,-722000000.0,,,-8000000.0,168000000.0,
2021-06-26,7295000000.0,3878000000.0,3417000000.0,1269000000.0,660000000.0,,1493000000.0,,1463000000.0,202000000.0,1265000000.0,1.04,1.03,1216000000.0,1232000000.0,2623000000.0,,2020000000.0,1765000000.0,,,,7818000000.0,,671000000.0,289000000.0,,509000000.0,10691000000.0,836000000.0,1911000000.0,,2892000000.0,,,,181000000.0,,-3348000000.0,7000000.0,7065000000.0,10691000000.0,,168000000.0,,-46000000.0,366000000.0,,,346000000.0,,,1850000000.0,,,,,,130000000.0,,-2000000.0,-603000000.0,,,-219000000.0,1028000000.0,
2021-09-25,11608000000.0,6105000000.0,5503000000.0,2034000000.0,1036000000.0,,2441000000.0,,2466000000.0,284000000.0,2188000000.0,1.8,1.78,1214000000.0,1231000000.0,2440000000.0,,2224000000.0,1902000000.0,,,,7988000000.0,,717000000.0,289000000.0,,770000000.0,11153000000.0,1048000000.0,2048000000.0,,3564000000.0,,,,183000000.0,,-2425000000.0,0.0,7136000000.0,11153000000.0,,267000000.0,,158000000.0,504000000.0,,,526000000.0,,,2699000000.0,,,,,,215000000.0,,-2000000.0,-686000000.0,,,-1168000000.0,845000000.0,
2021-12-25,16434000000.0,8505000000.0,7929000000.0,2845000000.0,1448000000.0,,3648000000.0,,3675000000.0,513000000.0,3162000000.0,2.61,2.57,1213000000.0,1229000000.0,2535000000.0,,2706000000.0,1955000000.0,1118000000.0,,,8583000000.0,,702000000.0,289000000.0,,1478000000.0,12419000000.0,1321000000.0,2424000000.0,,4240000000.0,,,,333000000.0,,-1451000000.0,-3000000.0,7497000000.0,12419000000.0,,379000000.0,308000000.0,640000000.0,556000000.0,,,801000000.0,,,3521000000.0,,,,,,301000000.0,,7000000.0,-686000000.0,,,-1895000000.0,940000000.0,35000000.0
2022-03-26,5887000000.0,3069000000.0,2818000000.0,1060000000.0,597000000.0,,951000000.0,,896000000.0,113000000.0,786000000.0,0.56,0.56,1393000000.0,1410000000.0,4740000000.0,,3677000000.0,2431000000.0,,,,13369000000.0,,1406000000.0,23100000000.0,26832000000.0,1705000000.0,66915000000.0,1476000000.0,3070000000.0,,5581000000.0,,,,1047000000.0,,-665000000.0,-2000000.0,55333000000.0,66915000000.0,,199000000.0,,672000000.0,26000000.0,,,4000000.0,,,995000000.0,,,,,,71000000.0,,1000000.0,3158000000.0,,,-1948000000.0,2205000000.0,
2022-06-25,12437000000.0,6591000000.0,5846000000.0,2360000000.0,1189000000.0,,1477000000.0,,1393000000.0,167000000.0,1233000000.0,0.82,0.81,1618000000.0,1632000000.0,4964000000.0,,4050000000.0,2648000000.0,,,,13462000000.0,,1441000000.0,24200000000.0,26159000000.0,1657000000.0,67502000000.0,1518000000.0,3074000000.0,,5523000000.0,,,,1118000000.0,,-218000000.0,-33000000.0,55169000000.0,67502000000.0,,491000000.0,,1016000000.0,274000000.0,,,28000000.0,,,2033000000.0,,,,,1558000000.0,203000000.0,,4000000.0,2230000000.0,,,-1834000000.0,2429000000.0,544000000.0
2022-09-24,18002000000.0,9802000000.0,8200000000.0,3639000000.0,1746000000.0,,1413000000.0,,1320000000.0,-135000000.0,1299000000.0,0.84,0.84,1615000000.0,1625000000.0,3398000000.0,,4336000000.0,3369000000.0,,,,14420000000.0,,1486000000.0,24200000000.0,25162000000.0,1954000000.0,67811000000.0,2337000000.0,3598000000.0,,6691000000.0,,,,1610000000.0,,-152000000.0,-88000000.0,54542000000.0,67811000000.0,,766000000.0,,1301000000.0,997000000.0,,,811000000.0,,,2998000000.0,,,,,,326000000.0,,15000000.0,932000000.0,,,-3067000000.0,863000000.0,584000000.0
2022-12-31,23601000000.0,12998000000.0,10603000000.0,5005000000.0,2336000000.0,,1264000000.0,,1198000000.0,-122000000.0,1320000000.0,0.85,0.84,1561000000.0,1571000000.0,4835000000.0,,4126000000.0,3771000000.0,2465000000.0,,,15019000000.0,,1513000000.0,24200000000.0,24118000000.0,2152000000.0,67580000000.0,2493000000.0,3077000000.0,,6369000000.0,,,,1664000000.0,,-131000000.0,-41000000.0,54750000000.0,67580000000.0,,1081000000.0,1505000000.0,1091000000.0,1401000000.0,,,931000000.0,,,3565000000.0,,,,,,450000000.0,,16000000.0,1999000000.0,,,-3264000000.0,2300000000.0,685000000.0
2023-04-01,5353000000.0,2994000000.0,2359000000.0,1411000000.0,585000000.0,,-145000000.0,,-127000000.0,13000000.0,-139000000.0,-0.09,-0.09,1611000000.0,1611000000.0,3825000000.0,,4040000000.0,4235000000.0,,,,15658000000.0,,1500000000.0,24177000000.0,23291000000.0,2410000000.0,67634000000.0,2518000000.0,3167000000.0,,6577000000.0,,,1300000000.0,1874000000.0,,-270000000.0,-21000000.0,54694000000.0,67634000000.0,,309000000.0,,-86000000.0,464000000.0,,,73000000.0,,,486000000.0,,,,,,158000000.0,,-6000000.0,-1237000000.0,,,-259000000.0,-1010000000.0,
2023-07-01,10712000000.0,5910000000.0,4802000000.0,2854000000.0,1132000000.0,,-165000000.0,,-129000000.0,-23000000.0,-112000000.0,-0.07,-0.07,1612000000.0,1627000000.0,3841000000.0,,4312000000.0,4567000000.0,,,,16505000000.0,,1541000000.0,24177000000.0,22598000000.0,2527000000.0,67967000000.0,2779000000.0,2971000000.0,,7572000000.0,,,1500000000.0,1787000000.0,,-243000000.0,-32000000.0,55136000000.0,67967000000.0,,657000000.0,,186000000.0,796000000.0,,,309000000.0,,,865000000.0,,,,,0.0,283000000.0,,-5000000.0,-1675000000.0,,,-184000000.0,-994000000.0,46000000.0
2023-09-30,16512000000.0,8963000000.0,7549000000.0,4361000000.0,1708000000.0,,224000000.0,,257000000.0,-49000000.0,299000000.0,0.18,0.18,1616000000.0,1629000000.0,3561000000.0,,5054000000.0,4445000000.0,,,,16688000000.0,,1566000000.0,24186000000.0,21950000000.0,2560000000.0,67626000000.0,2245000000.0,3376000000.0,,7627000000.0,,,1500000000.0,1767000000.0,,56000000.0,-50000000.0,54970000000.0,67626000000.0,2654000000.0,1010000000.0,,929000000.0,674000000.0,,,-238000000.0,,,1286000000.0,,,,,,407000000.0,,5000000.0,-1573000000.0,,,-987000000.0,-1274000000.0,34000000.0
2023-12-30,22680000000.0,12220000000.0,10460000000.0,5872000000.0,2352000000.0,,401000000.0,,508000000.0,-346000000.0,854000000.0,0.53,0.53,1614000000.0,1625000000.0,3933000000.0,,5376000000.0,4351000000.0,3102000000.0,,,16768000000.0,,1589000000.0,24300000000.0,21363000000.0,2805000000.0,67885000000.0,2055000000.0,3082000000.0,,6689000000.0,,,1400000000.0,1850000000.0,,723000000.0,-10000000.0,55892000000.0,67885000000.0,,1384000000.0,1019000000.0,1250000000.0,580000000.0,,,-419000000.0,,,1667000000.0,,,,,,546000000.0,,11000000.0,-1423000000.0,,,-1146000000.0,-902000000.0,523000000.0
2024-03-30,5473000000.0,2913000000.0,2560000000.0,1525000000.0,620000000.0,,36000000.0,,64000000.0,-52000000.0,123000000.0,0.08,0.07,1617000000.0,1639000000.0,4190000000.0,,5038000000.0,4652000000.0,,,,17084000000.0,,1624000000.0,24262000000.0,20741000000.0,3013000000.0,67895000000.0,1418000000.0,3444000000.0,,6474000000.0,,,1500000000.0,1776000000.0,,846000000.0,-28000000.0,56198000000.0,67895000000.0,,371000000.0,,-338000000.0,368000000.0,,,-636000000.0,,,521000000.0,,,,,,142000000.0,,3000000.0,-135000000.0,,,-129000000.0,257000000.0,87000000.0
2024-06-29,11308000000.0,5884000000.0,5424000000.0,3108000000.0,1270000000.0,,305000000.0,,363000000.0,41000000.0,388000000.0,0.24,0.24,1618000000.0,1638000000.0,4113000000.0,,5749000000.0,4991000000.0,,,,17465000000.0,,1666000000.0,24262000000.0,20138000000.0,2990000000.0,67886000000.0,1699000000.0,3629000000.0,,6195000000.0,,,1500000000.0,1716000000.0,,1111000000.0,-29000000.0,56538000000.0,67886000000.0,,717000000.0,,373000000.0,710000000.0,,,-356000000.0,,,1114000000.0,,,,,,296000000.0,,92000000.0,251000000.0,,,-1185000000.0,180000000.0,311000000.0
2024-09-28,18127000000.0,9284000000.0,8843000000.0,4744000000.0,1991000000.0,,1029000000.0,,1100000000.0,-38000000.0,1159000000.0,0.72,0.71,1620000000.0,1638000000.0,3897000000.0,,7241000000.0,5374000000.0,,,,18735000000.0,,1669000000.0,24839000000.0,19572000000.0,2854000000.0,69636000000.0,2530000000.0,4120000000.0,,7500000000.0,,,1500000000.0,1751000000.0,,1882000000.0,2000000.0,56985000000.0,69636000000.0,,1068000000.0,,1862000000.0,1096000000.0,,,476000000.0,,,1742000000.0,,,,,548000000.0,428000000.0,,129000000.0,113000000.0,,,-1891000000.0,-36000000.0,1011000000.0
,,,,,,,,,,,,,,,,,,,,,,,,,,,,,,,,,,,,,,,,,,,,,,,,,,,,,,,,,,,,,,,,,,,
,,,,,,,,,,,,,,,,,,,,,,,,,,,,,,,,,,,,,,,,,,,,,,,,,,,,,,,,,,,,,,,,,,,
