Date,Net sales,Cost of sales,Gross margin,Research and development,"Selling, general and administrative",Total operating expenses,Operating income,"Other income/(expense), net",Income before provision for income taxes,Provision for income taxes,Net income,Earnings per share basic,Earnings per share diluted,Weighted-average basic,Weighted-average diluted,Cash and cash equivalents,Short-term marketable securities,"Accounts receivable, net",Inventories,Deferred tax assets,Vendor non-trade receivables,Other current assets,Total current assets,Long-term marketable securities,"Property, Plant and Equipment, Net",Goodwill,"Acquired intangible assets, net","Other Assets, Noncurrent",Total assets,accounts payable,Accrued expenses,Deferred revenue,Total current liabilities,Deferred revenue - non-current,deferred tax liabilities,long term taxes payable,Total other non-current liabilities,Total liabilities,Retained Earnings (Accumulated Deficit),Accumulated other comprehensive (loss)/income,Total shareholders equity,Total liabilities and shareholders' equity,"Depreciation, amortization and accretion",Stock-based compensation expense,Deferred income tax expense,"Increase (Decrease) in Accounts receivable, net",Increase (Decrease) in Inventories,Increase (Decrease) in Other Receivables,Increase (Decrease) in Other Operating Assets,Increase (Decrease) in Accounts Payable,Increase (Decrease) in Deferred Revenue,Increase (Decrease) Other liabilities,Cash generated by operating activities,Purchases of marketable securities,Proceeds from maturities of marketable securities,Proceeds from sales of marketable securities,Purchases of other long-term investments,"Business acquisitions, net of cash acquired",Cash payments for capital asset purchases,Payments for acquisition of intangible assets,Payments for (Proceeds from) Other Investing Activities,Cash used in investing activities,Proceeds from issuance of common stock,Excess tax benefits from stock-based compensation,Cash generated/used in financing activities,Increase/(decrease) in cash and cash equivalents,"Cash paid for income taxes, net"
2009-12-31,2098355000.0,,,,254143000.0,1732305000.0,366050000.0,,294633000.0,88863000.0,205770000.0,1.93,1.91,106788000.0,107850000.0,246356000.0,4994000.0,,311542000.0,30669000.0,,44486000.0,969430000.0,,310053000.0,1277291000.0,521888000.0,,3246032000.0,191779000.0,133357000.0,,424282000.0,,206354000.0,,92492000.0,1679008000.0,1500471000.0,-75281000.0,1567024000.0,3246032000.0,,13502000.0,5768000.0,87146000.0,,,,,,,364671000.0,,,,,72919000.0,33062000.0,,-275000.0,-106344000.0,,4096000.0,-102519000.0,159376000.0,
2010-03-31,556662000.0,,,,67543000.0,454216000.0,102446000.0,,85177000.0,27232000.0,57945000.0,0.54,0.54,106619000.0,107570000.0,255632000.0,5296000.0,,305960000.0,26090000.0,,47116000.0,996281000.0,,298207000.0,1261030000.0,504407000.0,,3225017000.0,203532000.0,138043000.0,,449328000.0,,204849000.0,,98512000.0,1699137000.0,1552019000.0,-108548000.0,1525880000.0,3225017000.0,,3601000.0,3862000.0,,,,,,,,91863000.0,,,,,3225000.0,5811000.0,,,-9036000.0,,1584000.0,-70420000.0,9276000.0,
2010-06-30,1148603000.0,,,,137392000.0,930562000.0,218041000.0,,182421000.0,57085000.0,125336000.0,1.18,1.17,106143000.0,107119000.0,230793000.0,4592000.0,,315747000.0,22771000.0,,43915000.0,984945000.0,,290437000.0,1296586000.0,531824000.0,,3267048000.0,213927000.0,145239000.0,,462392000.0,,217192000.0,,96796000.0,1713672000.0,1613171000.0,-138898000.0,1553376000.0,3267048000.0,,7996000.0,3222000.0,,,,,,,,180382000.0,,,,,92653000.0,12688000.0,,-4020000.0,-101321000.0,,2587000.0,-86710000.0,-15563000.0,
2010-09-30,1792977000.0,,,,213261000.0,1446343000.0,346634000.0,,291236000.0,88543000.0,202693000.0,1.91,1.89,106016000.0,107148000.0,135017000.0,5176000.0,,332431000.0,20735000.0,,47465000.0,930937000.0,,304181000.0,1489574000.0,690360000.0,,3579305000.0,227567000.0,170869000.0,,463339000.0,,278755000.0,,94436000.0,1911201000.0,1684140000.0,-104058000.0,1668104000.0,3579305000.0,,12347000.0,4436000.0,,,,,,,,294674000.0,,,,,373653000.0,22446000.0,,-3766000.0,-392333000.0,,3549000.0,-11797000.0,-111339000.0,
2010-12-31,2470952000.0,,,56800000.0,296482000.0,1988794000.0,482158000.0,,406250000.0,122318000.0,283932000.0,1.79,1.76,159056000.0,160884000.0,163208000.0,5645000.0,,335253000.0,284360000.0,,43367000.0,974492000.0,,318126000.0,1573645000.0,761556000.0,,3818915000.0,236600000.0,178081000.0,,550859000.0,,311466000.0,,110026000.0,2043711000.0,1755742000.0,-91958000.0,1775204000.0,3818915000.0,,16596000.0,3774000.0,43179000.0,,,,,,,423013000.0,,,,,538585000.0,39183000.0,,-11564000.0,-566823000.0,,8990000.0,62629000.0,-83148000.0,
2011-03-31,717783000.0,,,,81492000.0,565763000.0,152020000.0,,133385000.0,42950000.0,90435000.0,0.57,0.56,159728000.0,162186000.0,155009000.0,6665000.0,,351424000.0,32868000.0,,42343000.0,1022826000.0,,317635000.0,1591779000.0,760966000.0,,3893298000.0,261579000.0,165452000.0,,491023000.0,,320326000.0,,119034000.0,2011079000.0,1836529000.0,-73661000.0,1882219000.0,3893298000.0,,4332000.0,2869000.0,,,,,,,,103640000.0,,,,,,10371000.0,,,-13537000.0,,970000.0,-101399000.0,-8199000.0,
2011-06-30,1476617000.0,,,,171177000.0,1167642000.0,308975000.0,,270620000.0,86041000.0,184579000.0,1.15,1.14,160406000.0,162215000.0,196593000.0,6517000.0,,364317000.0,34203000.0,,41637000.0,1083132000.0,,331614000.0,1712781000.0,826720000.0,,4154774000.0,266709000.0,175319000.0,,601895000.0,,361726000.0,,122226000.0,2169131000.0,1921008000.0,-66543000.0,1985643000.0,4154774000.0,,14275000.0,4995000.0,,,,,,,,218795000.0,,,,,182506000.0,20559000.0,,2959000.0,-206024000.0,,8849000.0,15655000.0,33385000.0,
2011-09-30,2227163000.0,,,,257196000.0,1758602000.0,468561000.0,,409663000.0,127106000.0,282557000.0,1.76,1.74,160924000.0,162514000.0,218274000.0,5490000.0,,363838000.0,33247000.0,,34677000.0,1080537000.0,,318636000.0,1677319000.0,836572000.0,,4116301000.0,263143000.0,180335000.0,,518207000.0,,361791000.0,,117903000.0,2068441000.0,2009321000.0,-101911000.0,2047860000.0,4116301000.0,,18356000.0,-134000.0,,,,,,,,355839000.0,,,,,182506000.0,32410000.0,,2150000.0,-217066000.0,,11654000.0,-78213000.0,55066000.0,
2011-12-31,2989914000.0,,,78000000.0,349321000.0,2353973000.0,635941000.0,,556642000.0,172178000.0,384464000.0,2.4,2.37,160255000.0,162108000.0,170392000.0,4563000.0,,380471000.0,-359820000.0,,36180000.0,1059119000.0,,325329000.0,1806237000.0,982957000.0,,4319490000.0,283068000.0,181172000.0,,628875000.0,,389088000.0,,125306000.0,2266685000.0,2101615000.0,-157263000.0,2052805000.0,4319490000.0,,22147000.0,12154000.0,12450000.0,,,,,,,508565000.0,,,,,474441000.0,50816000.0,,2181000.0,-526453000.0,,13056000.0,31858000.0,7184000.0,
2012-03-31,827152000.0,,,,95036000.0,644376000.0,182776000.0,,161699000.0,51549000.0,110150000.0,0.69,0.68,160124000.0,162205000.0,219304000.0,5155000.0,,393259000.0,27703000.0,,39119000.0,1152861000.0,,334369000.0,1929063000.0,1050337000.0,,4608592000.0,291026000.0,174560000.0,,750142000.0,,409025000.0,,126827000.0,2419159000.0,2202122000.0,-135846000.0,2189433000.0,4608592000.0,,4058000.0,-2300000.0,,,,,,,,140885000.0,,,,,179356000.0,8398000.0,,-4291000.0,-183463000.0,,3136000.0,87193000.0,48912000.0,
2012-06-30,1653050000.0,,,,190682000.0,1285296000.0,367754000.0,,325986000.0,102149000.0,223837000.0,0.93,0.92,241168000.0,243214000.0,163595000.0,4877000.0,,415610000.0,28930000.0,,36199000.0,1132010000.0,,361485000.0,2052547000.0,1196997000.0,,4885204000.0,299731000.0,183999000.0,,896380000.0,,433815000.0,,141562000.0,2594650000.0,2301259000.0,-160950000.0,2290554000.0,4885204000.0,,10213000.0,1218000.0,,,,,,,,256634000.0,,,,,497785000.0,20515000.0,,-648000.0,-517652000.0,,10021000.0,255269000.0,-6797000.0,
2012-09-30,2492423000.0,,,,286703000.0,1936505000.0,555918000.0,,491674000.0,152440000.0,339234000.0,1.41,1.39,242138000.0,244229000.0,162851000.0,5253000.0,,407898000.0,30825000.0,,36141000.0,1135832000.0,,361680000.0,2065772000.0,1188153000.0,,4893511000.0,288221000.0,196674000.0,,762393000.0,,432797000.0,,145070000.0,2469643000.0,2402092000.0,-141285000.0,2423868000.0,4893511000.0,,14575000.0,-1414000.0,,,,,,,,419174000.0,,,,,497785000.0,33256000.0,,-649000.0,-530392000.0,,12319000.0,101443000.0,-7541000.0,
2012-12-31,3334213000.0,,,84900000.0,380532000.0,2588341000.0,745872000.0,,662475000.0,203343000.0,459132000.0,1.9,1.88,241512000.0,243986000.0,157984000.0,,,428935000.0,-449551000.0,,36673000.0,1164743000.0,,383483000.0,2208239000.0,1309727000.0,,5190056000.0,321183000.0,197534000.0,,879969000.0,,482852000.0,,158963000.0,2654905000.0,2507419000.0,-151330000.0,2535151000.0,5190056000.0,,19384000.0,3552000.0,4225000.0,,,,,,,612464000.0,,,,,747675000.0,57427000.0,,-1371000.0,-803731000.0,,14970000.0,174539000.0,-12408000.0,
2013-03-31,882853000.0,,,,97608000.0,685618000.0,197235000.0,,176388000.0,51242000.0,125146000.0,0.51,0.51,243285000.0,245411000.0,177335000.0,,,434044000.0,34332000.0,,39271000.0,1214164000.0,,375660000.0,2177533000.0,1282984000.0,,5174475000.0,342565000.0,187870000.0,,799137000.0,,480562000.0,,157062000.0,2552364000.0,2617998000.0,-183219000.0,2622111000.0,5174475000.0,,6770000.0,,,,,,,,,156818000.0,,,,,,10921000.0,,-3922000.0,-6999000.0,,4861000.0,-126247000.0,19351000.0,
2013-06-30,1761662000.0,,,,192520000.0,1361814000.0,399848000.0,,358180000.0,104713000.0,253467000.0,1.04,1.03,243666000.0,246104000.0,207614000.0,,,438912000.0,35889000.0,,39839000.0,1243801000.0,,372715000.0,2181997000.0,1273111000.0,,5192534000.0,332038000.0,188941000.0,,679456000.0,,482487000.0,,155362000.0,2435391000.0,2731732000.0,-174820000.0,2757143000.0,5192534000.0,,11508000.0,,,,,,,,,284976000.0,,,,,,21613000.0,,-4432000.0,-17181000.0,,7415000.0,-214077000.0,49630000.0,
2013-09-30,2651668000.0,,,,291489000.0,2047134000.0,604534000.0,,538332000.0,157001000.0,381331000.0,1.56,1.55,244049000.0,245930000.0,254878000.0,,,449133000.0,39757000.0,,32697000.0,1308557000.0,,383594000.0,2300466000.0,1342935000.0,,5461222000.0,330801000.0,208216000.0,,732221000.0,,498494000.0,,161115000.0,2526994000.0,2844992000.0,-130924000.0,2934228000.0,5461222000.0,,16526000.0,,,,,,,,,451107000.0,,,,,163978000.0,37147000.0,,-4837000.0,-183489000.0,,12861000.0,-174683000.0,96894000.0,
2013-12-31,3594136000.0,,,93900000.0,398177000.0,2779057000.0,815079000.0,,724795000.0,207796000.0,516999000.0,2.12,2.1,243915000.0,246065000.0,295203000.0,,,452848000.0,-519740000.0,,45562000.0,1369129000.0,,402790000.0,2408363000.0,1473926000.0,,5877902000.0,347638000.0,213585000.0,,874545000.0,,558555000.0,,166931000.0,2741781000.0,2966015000.0,-65239000.0,3136121000.0,5877902000.0,,21591000.0,-2938000.0,-5247000.0,,,,,,,660659000.0,,,,,414315000.0,63314000.0,,-4497000.0,-460333000.0,,16185000.0,-70284000.0,137219000.0,
2014-03-31,975292000.0,,,,112625000.0,753661000.0,221631000.0,,198916000.0,58330000.0,140586000.0,0.57,0.57,244911000.0,247229000.0,265335000.0,,,483448000.0,41430000.0,,51551000.0,1434171000.0,,405913000.0,2476845000.0,1546322000.0,,6088843000.0,370047000.0,214348000.0,,931805000.0,,576387000.0,,165201000.0,2816211000.0,3091938000.0,-65526000.0,3272632000.0,6088843000.0,,4166000.0,,,,,,,,,160961000.0,,,,,161489000.0,14460000.0,,-2364000.0,-173585000.0,,2558000.0,-14914000.0,-29868000.0,
2014-06-30,1966010000.0,,,,225941000.0,1512651000.0,453359000.0,,407337000.0,116688000.0,290649000.0,1.19,1.18,245201000.0,247403000.0,282771000.0,,,538287000.0,50022000.0,,65439000.0,1530670000.0,,459187000.0,2610381000.0,1658208000.0,,6485003000.0,382574000.0,239301000.0,,1121825000.0,,623092000.0,,169920000.0,3063085000.0,3219978000.0,-58060000.0,3421918000.0,6485003000.0,,10308000.0,,,,,,,,,316039000.0,,,,,458683000.0,29288000.0,,-2246000.0,-485725000.0,,5299000.0,158131000.0,-12432000.0,
2014-09-30,2997821000.0,,,,345146000.0,2326319000.0,671502000.0,,597298000.0,164838000.0,432460000.0,1.76,1.75,245439000.0,247643000.0,369613000.0,,,526674000.0,47404000.0,,52987000.0,1590130000.0,,451551000.0,2633188000.0,1665033000.0,,6571061000.0,381820000.0,251246000.0,,831709000.0,,634611000.0,,163452000.0,3103254000.0,3339749000.0,-141471000.0,3467807000.0,6571061000.0,,15055000.0,,,,,,,,,512654000.0,,,,,573647000.0,47279000.0,,-2392000.0,-617584000.0,,6279000.0,193935000.0,74410000.0,
2014-12-31,4021964000.0,,,119300000.0,462637000.0,3123378000.0,898586000.0,,804832000.0,220372000.0,584460000.0,2.39,2.37,244885000.0,247102000.0,377615000.0,,,495896000.0,-573332000.0,,74578000.0,1578604000.0,,448446000.0,2614030000.0,1625561000.0,,6420963000.0,386207000.0,236579000.0,,936144000.0,,618385000.0,,199048000.0,3181402000.0,3469923000.0,-266894000.0,3239561000.0,6420963000.0,,19871000.0,18670000.0,35258000.0,,,,,,,725962000.0,,,,,573647000.0,71327000.0,,-2391000.0,-641633000.0,,7889000.0,24139000.0,82412000.0,
2015-03-31,984059000.0,,,,110884000.0,763107000.0,220952000.0,,196786000.0,54679000.0,142107000.0,0.59,0.59,240947000.0,242797000.0,406587000.0,,,506086000.0,46081000.0,,57699000.0,1608754000.0,,434401000.0,2566962000.0,1579052000.0,,6335240000.0,381054000.0,232451000.0,,898502000.0,,607547000.0,,146691000.0,3071378000.0,3590387000.0,-361696000.0,3263862000.0,6335240000.0,,4862000.0,,,,,,,,,121926000.0,,,,,,14372000.0,,,-14372000.0,,6082000.0,-53245000.0,28972000.0,
2015-06-30,1987785000.0,,,,223586000.0,1526514000.0,461271000.0,,411934000.0,114314000.0,297620000.0,1.23,1.22,241498000.0,243621000.0,326588000.0,,,541919000.0,41652000.0,,70103000.0,1599342000.0,,484932000.0,2668625000.0,1657268000.0,,6557811000.0,384254000.0,239790000.0,,830131000.0,,632891000.0,,159549000.0,3104477000.0,3724314000.0,-312519000.0,3453334000.0,6557811000.0,,12079000.0,,,,,,,,,285388000.0,,,,,198806000.0,25987000.0,,426000.0,-224798000.0,,18716000.0,-98205000.0,-51027000.0,
2015-09-30,2986312000.0,,,,335702000.0,2287426000.0,698886000.0,,623540000.0,169522000.0,454018000.0,1.89,1.87,240801000.0,242552000.0,328034000.0,,,541994000.0,40231000.0,,70462000.0,1590740000.0,,483029000.0,2722871000.0,1699252000.0,,6644024000.0,375187000.0,234360000.0,,925477000.0,,627376000.0,,154090000.0,3328755000.0,3859394000.0,-349213000.0,3315269000.0,6644024000.0,,17679000.0,,,,,,,,,473142000.0,,,,,356466000.0,45293000.0,,558000.0,-401896000.0,,19817000.0,-101119000.0,-49581000.0,
2015-12-31,3974295000.0,,,116300000.0,448592000.0,3066579000.0,907716000.0,,806380000.0,215521000.0,590859000.0,2.46,2.45,239906000.0,241586000.0,381005000.0,,,514451000.0,46724000.0,,74138000.0,1619613000.0,,484548000.0,2706633000.0,1672961000.0,,6664530000.0,365355000.0,241004000.0,,1025172000.0,,624046000.0,,204641000.0,3409904000.0,3974793000.0,-405631000.0,3254626000.0,6664530000.0,,23762000.0,6458000.0,6995000.0,,,,,,,672540000.0,,,,,356466000.0,69083000.0,,429000.0,-425557000.0,,20478000.0,-216964000.0,3390000.0,
2016-03-31,944398000.0,,,,112194000.0,735875000.0,208523000.0,,183042000.0,48872000.0,134170000.0,0.57,0.57,234983000.0,236216000.0,386940000.0,,,548777000.0,51758000.0,,68227000.0,1662590000.0,,488331000.0,2857999000.0,1806610000.0,,6994702000.0,366236000.0,214507000.0,,1290554000.0,,649136000.0,,205652000.0,3698016000.0,4087956000.0,-370525000.0,3296686000.0,6994702000.0,,5079000.0,,,,,,,,,151619000.0,,,,,294611000.0,11115000.0,,,-305726000.0,,1966000.0,149638000.0,5935000.0,
2016-06-30,1922104000.0,,,,231153000.0,1494545000.0,427559000.0,,373603000.0,101240000.0,272363000.0,1.16,1.16,234134000.0,235503000.0,456195000.0,,,536971000.0,53186000.0,,64681000.0,1707622000.0,,475471000.0,2827460000.0,1767465000.0,,6955780000.0,358423000.0,224589000.0,,1207462000.0,,652070000.0,,196848000.0,3599203000.0,4205199000.0,-423309000.0,3356577000.0,6955780000.0,,11035000.0,,,,,,,,,340559000.0,,,,,293468000.0,25251000.0,,-500000.0,-318219000.0,,4196000.0,56507000.0,75190000.0,
2016-09-30,2867134000.0,,,,344323000.0,2238459000.0,628675000.0,,547851000.0,144801000.0,403050000.0,1.73,1.72,233387000.0,234576000.0,445469000.0,,,537227000.0,56637000.0,,62414000.0,1696890000.0,,478647000.0,2846106000.0,1780285000.0,,6977062000.0,345490000.0,233344000.0,,1216738000.0,,655327000.0,,191056000.0,3603863000.0,4315137000.0,-429861000.0,3373199000.0,6977062000.0,,16393000.0,,,,,,,,,509517000.0,,,,,359976000.0,40497000.0,,-500000.0,-399973000.0,,5061000.0,-41388000.0,64464000.0,
2016-12-31,3840087000.0,,,112000000.0,462970000.0,3038190000.0,801897000.0,,693103000.0,180945000.0,512158000.0,2.2,2.19,232593000.0,233730000.0,717259000.0,,,492104000.0,50004000.0,,76497000.0,1928190000.0,,473230000.0,2818950000.0,1734021000.0,,7100674000.0,369537000.0,246070000.0,,924441000.0,,621776000.0,,235300000.0,3844161000.0,4403683000.0,-542389000.0,3256513000.0,7100674000.0,,22030000.0,-5632000.0,-14773000.0,,,,,,,756835000.0,,,,,391419000.0,63280000.0,,-500000.0,-452367000.0,,5343000.0,57054000.0,336254000.0,
2017-03-31,1007682000.0,,,,122449000.0,787384000.0,220298000.0,,191422000.0,52496000.0,138926000.0,0.61,0.6,229548000.0,231004000.0,570233000.0,,,529927000.0,,,83383000.0,1787443000.0,,482908000.0,2975039000.0,1901004000.0,,7298810000.0,382805000.0,251641000.0,,1016798000.0,,582838000.0,,218362000.0,3894575000.0,4521986000.0,-532136000.0,3404235000.0,7298810000.0,,5328000.0,,,,,,,,,142444000.0,,,,,334543000.0,13385000.0,,324000.0,-348252000.0,,,51884000.0,-147026000.0,
2017-06-30,2072286000.0,,,,254929000.0,1619603000.0,452683000.0,,394777000.0,105370000.0,289407000.0,1.26,1.25,230158000.0,231588000.0,516483000.0,,,541213000.0,,,89314000.0,1789273000.0,,492507000.0,3117129000.0,1981062000.0,,7535013000.0,405937000.0,275298000.0,,995146000.0,,596735000.0,,222098000.0,3942817000.0,4651790000.0,-494298000.0,3592196000.0,7535013000.0,,14113000.0,,,,,,,,,341408000.0,,,,,518634000.0,27664000.0,,399000.0,-546697000.0,,,-23194000.0,-200776000.0,
2017-09-30,3157085000.0,,,,387179000.0,2471571000.0,685514000.0,,599204000.0,156266000.0,442938000.0,1.93,1.91,230439000.0,232253000.0,736415000.0,,,546876000.0,,,100377000.0,2024483000.0,,494973000.0,3138742000.0,1965973000.0,,7783301000.0,409357000.0,303813000.0,,1270341000.0,,608971000.0,,216955000.0,4017146000.0,4784618000.0,-462662000.0,3766155000.0,7783301000.0,,19689000.0,,,,,,,,,580394000.0,,,,,518634000.0,45630000.0,,400000.0,-562425000.0,,,-42989000.0,19156000.0,
2017-12-31,4300170000.0,,,130400000.0,533645000.0,3385076000.0,915094000.0,,796729000.0,115259000.0,681470000.0,2.96,2.94,230229000.0,231845000.0,646300000.0,,,540504000.0,,,79675000.0,1934655000.0,,493296000.0,3115619000.0,2013365000.0,,7796064000.0,437329000.0,358551000.0,,1138663000.0,,512526000.0,,251076000.0,3768431000.0,5002419000.0,-429176000.0,4027633000.0,7796064000.0,,25091000.0,-91205000.0,24581000.0,,,,,,,833259000.0,,,,,556634000.0,75074000.0,,399000.0,-625817000.0,,,-329171000.0,-70959000.0,
2018-03-31,1172647000.0,,,,137679000.0,914479000.0,258168000.0,,235824000.0,54484000.0,181340000.0,0.79,0.78,230928000.0,232965000.0,556776000.0,,,596312000.0,,,122500000.0,1960205000.0,,492350000.0,3238599000.0,2126666000.0,,8058361000.0,382313000.0,282395000.0,,1159923000.0,,541874000.0,,254534000.0,3853964000.0,5153722000.0,-414758000.0,4204397000.0,8058361000.0,,5571000.0,,,,,,,,,177402000.0,,,,,242081000.0,12270000.0,,-777000.0,-253574000.0,,,-27055000.0,-89524000.0,
2018-06-30,,1568048000.0,,,285280000.0,1853328000.0,528254000.0,,484045000.0,108845000.0,375200000.0,1.62,1.61,231252000.0,233297000.0,557693000.0,,,614390000.0,,,135087000.0,2018126000.0,,490126000.0,3252002000.0,2147352000.0,,8152452000.0,394283000.0,308061000.0,,1182517000.0,,557704000.0,,235911000.0,3814356000.0,5315232000.0,-454080000.0,4338096000.0,8152452000.0,,12955000.0,,,,,,,,,380542000.0,,,,,374644000.0,28565000.0,,-1481000.0,-401728000.0,,,-55548000.0,-88607000.0,
2018-09-30,,2351042000.0,,,429982000.0,2781024000.0,793520000.0,,728975000.0,162562000.0,566413000.0,2.45,2.43,231502000.0,233250000.0,518721000.0,,,620149000.0,,,144816000.0,1998615000.0,,487425000.0,3263663000.0,2101554000.0,,8108043000.0,389130000.0,329937000.0,,969901000.0,,554044000.0,,239642000.0,3596134000.0,5474070000.0,-456204000.0,4511909000.0,8108043000.0,,20100000.0,,,,,,,,,629355000.0,,,,,376248000.0,47488000.0,,1234000.0,-424253000.0,,,-317228000.0,-127579000.0,
2018-12-31,,3186310000.0,,141000000.0,584022000.0,3770332000.0,1075540000.0,,987745000.0,209812000.0,777933000.0,3.37,3.34,230823000.0,232712000.0,353975000.0,,,624744000.0,,,124586000.0,1836144000.0,,554130000.0,3612033000.0,2403771000.0,,8662288000.0,399571000.0,314431000.0,137229000.0,1258704000.0,,528336000.0,,359489000.0,4420366000.0,5653811000.0,-551088000.0,4241922000.0,8662288000.0,,27315000.0,-73682000.0,13383000.0,,,,,29104000.0,,925518000.0,,,,,1129305000.0,82076000.0,,1233000.0,-1210044000.0,,0.0,13040000.0,-292325000.0,
2019-03-31,,851307000.0,,,153125000.0,1004432000.0,283259000.0,,256938000.0,52670000.0,204268000.0,0.9,0.89,226861000.0,228686000.0,368065000.0,,,640580000.0,,,152843000.0,1924644000.0,,542679000.0,3610277000.0,2369539000.0,,8891483000.0,405648000.0,321121000.0,136361000.0,1007228000.0,,545862000.0,,513575000.0,4434862000.0,5826313000.0,-540075000.0,4456621000.0,8891483000.0,,7121000.0,,,,,,,1614000.0,,196257000.0,,,,,,21417000.0,,-3667000.0,-17750000.0,,,-165865000.0,14090000.0,
2019-06-30,,1689460000.0,,,308974000.0,1998434000.0,578669000.0,,527537000.0,107766000.0,419771000.0,1.85,1.83,227577000.0,229328000.0,567912000.0,,,634138000.0,,,167581000.0,2127153000.0,,538256000.0,3613182000.0,2338511000.0,,9069602000.0,390443000.0,316095000.0,140635000.0,978558000.0,,544218000.0,,511355000.0,4402821000.0,6009968000.0,-535826000.0,4666781000.0,9069602000.0,,15446000.0,,,,,,,5285000.0,,442578000.0,,,,,,43278000.0,,-3667000.0,-39611000.0,,,-191522000.0,213937000.0,
2019-09-30,,2512722000.0,,,461289000.0,2974011000.0,879725000.0,,801768000.0,161248000.0,640520000.0,2.82,2.79,228041000.0,229560000.0,735376000.0,,,623675000.0,,,151172000.0,2272184000.0,,537157000.0,3668445000.0,2310152000.0,,9219709000.0,381945000.0,342956000.0,144181000.0,1110519000.0,,549178000.0,,464795000.0,4353744000.0,6198836000.0,-558473000.0,4865965000.0,9219709000.0,,29004000.0,,,,,,,6735000.0,,772214000.0,,,,,122149000.0,61525000.0,,-2059000.0,-173352000.0,,,-207926000.0,381401000.0,
2019-12-31,,3370897000.0,,161900000.0,610280000.0,3981177000.0,1177380000.0,,1069748000.0,208451000.0,861297000.0,3.78,3.75,227759000.0,229395000.0,393030000.0,,,624567000.0,35100000.0,,263414000.0,2025771000.0,,548908000.0,4047539000.0,2762872000.0,,9844559000.0,377219000.0,364080000.0,156818000.0,1425858000.0,,536140000.0,,495777000.0,4729067000.0,6387612000.0,-533139000.0,5115492000.0,9844559000.0,,40394000.0,19380000.0,-14398000.0,,,,,21144000.0,,1114422000.0,,,,,1061945000.0,102346000.0,,-2060000.0,-1150925000.0,,,72913000.0,39055000.0,
2020-03-31,,824647000.0,,,145531000.0,970178000.0,232040000.0,,351075000.0,70459000.0,280616000.0,1.23,1.22,228962000.0,230872000.0,1253382000.0,,,654298000.0,,,154616000.0,2774491000.0,,534786000.0,4075633000.0,2768204000.0,,10601946000.0,373900000.0,341459000.0,174890000.0,1477671000.0,,553658000.0,,502816000.0,5275943000.0,6626703000.0,-575738000.0,5326003000.0,10601946000.0,,7848000.0,,,,,,,27127000.0,,270752000.0,,,,,116605000.0,16931000.0,,1681000.0,115557000.0,,,486649000.0,860352000.0,
2020-06-30,,1493842000.0,,,261268000.0,1755110000.0,459030000.0,,557527000.0,110694000.0,446833000.0,1.95,1.94,229225000.0,230626000.0,1130975000.0,,,621518000.0,,,144482000.0,2517135000.0,,516575000.0,4155636000.0,2667816000.0,,10311172000.0,337465000.0,345557000.0,180613000.0,1017453000.0,,,,497607000.0,4824732000.0,6751686000.0,-558777000.0,5486440000.0,10311172000.0,,19053000.0,,,,,,,32661000.0,,585368000.0,,,,,116509000.0,27017000.0,,2457000.0,104791000.0,,,56396000.0,737945000.0,
2020-09-30,,2226547000.0,,,384764000.0,2611311000.0,729771000.0,,805602000.0,154188000.0,651414000.0,2.84,2.82,229576000.0,231460000.0,1304838000.0,,,584753000.0,,,138654000.0,2643018000.0,,508645000.0,4188800000.0,2644404000.0,,10433386000.0,324837000.0,357022000.0,175834000.0,1403494000.0,,,,488374000.0,4729194000.0,6914976000.0,-533645000.0,5704192000.0,10433386000.0,,29878000.0,,,,,,,31354000.0,,895098000.0,,,,,116509000.0,37164000.0,,2457000.0,98689000.0,,,-84718000.0,911808000.0,
2020-12-31,,2996515000.0,,158900000.0,515630000.0,3512145000.0,1027884000.0,,1082309000.0,209870000.0,872439000.0,3.8,3.77,229435000.0,231150000.0,1212822000.0,,,559171000.0,,,153005000.0,2522470000.0,,526530000.0,4224906000.0,2623719000.0,,10357483000.0,360370000.0,349732000.0,194633000.0,1075915000.0,,,,517303000.0,4408137000.0,7094656000.0,-504468000.0,5949346000.0,10357483000.0,,41565000.0,1839000.0,-163471000.0,,,,,47787000.0,,1280980000.0,,,,,116509000.0,74199000.0,,2481000.0,61630000.0,,,-539436000.0,819792000.0,
2021-03-31,1215742000.0,789392000.0,,,133005000.0,922397000.0,293345000.0,,272456000.0,53223000.0,219233000.0,0.95,0.94,230435000.0,232296000.0,1123660000.0,,,604321000.0,,,167045000.0,2573493000.0,,549313000.0,4292402000.0,2700848000.0,,10579883000.0,397075000.0,348502000.0,236299000.0,1138463000.0,,,,518836000.0,4459135000.0,7267856000.0,-512875000.0,6120748000.0,10579883000.0,,11440000.0,,,,,,,37954000.0,,284407000.0,,,,,263948000.0,17537000.0,,3017000.0,-284502000.0,,,-84006000.0,-89162000.0,
2021-06-30,2602088000.0,1702104000.0,,,290028000.0,1992132000.0,609956000.0,,564211000.0,113299000.0,450912000.0,1.96,1.94,230828000.0,232841000.0,390644000.0,,,711620000.0,,,185772000.0,2042081000.0,,598827000.0,5139807000.0,3473694000.0,,11755264000.0,446532000.0,392648000.0,294073000.0,1857629000.0,,,,562120000.0,5411965000.0,7453401000.0,-506881000.0,6343299000.0,11755264000.0,,23593000.0,,,,,,,118316000.0,,571443000.0,,,,,1840845000.0,41005000.0,,292000.0,-1882142000.0,,,491596000.0,-822178000.0,
2021-09-30,4042769000.0,2651506000.0,,,443744000.0,3095250000.0,947519000.0,,883879000.0,175507000.0,708372000.0,3.07,3.04,231171000.0,233000000.0,358676000.0,,,738688000.0,,,196065000.0,2061815000.0,,597488000.0,5181000000.0,3344855000.0,,11679695000.0,446409000.0,418329000.0,287404000.0,1633826000.0,,,,550865000.0,5121299000.0,7664682000.0,-524265000.0,6558396000.0,11679695000.0,,35021000.0,,,,,,,96581000.0,,878560000.0,,,,,1839664000.0,67229000.0,,291000.0,-1895184000.0,,,171201000.0,-854146000.0,
2021-12-31,,3633900000.0,,194200000.0,603944000.0,4237844000.0,1308670000.0,,1223170000.0,233117000.0,990053000.0,4.29,4.25,230955000.0,232813000.0,346772000.0,,,769175000.0,,,183605000.0,2128765000.0,,617138000.0,5238726000.0,3368629000.0,,11898187000.0,470252000.0,443337000.0,298728000.0,1563314000.0,,,,514166000.0,5026303000.0,7900113000.0,-470444000.0,6871884000.0,11898187000.0,,46103000.0,-29761000.0,172791000.0,,,,,113723000.0,,1160457000.0,,,,,1959218000.0,110671000.0,,294000.0,-2055842000.0,,,39337000.0,-866050000.0,
2022-03-31,1458525000.0,948833000.0,,,156452000.0,1105285000.0,353240000.0,,336222000.0,63775000.0,272447000.0,1.18,1.17,231481000.0,233065000.0,340304000.0,,,866472000.0,,,211582000.0,2272815000.0,,611010000.0,5218920000.0,3312384000.0,,11972029000.0,504249000.0,358118000.0,322887000.0,1590735000.0,,,,529369000.0,5040341000.0,8121781000.0,-485590000.0,6931688000.0,11972029000.0,,9571000.0,,,,,,,22237000.0,,201341000.0,,,,,0.0,26389000.0,,246000.0,-14881000.0,,,-187443000.0,-6468000.0,
2022-06-30,2973077000.0,1937008000.0,,,317987000.0,2254995000.0,718082000.0,,682687000.0,127867000.0,554820000.0,2.4,2.39,230790000.0,232156000.0,348653000.0,,,966609000.0,,,211272000.0,2411614000.0,,597153000.0,5173411000.0,3234443000.0,,11984971000.0,540667000.0,374818000.0,327537000.0,1633029000.0,,,,542948000.0,5034880000.0,8353735000.0,-545930000.0,6950091000.0,11984971000.0,,22527000.0,,,,,,,41110000.0,,437237000.0,,,,,0.0,52540000.0,,247000.0,-41033000.0,,,-370393000.0,1881000.0,
2022-09-30,4524863000.0,2941604000.0,,,480657000.0,3422261000.0,1102602000.0,,1050189000.0,197728000.0,852461000.0,3.7,3.68,230360000.0,231675000.0,309944000.0,,,1025130000.0,,,221034000.0,2432568000.0,,594926000.0,5190200000.0,3254243000.0,,12038932000.0,524255000.0,413801000.0,332244000.0,1591383000.0,,,,533422000.0,4906260000.0,8600938000.0,-628003000.0,7132672000.0,12038932000.0,,34587000.0,,,,,,,42595000.0,,764358000.0,,,,,190321000.0,80829000.0,,-124000.0,-255538000.0,,,-501189000.0,-36828000.0,
2022-12-31,,4005261000.0,,198800000.0,644577000.0,4649838000.0,1500692000.0,,1428692000.0,269150000.0,1159542000.0,5.04,5.01,230208000.0,231536000.0,345386000.0,,,1044284000.0,,,219053000.0,2528058000.0,,635641000.0,5372600000.0,3342085000.0,,12431120000.0,497134000.0,435144000.0,357674000.0,1564202000.0,,,,537211000.0,4954608000.0,8857485000.0,-574945000.0,7476512000.0,12431120000.0,,47375000.0,-67818000.0,86713000.0,,,,,69876000.0,,1149373000.0,,,,,429714000.0,139005000.0,,-471000.0,-552760000.0,,,-575699000.0,-1386000.0,
2023-03-31,1597117000.0,1022525000.0,,,169051000.0,1191576000.0,405541000.0,,379599000.0,73887000.0,305712000.0,1.33,1.32,230126000.0,231229000.0,399873000.0,,,1117051000.0,,,247512000.0,2665942000.0,,637672000.0,5430500000.0,3321124000.0,,12616022000.0,526063000.0,371597000.0,377856000.0,1452667000.0,,,,560094000.0,4858897000.0,9105705000.0,-548446000.0,7757125000.0,12616022000.0,,10279000.0,,,,,,,34003000.0,,386536000.0,,,,,99266000.0,20006000.0,,2888000.0,-122160000.0,,,-214966000.0,54487000.0,
2023-06-30,3243228000.0,2075715000.0,,,343181000.0,2418896000.0,824332000.0,,775983000.0,146029000.0,629954000.0,2.74,2.72,230478000.0,231261000.0,605587000.0,,,1107824000.0,,,249235000.0,2899555000.0,,637540000.0,5449600000.0,3279269000.0,,12839851000.0,487663000.0,417337000.0,382611000.0,1341190000.0,,,,578296000.0,4758480000.0,9372368000.0,-521996000.0,8081371000.0,12839851000.0,,22860000.0,,,,,,,45076000.0,,721783000.0,,,,,99266000.0,47835000.0,,2886000.0,-149987000.0,,,-317091000.0,260201000.0,
2023-09-30,4866065000.0,3096635000.0,,,506963000.0,3603598000.0,1262467000.0,,1189476000.0,219152000.0,970324000.0,4.21,4.19,230691000.0,231751000.0,841901000.0,,,1087584000.0,,,252407000.0,3118695000.0,,631692000.0,5479025000.0,3283846000.0,,13093376000.0,486581000.0,457874000.0,362985000.0,1673720000.0,,,,591428000.0,4750867000.0,9655114000.0,-567609000.0,8342509000.0,13093376000.0,,35773000.0,,,,,,,23723000.0,,1194639000.0,,,,,246656000.0,76506000.0,,3149000.0,-326311000.0,,,-364774000.0,496515000.0,
2023-12-31,,4212485000.0,,220800000.0,677006000.0,4889491000.0,1707459000.0,,1606412000.0,293224000.0,1313188000.0,5.7,5.67,230519000.0,231509000.0,409804000.0,,,1132471000.0,,,269461000.0,2824668000.0,,891293000.0,6447629000.0,4165317000.0,,15023533000.0,516588000.0,502990000.0,375513000.0,2882573000.0,,,,678642000.0,6293342000.0,9940343000.0,-484942000.0,8730191000.0,15023533000.0,,46199000.0,-91902000.0,-8451000.0,,,,,34138000.0,,1735296000.0,,,,,2237910000.0,136249000.0,,3151000.0,-2376430000.0,,,697283000.0,64418000.0,
2024-03-31,1736180000.0,1144681000.0,,,174283000.0,1318964000.0,417216000.0,,381329000.0,70386000.0,310943000.0,1.35,1.34,231097000.0,232035000.0,373765000.0,,,1127328000.0,,,290516000.0,2775502000.0,,877420000.0,6438700000.0,4080603000.0,,14864981000.0,517352000.0,,391873000.0,2502508000.0,,,,679915000.0,5896766000.0,10186621000.0,-510328000.0,8968215000.0,14864981000.0,,8941000.0,,,,,,,6535000.0,,410227000.0,,,,,0.0,27652000.0,,-1994000.0,-21412000.0,,,-417549000.0,-36039000.0,
2024-06-30,3471014000.0,2255106000.0,,,351178000.0,2606284000.0,864730000.0,,798339000.0,149713000.0,648626000.0,2.8,2.79,231437000.0,232304000.0,396573000.0,,,1101719000.0,,,292510000.0,2767244000.0,,861577000.0,6453513000.0,4013096000.0,,14795866000.0,510457000.0,,378256000.0,2203047000.0,,,,697772000.0,5543462000.0,10459556000.0,-522393000.0,9252404000.0,14795866000.0,,22164000.0,,,,,,,-7213000.0,,791662000.0,,,,,0.0,49068000.0,,-616000.0,-43549000.0,,,-751650000.0,-13231000.0,
2024-09-30,5179578000.0,3347860000.0,,,521137000.0,3868997000.0,1310581000.0,,1217184000.0,228317000.0,988867000.0,4.28,4.26,231342000.0,232224000.0,396266000.0,,,1084622000.0,,,284562000.0,2733690000.0,,822609000.0,6550300000.0,3950989000.0,,14767639000.0,511680000.0,,350865000.0,1966925000.0,,,,692478000.0,5217416000.0,10735140000.0,-457539000.0,9550223000.0,14767639000.0,,34907000.0,,,,,,,-36658000.0,,1278832000.0,,,,,0.0,75350000.0,,-1580000.0,-69524000.0,,,-1228410000.0,-13538000.0,
