Date,Net sales,Cost of sales,Gross margin,Research and development,"Selling, general and administrative",Total operating expenses,Operating income,"Other income/(expense), net",Income before provision for income taxes,Provision for income taxes,Net income,Earnings per share basic,Earnings per share diluted,Weighted-average basic,Weighted-average diluted,Cash and cash equivalents,Short-term marketable securities,"Accounts receivable, net",Inventories,Deferred tax assets,Vendor non-trade receivables,Other current assets,Total current assets,Long-term marketable securities,"Property, Plant and Equipment, Net",Goodwill,"Acquired intangible assets, net","Other Assets, Noncurrent",Total assets,accounts payable,Accrued expenses,Deferred revenue,Total current liabilities,Deferred revenue - non-current,deferred tax liabilities,long term taxes payable,Total other non-current liabilities,Total liabilities,Retained Earnings (Accumulated Deficit),Accumulated other comprehensive (loss)/income,Total shareholders equity,Total liabilities and shareholders' equity,"Depreciation, amortization and accretion",Stock-based compensation expense,Deferred income tax expense,"Increase (Decrease) in Accounts receivable, net",Increase (Decrease) in Inventories,Increase (Decrease) in Other Receivables,Increase (Decrease) in Other Operating Assets,Increase (Decrease) in Accounts Payable,Increase (Decrease) in Deferred Revenue,Increase (Decrease) Other liabilities,Cash generated by operating activities,Purchases of marketable securities,Proceeds from maturities of marketable securities,Proceeds from sales of marketable securities,Purchases of other long-term investments,"Business acquisitions, net of cash acquired",Cash payments for capital asset purchases,Payments for acquisition of intangible assets,Payments for (Proceeds from) Other Investing Activities,Cash used in investing activities,Proceeds from issuance of common stock,Excess tax benefits from stock-based compensation,Cash generated/used in financing activities,Increase/(decrease) in cash and cash equivalents,"Cash paid for income taxes, net"
2009-12-31,14642000000.0,,,,3820000000.0,9136000000.0,5506000000.0,276000000.0,5204000000.0,599000000.0,4605000000.0,4.53,4.51,1016000000.0,1021000000.0,2884000000.0,10558000000.0,2109000000.0,2220000000.0,,,1161000000.0,18932000000.0,,5738000000.0,11335000000.0,,1057000000.0,39629000000.0,574000000.0,3299000000.0,,3873000000.0,,,,2488000000.0,,-4322000000.0,45000000.0,22667000000.0,39629000000.0,1049000000.0,284000000.0,,36000000.0,134000000.0,,3000000.0,71000000.0,,,6336000000.0,12418000000.0,1443000000.0,8252000000.0,,0.0,530000000.0,,-51000000.0,-3202000000.0,,,-2024000000.0,1110000000.0,
2010-03-31,3592000000.0,,,,884000000.0,2111000000.0,1481000000.0,84000000.0,1420000000.0,253000000.0,1167000000.0,1.19,1.18,982000000.0,988000000.0,2266000000.0,11851000000.0,2271000000.0,2202000000.0,,,1219000000.0,19809000000.0,,5619000000.0,11335000000.0,,1141000000.0,40366000000.0,882000000.0,3302000000.0,,6562000000.0,,,,2179000000.0,,-4852000000.0,160000000.0,22339000000.0,40366000000.0,252000000.0,68000000.0,,162000000.0,-21000000.0,,43000000.0,308000000.0,,,913000000.0,3160000000.0,141000000.0,2170000000.0,,,94000000.0,,12000000.0,-955000000.0,,,-576000000.0,-618000000.0,
2010-06-30,7396000000.0,,,,1870000000.0,4398000000.0,2998000000.0,178000000.0,2884000000.0,515000000.0,2369000000.0,2.44,2.43,970000000.0,976000000.0,1712000000.0,12811000000.0,2208000000.0,2112000000.0,,,1321000000.0,20164000000.0,,5630000000.0,11334000000.0,,1251000000.0,40800000000.0,722000000.0,2856000000.0,,5992000000.0,,,,2320000000.0,,-4266000000.0,317000000.0,23170000000.0,40800000000.0,503000000.0,166000000.0,,99000000.0,-120000000.0,,129000000.0,148000000.0,,,2477000000.0,7607000000.0,290000000.0,5246000000.0,,,271000000.0,,48000000.0,-2390000000.0,,,-1259000000.0,-1172000000.0,
2010-09-30,11212000000.0,,,,2827000000.0,6735000000.0,4477000000.0,283000000.0,4318000000.0,713000000.0,3605000000.0,3.73,3.71,966000000.0,971000000.0,2951000000.0,14098000000.0,2443000000.0,2044000000.0,,,1394000000.0,22930000000.0,,5643000000.0,11334000000.0,,1312000000.0,43534000000.0,759000000.0,3050000000.0,,6260000000.0,,,,2362000000.0,,-3394000000.0,255000000.0,24071000000.0,43534000000.0,756000000.0,248000000.0,,317000000.0,-164000000.0,,90000000.0,185000000.0,,,3779000000.0,11620000000.0,430000000.0,8001000000.0,,,398000000.0,,74000000.0,-3661000000.0,,,-51000000.0,67000000.0,
2010-12-31,15053000000.0,,,,3983000000.0,9508000000.0,5545000000.0,376000000.0,5317000000.0,690000000.0,4627000000.0,4.82,4.79,960000000.0,965000000.0,3287000000.0,14135000000.0,2335000000.0,2022000000.0,465000000.0,,1350000000.0,23129000000.0,,5522000000.0,11334000000.0,,1271000000.0,43486000000.0,716000000.0,3366000000.0,,6570000000.0,,,,2098000000.0,,-3508000000.0,153000000.0,23944000000.0,43486000000.0,1017000000.0,353000000.0,-151000000.0,210000000.0,-153000000.0,,-36000000.0,142000000.0,,,5787000000.0,14602000000.0,642000000.0,10485000000.0,,0.0,580000000.0,,97000000.0,-4152000000.0,,,-1232000000.0,403000000.0,
2011-03-31,3706000000.0,,,,1023000000.0,2413000000.0,1293000000.0,148000000.0,1306000000.0,181000000.0,1125000000.0,1.21,1.2,933000000.0,941000000.0,1266000000.0,14092000000.0,2517000000.0,2098000000.0,,,1716000000.0,21689000000.0,,5455000000.0,11504000000.0,2808000000.0,1258000000.0,42714000000.0,832000000.0,3334000000.0,,4249000000.0,,,,2657000000.0,,-2383000000.0,-9000000.0,24984000000.0,42714000000.0,273000000.0,77000000.0,,181000000.0,78000000.0,,62000000.0,-38000000.0,,,1030000000.0,7203000000.0,224000000.0,6933000000.0,,403000000.0,100000000.0,,6000000.0,-555000000.0,,,-2496000000.0,-2021000000.0,
2011-06-30,7665000000.0,,,,2153000000.0,5040000000.0,2625000000.0,277000000.0,2645000000.0,350000000.0,2295000000.0,2.47,2.45,930000000.0,938000000.0,5998000000.0,13174000000.0,2713000000.0,2230000000.0,,,1366000000.0,25481000000.0,,5516000000.0,11794000000.0,2782000000.0,1363000000.0,46936000000.0,870000000.0,3629000000.0,,4582000000.0,,,,2893000000.0,,-1945000000.0,45000000.0,25614000000.0,46936000000.0,534000000.0,174000000.0,,369000000.0,194000000.0,,-51000000.0,121000000.0,,,2566000000.0,13207000000.0,408000000.0,14019000000.0,,701000000.0,223000000.0,,5000000.0,291000000.0,,,-146000000.0,2711000000.0,
2011-09-30,11609000000.0,,,,3278000000.0,8459000000.0,3150000000.0,364000000.0,3099000000.0,350000000.0,2749000000.0,2.98,2.96,922000000.0,930000000.0,3891000000.0,13785000000.0,2725000000.0,2357000000.0,,,1672000000.0,24430000000.0,,5391000000.0,11768000000.0,2683000000.0,1493000000.0,45765000000.0,734000000.0,4197000000.0,,5315000000.0,,,,3016000000.0,,-4167000000.0,118000000.0,23553000000.0,45765000000.0,799000000.0,245000000.0,,386000000.0,273000000.0,,78000000.0,-5000000.0,,,3535000000.0,18481000000.0,575000000.0,18373000000.0,,701000000.0,343000000.0,,-11000000.0,-566000000.0,,,-2365000000.0,604000000.0,
2011-12-31,15582000000.0,,,,4486000000.0,11270000000.0,4312000000.0,448000000.0,4150000000.0,467000000.0,3683000000.0,4.07,4.04,905000000.0,912000000.0,6946000000.0,13695000000.0,2896000000.0,2484000000.0,595000000.0,,1572000000.0,27593000000.0,,5420000000.0,11750000000.0,2584000000.0,1524000000.0,48871000000.0,642000000.0,5028000000.0,,5754000000.0,,,,2744000000.0,,-8919000000.0,171000000.0,19029000000.0,48871000000.0,1060000000.0,341000000.0,-357000000.0,557000000.0,383000000.0,,133000000.0,-95000000.0,,773000000.0,5119000000.0,21183000000.0,749000000.0,20871000000.0,,701000000.0,567000000.0,,-45000000.0,-786000000.0,,,-674000000.0,3659000000.0,
2012-03-31,4048000000.0,,,,1076000000.0,2571000000.0,1477000000.0,124000000.0,1366000000.0,182000000.0,1184000000.0,1.5,1.48,791000000.0,800000000.0,4207000000.0,15167000000.0,2988000000.0,2499000000.0,,,1994000000.0,26855000000.0,,5392000000.0,12121000000.0,3445000000.0,1437000000.0,49250000000.0,891000000.0,5026000000.0,,8298000000.0,,,,3050000000.0,,-9444000000.0,106000000.0,18874000000.0,49250000000.0,259000000.0,75000000.0,,92000000.0,16000000.0,,133000000.0,226000000.0,,-538000000.0,972000000.0,6133000000.0,160000000.0,4740000000.0,,969000000.0,144000000.0,,0.0,-2346000000.0,,,-1365000000.0,-2739000000.0,
2012-06-30,8525000000.0,,,,2304000000.0,5459000000.0,3066000000.0,248000000.0,2823000000.0,373000000.0,2450000000.0,3.13,3.09,783000000.0,792000000.0,5849000000.0,16626000000.0,2708000000.0,2592000000.0,,,1787000000.0,29562000000.0,,5437000000.0,12428000000.0,3470000000.0,1329000000.0,52226000000.0,884000000.0,4732000000.0,,8032000000.0,,,,2993000000.0,,-9380000000.0,151000000.0,19239000000.0,52226000000.0,528000000.0,180000000.0,,-187000000.0,68000000.0,,-423000000.0,188000000.0,,-345000000.0,3347000000.0,12235000000.0,417000000.0,9118000000.0,,1671000000.0,316000000.0,,99000000.0,-4786000000.0,,,342000000.0,-1097000000.0,
2012-09-30,12844000000.0,,,,3431000000.0,8355000000.0,4489000000.0,359000000.0,4086000000.0,529000000.0,3557000000.0,4.57,4.51,779000000.0,789000000.0,5823000000.0,19551000000.0,2696000000.0,2769000000.0,,,1766000000.0,32605000000.0,,5381000000.0,12589000000.0,3680000000.0,1193000000.0,55448000000.0,878000000.0,5031000000.0,,8367000000.0,,,,3159000000.0,,-9348000000.0,147000000.0,19902000000.0,55448000000.0,815000000.0,271000000.0,,-198000000.0,175000000.0,,-213000000.0,189000000.0,,159000000.0,5070000000.0,18864000000.0,878000000.0,12544000000.0,,1990000000.0,489000000.0,,38000000.0,-7959000000.0,,,1766000000.0,-1123000000.0,
2012-12-31,17265000000.0,,,,4801000000.0,11688000000.0,5577000000.0,485000000.0,5009000000.0,664000000.0,4345000000.0,5.61,5.52,775000000.0,787000000.0,3257000000.0,20804000000.0,2518000000.0,2744000000.0,-225000000.0,,1886000000.0,31209000000.0,,5326000000.0,12662000000.0,3968000000.0,1133000000.0,54298000000.0,905000000.0,4791000000.0,,8191000000.0,,,,3013000000.0,,-10423000000.0,146000000.0,19060000000.0,54298000000.0,1088000000.0,362000000.0,21000000.0,-348000000.0,150000000.0,,-124000000.0,161000000.0,,165000000.0,5882000000.0,26241000000.0,1994000000.0,17372000000.0,,2390000000.0,689000000.0,,36000000.0,-9990000000.0,,,419000000.0,-3689000000.0,
2013-03-31,4238000000.0,,,,1158000000.0,2796000000.0,1442000000.0,164000000.0,1343000000.0,-91000000.0,1434000000.0,1.91,1.88,751000000.0,764000000.0,2530000000.0,18741000000.0,2528000000.0,2737000000.0,,,2159000000.0,28695000000.0,,5296000000.0,12604000000.0,3897000000.0,1148000000.0,51640000000.0,940000000.0,4195000000.0,,5142000000.0,,,,3122000000.0,,-10111000000.0,137000000.0,19491000000.0,51640000000.0,277000000.0,92000000.0,,-19000000.0,12000000.0,,10000000.0,35000000.0,,-342000000.0,1049000000.0,6964000000.0,2924000000.0,6013000000.0,,0.0,158000000.0,,6000000.0,1809000000.0,,,-3585000000.0,-727000000.0,
2013-06-30,8917000000.0,,,,2414000000.0,5925000000.0,2992000000.0,260000000.0,2748000000.0,147000000.0,2692000000.0,3.58,3.52,752000000.0,764000000.0,5806000000.0,16212000000.0,2674000000.0,2773000000.0,,,2208000000.0,29673000000.0,,5293000000.0,12578000000.0,3776000000.0,1290000000.0,52610000000.0,1006000000.0,3771000000.0,,4784000000.0,,,,3324000000.0,,-8854000000.0,-71000000.0,20594000000.0,52610000000.0,554000000.0,204000000.0,,133000000.0,34000000.0,,-88000000.0,117000000.0,,-382000000.0,2649000000.0,10774000000.0,3941000000.0,10968000000.0,,0.0,317000000.0,,50000000.0,3768000000.0,,,-3868000000.0,2549000000.0,
2013-09-30,13665000000.0,,,,3663000000.0,8985000000.0,4680000000.0,332000000.0,4251000000.0,191000000.0,4060000000.0,5.4,5.31,754000000.0,766000000.0,8281000000.0,14277000000.0,2670000000.0,2838000000.0,,,2049000000.0,30675000000.0,,5283000000.0,12572000000.0,3682000000.0,1450000000.0,57073000000.0,895000000.0,3937000000.0,,4843000000.0,,,,3324000000.0,,-7840000000.0,-97000000.0,21728000000.0,57073000000.0,842000000.0,304000000.0,,132000000.0,71000000.0,,174000000.0,6000000.0,,-15000000.0,4456000000.0,17878000000.0,4846000000.0,15743000000.0,,0.0,492000000.0,,44000000.0,1649000000.0,,,-1081000000.0,5024000000.0,
2013-12-31,18676000000.0,,,,5184000000.0,12809000000.0,5867000000.0,420000000.0,5265000000.0,184000000.0,5081000000.0,6.75,6.64,753000000.0,765000000.0,3805000000.0,15596000000.0,2697000000.0,3019000000.0,-2742000000.0,,2250000000.0,27367000000.0,,5349000000.0,14968000000.0,13262000000.0,1767000000.0,66125000000.0,787000000.0,4655000000.0,,7947000000.0,,3500000000.0,,6459000000.0,,-7634000000.0,-161000000.0,22096000000.0,66125000000.0,1286000000.0,403000000.0,-87000000.0,38000000.0,7000000.0,,59000000.0,-184000000.0,,221000000.0,6291000000.0,21965000000.0,5090000000.0,19123000000.0,,9434000000.0,693000000.0,,70000000.0,-8469000000.0,,,2726000000.0,548000000.0,
2014-03-31,4521000000.0,,,,1023000000.0,3157000000.0,1364000000.0,99000000.0,1204000000.0,131000000.0,1073000000.0,1.42,1.4,757000000.0,768000000.0,3687000000.0,16115000000.0,2514000000.0,2966000000.0,,,3020000000.0,28302000000.0,,5365000000.0,14832000000.0,13566000000.0,1525000000.0,67004000000.0,949000000.0,4749000000.0,,8203000000.0,,,,6541000000.0,,-7023000000.0,-126000000.0,22741000000.0,67004000000.0,518000000.0,87000000.0,,-180000000.0,3000000.0,,181000000.0,92000000.0,,-568000000.0,1142000000.0,2884000000.0,957000000.0,1811000000.0,,104000000.0,172000000.0,,44000000.0,-765000000.0,,,-495000000.0,-118000000.0,
2014-06-30,9701000000.0,,,,2159000000.0,6435000000.0,3266000000.0,237000000.0,2962000000.0,342000000.0,2620000000.0,3.46,3.41,759000000.0,768000000.0,4352000000.0,21836000000.0,2697000000.0,2954000000.0,,,2489000000.0,34328000000.0,,5371000000.0,14844000000.0,13499000000.0,1492000000.0,69534000000.0,982000000.0,4384000000.0,,7866000000.0,,,,6458000000.0,,-5476000000.0,-123000000.0,24382000000.0,69534000000.0,1024000000.0,199000000.0,,0.0,-40000000.0,,11000000.0,125000000.0,,-498000000.0,3369000000.0,15593000000.0,3295000000.0,9137000000.0,,115000000.0,345000000.0,,135000000.0,-3223000000.0,,,401000000.0,547000000.0,
2014-09-30,14732000000.0,,,,3372000000.0,10000000000.0,4732000000.0,377000000.0,4299000000.0,435000000.0,3864000000.0,5.1,5.02,761000000.0,771000000.0,3677000000.0,24398000000.0,2355000000.0,2885000000.0,,,2733000000.0,36048000000.0,,5267000000.0,14815000000.0,13100000000.0,1545000000.0,70775000000.0,955000000.0,5096000000.0,,8551000000.0,,,,6419000000.0,,-4698000000.0,-104000000.0,25325000000.0,70775000000.0,1567000000.0,302000000.0,296000000.0,-345000000.0,-99000000.0,,120000000.0,104000000.0,,237000000.0,6110000000.0,20831000000.0,3962000000.0,11060000000.0,,115000000.0,515000000.0,150000000.0,70000000.0,-6126000000.0,,,-112000000.0,-128000000.0,
2014-12-31,20063000000.0,,,,4699000000.0,13872000000.0,6191000000.0,465000000.0,5585000000.0,427000000.0,5158000000.0,6.8,6.7,759000000.0,770000000.0,3731000000.0,23295000000.0,2546000000.0,2647000000.0,-2721000000.0,,2494000000.0,34713000000.0,,5223000000.0,14788000000.0,12693000000.0,1592000000.0,69009000000.0,1212000000.0,5296000000.0,,7008000000.0,,3461000000.0,,2547000000.0,,-4624000000.0,-8000000.0,25778000000.0,69009000000.0,2092000000.0,408000000.0,-76000000.0,-136000000.0,-327000000.0,,1000000.0,405000000.0,,357000000.0,8555000000.0,25878000000.0,4199000000.0,16697000000.0,,165000000.0,718000000.0,285000000.0,135000000.0,-5752000000.0,,,-2877000000.0,-74000000.0,
2015-03-31,5033000000.0,,,,1026000000.0,3011000000.0,2022000000.0,106000000.0,1876000000.0,253000000.0,1623000000.0,2.13,2.11,761000000.0,770000000.0,2864000000.0,24254000000.0,2548000000.0,2686000000.0,,,2712000000.0,35064000000.0,,5123000000.0,14721000000.0,12265000000.0,1779000000.0,68952000000.0,888000000.0,4948000000.0,,6336000000.0,,3330000000.0,,2939000000.0,,-4051000000.0,137000000.0,26506000000.0,68952000000.0,524000000.0,70000000.0,,9000000.0,-51000000.0,,139000000.0,-312000000.0,,-323000000.0,1329000000.0,6931000000.0,1201000000.0,4999000000.0,,0.0,118000000.0,,103000000.0,-952000000.0,,,-1244000000.0,-867000000.0,
2015-06-30,10403000000.0,,,,2186000000.0,6305000000.0,4098000000.0,304000000.0,3873000000.0,597000000.0,3276000000.0,4.3,4.26,761000000.0,769000000.0,3795000000.0,26198000000.0,2779000000.0,2567000000.0,,,2397000000.0,37736000000.0,,5050000000.0,14723000000.0,11988000000.0,1712000000.0,71209000000.0,934000000.0,4707000000.0,,6891000000.0,,3227000000.0,,2905000000.0,,-2912000000.0,-68000000.0,27484000000.0,71209000000.0,1043000000.0,160000000.0,-126000000.0,199000000.0,-196000000.0,,-85000000.0,-269000000.0,,-164000000.0,4143000000.0,13530000000.0,2500000000.0,8021000000.0,,0.0,251000000.0,,277000000.0,-3311000000.0,,,-768000000.0,64000000.0,
2015-09-30,16126000000.0,,,,3430000000.0,9689000000.0,6437000000.0,439000000.0,6065000000.0,926000000.0,5139000000.0,6.76,6.7,760000000.0,767000000.0,3226000000.0,27894000000.0,2901000000.0,2531000000.0,,,2292000000.0,38844000000.0,,4988000000.0,14674000000.0,11613000000.0,1750000000.0,71869000000.0,1067000000.0,4848000000.0,,7165000000.0,,3109000000.0,,3117000000.0,,-2352000000.0,-237000000.0,27967000000.0,71869000000.0,1566000000.0,242000000.0,-251000000.0,302000000.0,-284000000.0,,-192000000.0,-127000000.0,,17000000.0,7017000000.0,19792000000.0,3179000000.0,11784000000.0,,0.0,389000000.0,55000000.0,312000000.0,-5314000000.0,,,-2208000000.0,-505000000.0,
2015-12-31,21662000000.0,,,,4846000000.0,13192000000.0,8470000000.0,603000000.0,7978000000.0,1039000000.0,6939000000.0,9.15,9.06,758000000.0,766000000.0,4144000000.0,27238000000.0,2995000000.0,2435000000.0,1682000000.0,,1706000000.0,38518000000.0,,4907000000.0,14787000000.0,11641000000.0,1723000000.0,71576000000.0,965000000.0,5452000000.0,,8667000000.0,,2239000000.0,,3281000000.0,,-2086000000.0,-480000000.0,28083000000.0,71576000000.0,2108000000.0,322000000.0,-402000000.0,420000000.0,-481000000.0,,-155000000.0,-12000000.0,,1000000.0,9077000000.0,25977000000.0,3527000000.0,18029000000.0,,359000000.0,594000000.0,55000000.0,392000000.0,-5547000000.0,,,-3117000000.0,413000000.0,
2016-03-31,5527000000.0,,,,1203000000.0,3125000000.0,2402000000.0,150000000.0,2258000000.0,358000000.0,1900000000.0,2.52,2.5,753000000.0,760000000.0,2896000000.0,31844000000.0,3078000000.0,2572000000.0,,,1816000000.0,42206000000.0,,4885000000.0,14804000000.0,11448000000.0,1773000000.0,75116000000.0,818000000.0,5458000000.0,,8523000000.0,,2202000000.0,,3649000000.0,,-1638000000.0,-268000000.0,28682000000.0,75116000000.0,521000000.0,52000000.0,-68000000.0,98000000.0,133000000.0,,249000000.0,-150000000.0,,11000000.0,1915000000.0,8595000000.0,458000000.0,3898000000.0,,,156000000.0,,-5000000.0,-4390000000.0,,,1227000000.0,-1248000000.0,
2016-06-30,11215000000.0,,,,2495000000.0,6433000000.0,4782000000.0,287000000.0,4462000000.0,692000000.0,3770000000.0,5.01,4.97,753000000.0,759000000.0,2630000000.0,32404000000.0,3078000000.0,2671000000.0,,,2164000000.0,42947000000.0,,4884000000.0,14799000000.0,11068000000.0,1773000000.0,75471000000.0,870000000.0,4666000000.0,,10830000000.0,,2598000000.0,,3982000000.0,,-356000000.0,-106000000.0,30133000000.0,75471000000.0,1043000000.0,139000000.0,245000000.0,119000000.0,156000000.0,,330000000.0,-100000000.0,,386000000.0,4592000000.0,14969000000.0,1339000000.0,9063000000.0,,,344000000.0,99000000.0,51000000.0,-5047000000.0,,,-1059000000.0,-1514000000.0,
2016-09-30,17026000000.0,,,,3739000000.0,9717000000.0,7309000000.0,503000000.0,6880000000.0,1093000000.0,5787000000.0,7.7,7.63,752000000.0,758000000.0,3485000000.0,34495000000.0,3186000000.0,2681000000.0,,,1997000000.0,45844000000.0,,4912000000.0,14802000000.0,10690000000.0,1902000000.0,78150000000.0,825000000.0,4920000000.0,,10542000000.0,,2412000000.0,,3897000000.0,,221000000.0,-139000000.0,30773000000.0,78150000000.0,1546000000.0,222000000.0,80000000.0,192000000.0,125000000.0,,335000000.0,-147000000.0,,465000000.0,7254000000.0,22682000000.0,1932000000.0,14072000000.0,,,511000000.0,,262000000.0,-7436000000.0,,,-477000000.0,-659000000.0,
2016-12-31,22991000000.0,,,,5062000000.0,13197000000.0,9794000000.0,629000000.0,9163000000.0,1441000000.0,7722000000.0,10.32,10.24,748000000.0,754000000.0,3241000000.0,34844000000.0,3165000000.0,2745000000.0,1408000000.0,,2015000000.0,46010000000.0,,4961000000.0,14751000000.0,10279000000.0,1625000000.0,77626000000.0,917000000.0,5884000000.0,,11204000000.0,,2436000000.0,,1499000000.0,,-438000000.0,-471000000.0,29875000000.0,77626000000.0,2105000000.0,311000000.0,216000000.0,214000000.0,80000000.0,,128000000.0,-44000000.0,,768000000.0,10354000000.0,28094000000.0,2459000000.0,17958000000.0,,0.0,738000000.0,99000000.0,222000000.0,-8658000000.0,,,-2599000000.0,-903000000.0,
2017-03-31,5464000000.0,,,,1064000000.0,2873000000.0,2591000000.0,195000000.0,2460000000.0,389000000.0,2071000000.0,2.81,2.79,737000000.0,741000000.0,3358000000.0,35040000000.0,3248000000.0,2871000000.0,,,1939000000.0,46456000000.0,,4960000000.0,14757000000.0,9922000000.0,1767000000.0,77862000000.0,902000000.0,5822000000.0,,10523000000.0,,2370000000.0,,1497000000.0,,233000000.0,-362000000.0,30637000000.0,77862000000.0,524000000.0,60000000.0,-77000000.0,47000000.0,125000000.0,,155000000.0,-20000000.0,,-129000000.0,2385000000.0,7077000000.0,1528000000.0,5612000000.0,,,168000000.0,,52000000.0,-157000000.0,,,-2111000000.0,117000000.0,
2017-06-30,11274000000.0,,,,2273000000.0,5985000000.0,5289000000.0,360000000.0,5002000000.0,780000000.0,4222000000.0,5.74,5.71,736000000.0,740000000.0,2629000000.0,36598000000.0,3560000000.0,2961000000.0,,,2694000000.0,48442000000.0,,4980000000.0,14766000000.0,9561000000.0,1838000000.0,79587000000.0,883000000.0,5473000000.0,,7815000000.0,,2299000000.0,,1543000000.0,,1378000000.0,-449000000.0,31722000000.0,79587000000.0,1042000000.0,156000000.0,-180000000.0,391000000.0,90000000.0,,194000000.0,-43000000.0,,200000000.0,4711000000.0,19244000000.0,3284000000.0,14425000000.0,,,353000000.0,0.0,82000000.0,-1970000000.0,,,-3353000000.0,-612000000.0,
2017-09-30,17047000000.0,,,,3443000000.0,9319000000.0,7728000000.0,627000000.0,7383000000.0,1140000000.0,6243000000.0,8.52,8.46,733000000.0,738000000.0,3000000000.0,38351000000.0,3404000000.0,2927000000.0,,,2070000000.0,49752000000.0,,4914000000.0,14776000000.0,8873000000.0,2016000000.0,80331000000.0,879000000.0,5315000000.0,,8193000000.0,,2131000000.0,,1268000000.0,,1774000000.0,-443000000.0,32229000000.0,80331000000.0,1506000000.0,244000000.0,-379000000.0,229000000.0,54000000.0,,110000000.0,-50000000.0,,565000000.0,8165000000.0,26661000000.0,4765000000.0,18580000000.0,,,511000000.0,,119000000.0,-3946000000.0,,,-4460000000.0,-241000000.0,
2017-12-31,22849000000.0,,,,4870000000.0,12876000000.0,9973000000.0,928000000.0,9597000000.0,7618000000.0,1979000000.0,2.71,2.69,731000000.0,735000000.0,3800000000.0,37878000000.0,3237000000.0,2834000000.0,1085000000.0,,1727000000.0,49476000000.0,,4989000000.0,14761000000.0,8609000000.0,2119000000.0,79954000000.0,1352000000.0,6516000000.0,,9020000000.0,,1166000000.0,,1238000000.0,,-5072000000.0,-679000000.0,25241000000.0,79954000000.0,1955000000.0,329000000.0,-1277000000.0,58000000.0,-133000000.0,,24000000.0,424000000.0,,231000000.0,11177000000.0,33607000000.0,6174000000.0,24240000000.0,,19000000.0,664000000.0,,159000000.0,-4024000000.0,,,-6594000000.0,559000000.0,
2018-03-31,5554000000.0,,,,1127000000.0,2828000000.0,2726000000.0,231000000.0,2619000000.0,308000000.0,2311000000.0,3.27,3.25,707000000.0,711000000.0,9741000000.0,22431000000.0,3633000000.0,2952000000.0,,,1932000000.0,40689000000.0,,4943000000.0,14771000000.0,8779000000.0,1982000000.0,71164000000.0,1089000000.0,7207000000.0,,10479000000.0,,1215000000.0,,1326000000.0,,-14387000000.0,-994000000.0,15620000000.0,71164000000.0,471000000.0,54000000.0,-72000000.0,384000000.0,107000000.0,,135000000.0,-278000000.0,,407000000.0,2727000000.0,2732000000.0,900000000.0,16694000000.0,,-197000000.0,155000000.0,,-2000000.0,14906000000.0,,,-11692000000.0,5941000000.0,
2018-06-30,11613000000.0,1968000000.0,,,2480000000.0,6055000000.0,5558000000.0,393000000.0,5266000000.0,659000000.0,4607000000.0,6.76,6.73,682000000.0,685000000.0,10131000000.0,19264000000.0,3504000000.0,3063000000.0,,,2008000000.0,37970000000.0,,4922000000.0,14724000000.0,8443000000.0,1625000000.0,67684000000.0,1026000000.0,5891000000.0,,11205000000.0,,1155000000.0,,1443000000.0,,-15266000000.0,-873000000.0,14909000000.0,67684000000.0,955000000.0,147000000.0,-114000000.0,348000000.0,135000000.0,,232000000.0,-329000000.0,,424000000.0,4829000000.0,,993000000.0,23723000000.0,,-197000000.0,342000000.0,,-6000000.0,17844000000.0,,,-16342000000.0,6331000000.0,
2018-09-30,17517000000.0,3005000000.0,,,3773000000.0,9636000000.0,7881000000.0,519000000.0,7360000000.0,894000000.0,6466000000.0,9.67,9.61,669000000.0,673000000.0,11956000000.0,17965000000.0,3441000000.0,3017000000.0,,,1941000000.0,38320000000.0,,4899000000.0,14684000000.0,7782000000.0,1648000000.0,67333000000.0,1042000000.0,6313000000.0,,12432000000.0,,978000000.0,,1392000000.0,,-15987000000.0,-809000000.0,14349000000.0,67333000000.0,1456000000.0,224000000.0,-294000000.0,234000000.0,93000000.0,,110000000.0,-311000000.0,,766000000.0,8102000000.0,,3881000000.0,28059000000.0,,-197000000.0,513000000.0,,31000000.0,18976000000.0,,,-18922000000.0,8156000000.0,
2018-12-31,23747000000.0,4101000000.0,,,5332000000.0,13484000000.0,10263000000.0,674000000.0,9545000000.0,1151000000.0,8394000000.0,12.7,12.62,661000000.0,665000000.0,6945000000.0,22359000000.0,3580000000.0,2940000000.0,1183000000.0,,1794000000.0,37618000000.0,,4958000000.0,14699000000.0,7443000000.0,1698000000.0,66416000000.0,1207000000.0,7862000000.0,,13488000000.0,,864000000.0,,1284000000.0,,-17977000000.0,-769000000.0,12500000000.0,66416000000.0,1946000000.0,311000000.0,-363000000.0,378000000.0,3000000.0,,-35000000.0,-143000000.0,,1214000000.0,11296000000.0,,5412000000.0,28356000000.0,,-195000000.0,738000000.0,,145000000.0,14339000000.0,,,-22490000000.0,3145000000.0,
2019-03-31,5557000000.0,1055000000.0,,,1154000000.0,3085000000.0,2472000000.0,185000000.0,2314000000.0,322000000.0,1992000000.0,3.2,3.18,622000000.0,626000000.0,7358000000.0,18943000000.0,3771000000.0,3016000000.0,,,2063000000.0,35151000000.0,,4892000000.0,14692000000.0,7124000000.0,2138000000.0,63997000000.0,1091000000.0,7910000000.0,,12706000000.0,,811000000.0,,1460000000.0,,-19895000000.0,-516000000.0,10832000000.0,63997000000.0,495000000.0,,,207000000.0,28000000.0,,249000000.0,-112000000.0,,-397000000.0,1845000000.0,,10455000000.0,125000000.0,,0.0,116000000.0,,11000000.0,3555000000.0,,,-4987000000.0,413000000.0,
2019-06-30,11428000000.0,2067000000.0,,,2414000000.0,6278000000.0,5150000000.0,403000000.0,4878000000.0,707000000.0,4171000000.0,6.78,6.75,615000000.0,618000000.0,5525000000.0,16233000000.0,3801000000.0,3176000000.0,,,2011000000.0,30746000000.0,,4882000000.0,14689000000.0,6813000000.0,2243000000.0,59373000000.0,1001000000.0,6805000000.0,,10622000000.0,,763000000.0,,1535000000.0,,-20054000000.0,-465000000.0,10794000000.0,59373000000.0,996000000.0,,,228000000.0,118000000.0,,158000000.0,-205000000.0,,-582000000.0,3259000000.0,,13617000000.0,217000000.0,,0.0,260000000.0,,24000000.0,6300000000.0,,,-10979000000.0,-1420000000.0,
2019-09-30,17165000000.0,3103000000.0,,,3637000000.0,9539000000.0,7626000000.0,517000000.0,7155000000.0,1016000000.0,6139000000.0,10.08,10.01,609000000.0,613000000.0,11415000000.0,9438000000.0,3606000000.0,3243000000.0,,,3349000000.0,31051000000.0,,4901000000.0,14705000000.0,6702000000.0,2176000000.0,59535000000.0,1005000000.0,7683000000.0,,10737000000.0,,665000000.0,,1543000000.0,,-20136000000.0,-388000000.0,10927000000.0,59535000000.0,1504000000.0,,,63000000.0,101000000.0,,269000000.0,-196000000.0,,15000000.0,6636000000.0,,18441000000.0,3019000000.0,,177000000.0,430000000.0,,119000000.0,11672000000.0,,,-13838000000.0,4470000000.0,
2019-12-31,23362000000.0,4356000000.0,,,5150000000.0,13688000000.0,9674000000.0,753000000.0,9138000000.0,1296000000.0,7842000000.0,12.96,12.88,605000000.0,609000000.0,6037000000.0,2874000000.0,4057000000.0,3584000000.0,1270000000.0,,1888000000.0,18440000000.0,,4928000000.0,14703000000.0,19413000000.0,2223000000.0,59707000000.0,1371000000.0,8511000000.0,,12835000000.0,,606000000.0,,1606000000.0,,-21330000000.0,-528000000.0,9673000000.0,59707000000.0,2206000000.0,308000000.0,-304000000.0,504000000.0,66000000.0,,-10000000.0,164000000.0,,396000000.0,9150000000.0,,20548000000.0,8842000000.0,,13617000000.0,618000000.0,,52000000.0,5709000000.0,,,-15767000000.0,-908000000.0,
2020-03-31,6161000000.0,1513000000.0,,,1316000000.0,3806000000.0,2355000000.0,11000000.0,2020000000.0,195000000.0,1825000000.0,3.09,3.07,590000000.0,594000000.0,7687000000.0,325000000.0,5009000000.0,3682000000.0,,,2110000000.0,18813000000.0,,4879000000.0,14683000000.0,18653000000.0,4641000000.0,61669000000.0,1338000000.0,8649000000.0,,11827000000.0,,,,1811000000.0,,-21378000000.0,-662000000.0,9485000000.0,61669000000.0,897000000.0,,,955000000.0,113000000.0,,-319000000.0,-25000000.0,,-48000000.0,2134000000.0,,113000000.0,2574000000.0,,,142000000.0,,1000000.0,-230000000.0,,,-254000000.0,1650000000.0,
2020-06-30,12367000000.0,3001000000.0,,,2611000000.0,7689000000.0,4678000000.0,14000000.0,4050000000.0,422000000.0,3628000000.0,6.16,6.12,589000000.0,593000000.0,9145000000.0,2276000000.0,5366000000.0,3840000000.0,,,2268000000.0,22895000000.0,,4843000000.0,14678000000.0,17948000000.0,4647000000.0,65011000000.0,1150000000.0,9282000000.0,,10523000000.0,,,,1881000000.0,,-20168000000.0,-783000000.0,10659000000.0,65011000000.0,1827000000.0,,,1177000000.0,226000000.0,,-143000000.0,-216000000.0,,455000000.0,4976000000.0,,238000000.0,2598000000.0,,,300000000.0,,48000000.0,-2389000000.0,,,521000000.0,3108000000.0,
2020-09-30,18790000000.0,4562000000.0,,,3957000000.0,11659000000.0,7131000000.0,69000000.0,6256000000.0,607000000.0,5649000000.0,9.61,9.54,588000000.0,592000000.0,9087000000.0,3273000000.0,4094000000.0,3942000000.0,,,2265000000.0,22661000000.0,,4816000000.0,14674000000.0,17254000000.0,5232000000.0,64637000000.0,1161000000.0,8701000000.0,,9953000000.0,,,,1759000000.0,,-19851000000.0,-903000000.0,10959000000.0,64637000000.0,2728000000.0,,,31000000.0,316000000.0,,-64000000.0,-202000000.0,,712000000.0,8344000000.0,,2338000000.0,2597000000.0,,,435000000.0,,34000000.0,-4017000000.0,,,-1277000000.0,3050000000.0,
2020-12-31,25424000000.0,6159000000.0,,,5730000000.0,16285000000.0,9139000000.0,256000000.0,8133000000.0,869000000.0,7264000000.0,12.4,12.31,586000000.0,590000000.0,6266000000.0,4381000000.0,4525000000.0,3893000000.0,1321000000.0,,2079000000.0,21144000000.0,,4889000000.0,14689000000.0,16587000000.0,5639000000.0,62948000000.0,1421000000.0,10141000000.0,,11653000000.0,,,,2023000000.0,,-21408000000.0,-985000000.0,9409000000.0,62948000000.0,3601000000.0,330000000.0,-363000000.0,427000000.0,215000000.0,,-129000000.0,45000000.0,,983000000.0,10497000000.0,,4381000000.0,2597000000.0,,0.0,608000000.0,,75000000.0,-5401000000.0,,,-4867000000.0,229000000.0,
2021-03-31,5901000000.0,1490000000.0,,,1254000000.0,3772000000.0,2129000000.0,13000000.0,1857000000.0,211000000.0,1646000000.0,2.85,2.83,577000000.0,581000000.0,6112000000.0,4454000000.0,4423000000.0,4017000000.0,,,2293000000.0,21299000000.0,,4855000000.0,14673000000.0,15947000000.0,5765000000.0,62539000000.0,1396000000.0,9917000000.0,,12869000000.0,,,,2170000000.0,,-21639000000.0,-833000000.0,9334000000.0,62539000000.0,841000000.0,,,-91000000.0,126000000.0,,146000000.0,-29000000.0,,-282000000.0,2104000000.0,,3524000000.0,3999000000.0,,,166000000.0,,79000000.0,-319000000.0,,,-1939000000.0,-154000000.0,
2021-06-30,12427000000.0,3127000000.0,,,2638000000.0,9470000000.0,2957000000.0,24000000.0,2415000000.0,305000000.0,2110000000.0,3.67,3.65,575000000.0,578000000.0,6630000000.0,1452000000.0,4479000000.0,4115000000.0,,,2423000000.0,19099000000.0,,4906000000.0,14676000000.0,15308000000.0,5784000000.0,59773000000.0,1277000000.0,8984000000.0,,14585000000.0,,,,2055000000.0,,-22762000000.0,-868000000.0,8247000000.0,59773000000.0,1696000000.0,,,-35000000.0,167000000.0,,258000000.0,-156000000.0,,120000000.0,4035000000.0,,6528000000.0,4404000000.0,,-1626000000.0,351000000.0,,62000000.0,890000000.0,,,-4561000000.0,364000000.0,
2021-09-30,19133000000.0,4736000000.0,,,3943000000.0,13798000000.0,5335000000.0,97000000.0,4570000000.0,576000000.0,3994000000.0,6.98,6.93,572000000.0,576000000.0,11969000000.0,952000000.0,4765000000.0,4152000000.0,,,2542000000.0,24380000000.0,,4982000000.0,14665000000.0,14659000000.0,6307000000.0,64993000000.0,1171000000.0,9383000000.0,,14842000000.0,,,,2160000000.0,,-22964000000.0,-808000000.0,8217000000.0,64993000000.0,2546000000.0,,,269000000.0,215000000.0,,373000000.0,-260000000.0,,219000000.0,6453000000.0,,7927000000.0,4403000000.0,,1639000000.0,593000000.0,,80000000.0,963000000.0,,,-1713000000.0,5703000000.0,
2021-12-31,25979000000.0,6454000000.0,,,5368000000.0,18340000000.0,7639000000.0,259000000.0,6701000000.0,808000000.0,5893000000.0,10.34,10.28,570000000.0,573000000.0,7989000000.0,48000000.0,4895000000.0,4086000000.0,219000000.0,,2367000000.0,19385000000.0,,5184000000.0,14890000000.0,15182000000.0,6524000000.0,61165000000.0,1366000000.0,10731000000.0,,12184000000.0,,,,2465000000.0,,-24600000000.0,-796000000.0,6700000000.0,61165000000.0,3398000000.0,341000000.0,-434000000.0,429000000.0,165000000.0,,237000000.0,-69000000.0,,356000000.0,9261000000.0,,8831000000.0,4403000000.0,,2529000000.0,880000000.0,,35000000.0,733000000.0,,,-8271000000.0,1723000000.0,
2022-03-31,6238000000.0,1561000000.0,,,1228000000.0,3738000000.0,2500000000.0,-530000000.0,1675000000.0,199000000.0,1476000000.0,2.69,2.68,548000000.0,551000000.0,6528000000.0,16000000.0,5077000000.0,4411000000.0,,,2488000000.0,18520000000.0,,5142000000.0,14897000000.0,14567000000.0,6070000000.0,59196000000.0,1403000000.0,10639000000.0,,12886000000.0,,,,2732000000.0,,-29568000000.0,-763000000.0,916000000.0,59196000000.0,841000000.0,,,195000000.0,230000000.0,,43000000.0,42000000.0,,-396000000.0,2164000000.0,,32000000.0,0.0,,,190000000.0,,-47000000.0,-111000000.0,,,-3514000000.0,-1461000000.0,
2022-06-30,12832000000.0,3071000000.0,,,2555000000.0,8156000000.0,4676000000.0,-847000000.0,3206000000.0,413000000.0,2793000000.0,5.16,5.13,541000000.0,544000000.0,5203000000.0,1980000000.0,5327000000.0,4554000000.0,,,2258000000.0,19322000000.0,,5158000000.0,14865000000.0,13927000000.0,6022000000.0,59294000000.0,1256000000.0,10545000000.0,,12618000000.0,,,,2949000000.0,,-28252000000.0,-672000000.0,2419000000.0,59294000000.0,1669000000.0,,,504000000.0,410000000.0,,-198000000.0,-98000000.0,,44000000.0,4094000000.0,,47000000.0,0.0,,0.0,436000000.0,,-61000000.0,-2304000000.0,,,-4576000000.0,-2786000000.0,
2022-09-30,19484000000.0,4659000000.0,,,3842000000.0,12148000000.0,7336000000.0,-747000000.0,5598000000.0,662000000.0,4936000000.0,9.16,9.11,539000000.0,542000000.0,9502000000.0,1976000000.0,5326000000.0,4757000000.0,,,2501000000.0,24062000000.0,,5188000000.0,14845000000.0,13266000000.0,6339000000.0,63700000000.0,1204000000.0,11584000000.0,,14331000000.0,,,,2875000000.0,,-28066000000.0,-652000000.0,3653000000.0,63700000000.0,2506000000.0,,,566000000.0,651000000.0,,-166000000.0,-142000000.0,,463000000.0,7072000000.0,,447000000.0,0.0,,0.0,596000000.0,,59000000.0,-2571000000.0,,,-2988000000.0,1513000000.0,
2022-12-31,26323000000.0,6406000000.0,,,5414000000.0,16757000000.0,9566000000.0,-814000000.0,7346000000.0,794000000.0,6552000000.0,12.18,12.11,538000000.0,541000000.0,7629000000.0,1676000000.0,5563000000.0,4930000000.0,943000000.0,,2388000000.0,22186000000.0,,5427000000.0,15529000000.0,16080000000.0,5899000000.0,65121000000.0,1572000000.0,12524000000.0,,15687000000.0,,,,2662000000.0,,-28622000000.0,-231000000.0,3661000000.0,65121000000.0,3417000000.0,401000000.0,-1275000000.0,746000000.0,742000000.0,,-258000000.0,154000000.0,,761000000.0,9721000000.0,,1120000000.0,98000000.0,,3839000000.0,936000000.0,,12000000.0,-6044000000.0,,,-4037000000.0,-360000000.0,
2023-03-31,6105000000.0,1720000000.0,,,1258000000.0,4184000000.0,1921000000.0,2064000000.0,3442000000.0,601000000.0,2841000000.0,5.32,5.28,534000000.0,538000000.0,31600000000.0,1000000.0,5736000000.0,5011000000.0,,,2395000000.0,44703000000.0,,5460000000.0,15531000000.0,15393000000.0,7633000000.0,88720000000.0,1320000000.0,12061000000.0,,14215000000.0,,,,2532000000.0,,-26919000000.0,-268000000.0,5348000000.0,88720000000.0,900000000.0,,,144000000.0,58000000.0,,139000000.0,-253000000.0,,-710000000.0,1064000000.0,,550000000.0,1124000000.0,,,344000000.0,,-28000000.0,1358000000.0,,,21509000000.0,23931000000.0,
2023-06-30,13091000000.0,3533000000.0,,,2552000000.0,8486000000.0,4605000000.0,1746000000.0,5056000000.0,836000000.0,4220000000.0,7.9,7.86,535000000.0,537000000.0,34248000000.0,0.0,5830000000.0,4978000000.0,,,2324000000.0,47380000000.0,,5532000000.0,15531000000.0,14633000000.0,7193000000.0,90269000000.0,1212000000.0,13718000000.0,,17097000000.0,,,,2536000000.0,,-25540000000.0,-280000000.0,6781000000.0,90269000000.0,1796000000.0,,,240000000.0,28000000.0,,69000000.0,-371000000.0,,402000000.0,5173000000.0,,550000000.0,1125000000.0,,,615000000.0,,-87000000.0,1147000000.0,,,20299000000.0,26619000000.0,
2023-09-30,19994000000.0,5339000000.0,,,3905000000.0,13368000000.0,6626000000.0,2431000000.0,7003000000.0,1053000000.0,5950000000.0,11.12,11.06,535000000.0,538000000.0,34741000000.0,0.0,6145000000.0,5026000000.0,,,2565000000.0,48477000000.0,,5563000000.0,15509000000.0,13150000000.0,7835000000.0,90534000000.0,1358000000.0,14168000000.0,,16954000000.0,,,,2305000000.0,,-24971000000.0,-126000000.0,7656000000.0,90534000000.0,2691000000.0,,,582000000.0,82000000.0,,332000000.0,-215000000.0,,334000000.0,7933000000.0,,550000000.0,1125000000.0,,,863000000.0,,-74000000.0,885000000.0,,,18294000000.0,27112000000.0,
2023-12-31,28190000000.0,8451000000.0,,,6179000000.0,20293000000.0,7897000000.0,2833000000.0,7855000000.0,1138000000.0,6717000000.0,12.56,12.49,535000000.0,538000000.0,10944000000.0,0.0,7268000000.0,9518000000.0,446000000.0,,2602000000.0,30332000000.0,,5941000000.0,18629000000.0,32641000000.0,9611000000.0,97154000000.0,1590000000.0,15359000000.0,,18392000000.0,,,,2326000000.0,,-26549000000.0,-289000000.0,6232000000.0,97154000000.0,4071000000.0,431000000.0,-1215000000.0,1015000000.0,-491000000.0,,564000000.0,-402000000.0,,731000000.0,8471000000.0,,550000000.0,1123000000.0,,26989000000.0,1112000000.0,,-225000000.0,-26204000000.0,,,21048000000.0,3315000000.0,
2024-03-31,7447000000.0,3200000000.0,,,1808000000.0,6456000000.0,991000000.0,-235000000.0,-68000000.0,45000000.0,-113000000.0,-0.21,-0.21,536000000.0,536000000.0,9708000000.0,,6776000000.0,8724000000.0,,,2821000000.0,28029000000.0,,6002000000.0,18570000000.0,31372000000.0,9007000000.0,92980000000.0,1628000000.0,14127000000.0,,19714000000.0,,,,2357000000.0,,-27870000000.0,-190000000.0,5022000000.0,92980000000.0,1399000000.0,103000000.0,,-486000000.0,-806000000.0,,89000000.0,23000000.0,,-56000000.0,689000000.0,,0.0,0.0,,,230000000.0,,-13000000.0,-217000000.0,,,-1708000000.0,-1236000000.0,
2024-06-30,15835000000.0,6436000000.0,,,3593000000.0,12935000000.0,2900000000.0,-542000000.0,794000000.0,93000000.0,746000000.0,1.39,1.38,537000000.0,541000000.0,9301000000.0,,6934000000.0,7995000000.0,,,2976000000.0,27206000000.0,,6097000000.0,18616000000.0,30172000000.0,8816000000.0,90907000000.0,2267000000.0,13722000000.0,,21517000000.0,,,,2363000000.0,,-27124000000.0,-155000000.0,5925000000.0,90907000000.0,2799000000.0,260000000.0,,-310000000.0,-1528000000.0,,339000000.0,666000000.0,,-33000000.0,3148000000.0,,0.0,0.0,,,468000000.0,,-34000000.0,-434000000.0,,,-4357000000.0,-1643000000.0,
2024-09-30,24338000000.0,9746000000.0,,,5218000000.0,19391000000.0,4947000000.0,1830000000.0,3827000000.0,364000000.0,3463000000.0,6.45,6.4,537000000.0,542000000.0,9011000000.0,,7317000000.0,7362000000.0,,,3076000000.0,26766000000.0,,6156000000.0,18658000000.0,28920000000.0,10383000000.0,90883000000.0,2147000000.0,14621000000.0,,20312000000.0,,,,2199000000.0,,-25530000000.0,-336000000.0,7527000000.0,90883000000.0,4195000000.0,396000000.0,,32000000.0,-2209000000.0,,638000000.0,544000000.0,,-72000000.0,6719000000.0,,0.0,0.0,,,725000000.0,,-81000000.0,-644000000.0,,,-8008000000.0,-1933000000.0,
