Date,Net sales,Cost of sales,Gross margin,Research and development,"Selling, general and administrative",Total operating expenses,Operating income,"Other income/(expense), net",Income before provision for income taxes,Provision for income taxes,Net income,Earnings per share basic,Earnings per share diluted,Weighted-average basic,Weighted-average diluted,Cash and cash equivalents,Short-term marketable securities,"Accounts receivable, net",Inventories,Deferred tax assets,Vendor non-trade receivables,Other current assets,Total current assets,Long-term marketable securities,"Property, Plant and Equipment, Net",Goodwill,"Acquired intangible assets, net","Other Assets, Noncurrent",Total assets,accounts payable,Accrued expenses,Deferred revenue,Total current liabilities,Deferred revenue - non-current,deferred tax liabilities,long term taxes payable,Total other non-current liabilities,Total liabilities,Retained Earnings (Accumulated Deficit),Accumulated other comprehensive (loss)/income,Total shareholders equity,Total liabilities and shareholders' equity,"Depreciation, amortization and accretion",Stock-based compensation expense,Deferred income tax expense,"Increase (Decrease) in Accounts receivable, net",Increase (Decrease) in Inventories,Increase (Decrease) in Other Receivables,Increase (Decrease) in Other Operating Assets,Increase (Decrease) in Accounts Payable,Increase (Decrease) in Deferred Revenue,Increase (Decrease) Other liabilities,Cash generated by operating activities,Purchases of marketable securities,Proceeds from maturities of marketable securities,Proceeds from sales of marketable securities,Purchases of other long-term investments,"Business acquisitions, net of cash acquired",Cash payments for capital asset purchases,Payments for acquisition of intangible assets,Payments for (Proceeds from) Other Investing Activities,Cash used in investing activities,Proceeds from issuance of common stock,Excess tax benefits from stock-based compensation,Cash generated/used in financing activities,Increase/(decrease) in cash and cash equivalents,"Cash paid for income taxes, net"
2009-12-31,7946000000.0,,,,,6885000000.0,,,920000000.0,183000000.0,722000000.0,2.98,2.95,242200000.0,244400000.0,3097000000.0,,,,,,,,,,,,,113774000000.0,,,,,,,,,103898000000.0,5282000000.0,263000000.0,9273000000.0,113774000000.0,120000000.0,182000000.0,,126000000.0,,,,,,,-1258000000.0,17815000000.0,5855000000.0,5630000000.0,14000000.0,,83000000.0,,,-6433000000.0,869000000.0,12000000.0,4545000000.0,-3131000000.0,98000000.0
2010-03-31,2292000000.0,,,,,1910000000.0,,,361000000.0,65000000.0,214000000.0,0.82,0.81,260800000.0,265000000.0,4816000000.0,,,,,,,,,,,,,122377000000.0,,,,,,,,,111677000000.0,5451000000.0,365000000.0,10108000000.0,122377000000.0,22000000.0,39000000.0,,267000000.0,,,,,,,131000000.0,2523000000.0,1842000000.0,1539000000.0,21000000.0,,21000000.0,,1000000.0,839000000.0,,1000000.0,759000000.0,1719000000.0,154000000.0
2010-06-30,4889000000.0,,,,,4021000000.0,,,827000000.0,133000000.0,473000000.0,1.81,1.78,261100000.0,265300000.0,,,,,,,,,,,,,,121110000000.0,,,,,,,,,109991000000.0,5658000000.0,607000000.0,10498000000.0,121110000000.0,48000000.0,70000000.0,,490000000.0,,,,,,,1316000000.0,4188000000.0,3204000000.0,1906000000.0,40000000.0,866000000.0,54000000.0,,8000000.0,-206000000.0,,5000000.0,-368000000.0,730000000.0,53000000.0
2010-09-30,7354000000.0,,,,,6029000000.0,,,1269000000.0,263000000.0,817000000.0,3.15,3.1,259000000.0,263400000.0,,,,,,,,,,,,,,129044000000.0,,,,,,,,,117540000000.0,5955000000.0,897000000.0,10950000000.0,129044000000.0,79000000.0,111000000.0,,419000000.0,,,,,,,1915000000.0,6536000000.0,4783000000.0,1979000000.0,141000000.0,866000000.0,88000000.0,,8000000.0,-1115000000.0,,5000000.0,-207000000.0,588000000.0,56000000.0
2010-12-31,10046000000.0,,,,,8382000000.0,,,,334000000.0,1097000000.0,4.26,4.18,257400000.0,262300000.0,,,,,-278000000.0,,,,,693000000.0,,,,131192000000.0,,,,,,,,,119907000000.0,6190000000.0,565000000.0,10725000000.0,131192000000.0,110000000.0,158000000.0,513000000.0,484000000.0,,,,,,,2035000000.0,7502000000.0,6404000000.0,1519000000.0,290000000.0,866000000.0,131000000.0,,8000000.0,-922000000.0,,9000000.0,-1343000000.0,-236000000.0,61000000.0
2011-03-31,2667000000.0,,,,,2383000000.0,,,,48000000.0,241000000.0,0.96,0.94,251600000.0,257700000.0,2460000000.0,,,,,,,,,,,,,133832000000.0,,,,,,,,,122643000000.0,6385000000.0,542000000.0,10551000000.0,133832000000.0,30000000.0,42000000.0,-19000000.0,348000000.0,,,,,,,15000000.0,2379000000.0,1516000000.0,538000000.0,80000000.0,,47000000.0,,2000000.0,-73000000.0,,14000000.0,-347000000.0,-401000000.0,10000000.0
2011-06-30,5179000000.0,,,,,4369000000.0,,,,207000000.0,550000000.0,2.21,2.16,248500000.0,254300000.0,2553000000.0,,,,,,,,,,,,,135138000000.0,,,,,,,,,123910000000.0,6629000000.0,633000000.0,10548000000.0,135138000000.0,67000000.0,80000000.0,45000000.0,157000000.0,,,,,,,658000000.0,4111000000.0,3025000000.0,644000000.0,151000000.0,,89000000.0,,2000000.0,-596000000.0,,37000000.0,-374000000.0,-308000000.0,223000000.0
2011-09-30,7646000000.0,,,,,6577000000.0,,,,288000000.0,,3.36,3.29,245000000.0,250200000.0,2693000000.0,,,,,,,,,,,,,130380000000.0,,,,,,,,,119393000000.0,6842000000.0,636000000.0,10271000000.0,130380000000.0,61000000.0,101000000.0,120000000.0,139000000.0,,,,,,,1451000000.0,5469000000.0,4107000000.0,656000000.0,257000000.0,,149000000.0,,3000000.0,-1059000000.0,,89000000.0,-559000000.0,-168000000.0,355000000.0
2011-12-31,10239000000.0,,,,,8807000000.0,,,,355000000.0,,4.46,4.37,241400000.0,246300000.0,2781000000.0,,,,-342000000.0,,,,,774000000.0,,,,133986000000.0,,,,,,,,,123025000000.0,6983000000.0,638000000.0,10255000000.0,133986000000.0,110000000.0,145000000.0,61000000.0,260000000.0,,,,,,,2178000000.0,7236000000.0,5206000000.0,888000000.0,422000000.0,,250000000.0,,7000000.0,-1146000000.0,,90000000.0,-1111000000.0,-80000000.0,370000000.0
2012-03-31,2572000000.0,,,,,2239000000.0,,,,73000000.0,,1.07,1.05,227300000.0,231700000.0,2312000000.0,,,,,,,,,,,,,136757000000.0,,,,,,,,,127008000000.0,5845000000.0,851000000.0,9115000000.0,136757000000.0,56000000.0,32000000.0,-56000000.0,7000000.0,,,,,,,175000000.0,1529000000.0,1174000000.0,100000000.0,76000000.0,,61000000.0,,-1000000.0,-234000000.0,,15000000.0,-417000000.0,-469000000.0,-79000000.0
2012-06-30,5096000000.0,,,,,4454000000.0,,,,201000000.0,,2.08,2.04,224500000.0,228600000.0,2721000000.0,,,,,,,,,,,,,135270000000.0,,,,,,,,,125657000000.0,5990000000.0,942000000.0,9005000000.0,135270000000.0,110000000.0,66000000.0,5000000.0,39000000.0,,,,,,,468000000.0,2367000000.0,2335000000.0,150000000.0,206000000.0,,99000000.0,,7000000.0,173000000.0,,28000000.0,-703000000.0,-60000000.0,131000000.0
2012-09-30,7575000000.0,,,,,6723000000.0,,,,248000000.0,,2.89,2.84,221300000.0,225400000.0,3325000000.0,,,,,,,,,,,,,138564000000.0,,,,,,,,,128743000000.0,6087000000.0,1267000000.0,9157000000.0,138564000000.0,168000000.0,98000000.0,,139000000.0,,,,,,,883000000.0,3345000000.0,3668000000.0,600000000.0,273000000.0,,143000000.0,,9000000.0,1113000000.0,,41000000.0,-1461000000.0,544000000.0,174000000.0
2012-12-31,10259000000.0,,,,,8979000000.0,,,,335000000.0,,4.7,4.62,218700000.0,222800000.0,2371000000.0,,,,45000000.0,,,,,753000000.0,1174000000.0,,,134729000000.0,,,,,,,,,125017000000.0,6381000000.0,1194000000.0,9092000000.0,134729000000.0,225000000.0,134000000.0,50000000.0,130000000.0,,,,,,,1505000000.0,4957000000.0,4994000000.0,3719000000.0,403000000.0,,137000000.0,,8000000.0,4417000000.0,,64000000.0,-6342000000.0,-410000000.0,217000000.0
2013-03-31,2699000000.0,,,,,2204000000.0,,,,121000000.0,,1.61,1.58,208400000.0,212300000.0,2160000000.0,,,,,,,,,,,,,137296000000.0,,,,,,,,,127679000000.0,6617000000.0,1084000000.0,8960000000.0,137296000000.0,58000000.0,33000000.0,,77000000.0,,,,,,,-466000000.0,1187000000.0,1249000000.0,169000000.0,86000000.0,,14000000.0,,3000000.0,389000000.0,,51000000.0,-114000000.0,-211000000.0,10000000.0
2013-06-30,5456000000.0,,,,,4551000000.0,,,,241000000.0,,3.17,3.12,206600000.0,210400000.0,2331000000.0,,,,,,,,,,,,,137258000000.0,,,,,,,,,128276000000.0,6831000000.0,625000000.0,8340000000.0,137258000000.0,116000000.0,71000000.0,,239000000.0,,,,,,,-93000000.0,2391000000.0,2455000000.0,269000000.0,207000000.0,,38000000.0,,-12000000.0,690000000.0,,77000000.0,-618000000.0,-40000000.0,93000000.0
2013-09-30,8277000000.0,,,,,6762000000.0,,,,395000000.0,,5.07,4.97,204800000.0,208700000.0,3125000000.0,,,,,,,,,,,,,140208000000.0,,,,,,,,,131039000000.0,7107000000.0,605000000.0,8325000000.0,140208000000.0,175000000.0,106000000.0,,138000000.0,,,,,,,1106000000.0,4094000000.0,3826000000.0,327000000.0,267000000.0,,68000000.0,,-27000000.0,-143000000.0,,101000000.0,-207000000.0,754000000.0,182000000.0
2013-12-31,11230000000.0,,,,,9229000000.0,,,,492000000.0,,6.56,6.44,203200000.0,207100000.0,2632000000.0,,,,477000000.0,,,,,705000000.0,1164000000.0,,,144576000000.0,,,,,,,,,135344000000.0,7289000000.0,595000000.0,8192000000.0,144576000000.0,239000000.0,143000000.0,-118000000.0,267000000.0,,,,,,,1364000000.0,5780000000.0,5101000000.0,327000000.0,347000000.0,,105000000.0,,-46000000.0,-802000000.0,,120000000.0,-306000000.0,261000000.0,391000000.0
2014-03-31,3003000000.0,,,,,2346000000.0,,,,134000000.0,400000000.0,2.05,2.01,195500000.0,199100000.0,2403000000.0,,,,,,,,,,,,,145964000000.0,,,,,,,,,136519000000.0,7582000000.0,746000000.0,8344000000.0,145964000000.0,63000000.0,30000000.0,,144000000.0,,,,,,,434000000.0,1029000000.0,1104000000.0,161000000.0,111000000.0,,20000000.0,,-1000000.0,-145000000.0,,92000000.0,-521000000.0,-229000000.0,50000000.0
2014-06-30,6082000000.0,,,,,4799000000.0,,,,286000000.0,774000000.0,3.99,3.92,194100000.0,197600000.0,2141000000.0,,,,,,,,,,,,,149160000000.0,,,,,,,,,139483000000.0,7843000000.0,920000000.0,8428000000.0,149160000000.0,129000000.0,63000000.0,,294000000.0,,,,,,,364000000.0,1622000000.0,1972000000.0,292000000.0,225000000.0,,40000000.0,,-3000000.0,158000000.0,,109000000.0,-1027000000.0,-491000000.0,225000000.0
2014-09-30,9200000000.0,,,,,7190000000.0,,,,441000000.0,1194000000.0,6.19,6.08,192800000.0,196300000.0,2876000000.0,,,,,,,,,,,,,147193000000.0,,,,,,,,,137853000000.0,8152000000.0,746000000.0,8260000000.0,147193000000.0,193000000.0,97000000.0,-75000000.0,346000000.0,,,,,,,1981000000.0,2513000000.0,2856000000.0,435000000.0,334000000.0,,89000000.0,,-1000000.0,-172000000.0,,133000000.0,-1558000000.0,244000000.0,345000000.0
2014-12-31,12296000000.0,,,,,9721000000.0,,,,545000000.0,1619000000.0,8.45,8.3,191600000.0,195000000.0,2638000000.0,,,,214000000.0,,,,,667000000.0,1154000000.0,,,148810000000.0,,,,,,,,,139505000000.0,8469000000.0,662000000.0,8124000000.0,148810000000.0,254000000.0,130000000.0,228000000.0,423000000.0,,,,,,,2399000000.0,4127000000.0,4352000000.0,516000000.0,408000000.0,,113000000.0,,21000000.0,-715000000.0,,162000000.0,-1657000000.0,6000000.0,578000000.0
2015-03-31,3060000000.0,,,,,2435000000.0,,,,139000000.0,393000000.0,2.11,2.08,186300000.0,189100000.0,2809000000.0,,,,,,,,,,,,,151448000000.0,,,,,,,,,142189000000.0,8752000000.0,704000000.0,8195000000.0,151448000000.0,66000000.0,35000000.0,66000000.0,184000000.0,,,,,,,913000000.0,1207000000.0,1351000000.0,48000000.0,93000000.0,,29000000.0,,-6000000.0,182000000.0,,45000000.0,-905000000.0,171000000.0,21000000.0
2015-06-30,6195000000.0,,,,,4948000000.0,,,,278000000.0,808000000.0,4.37,4.3,185100000.0,187700000.0,2570000000.0,,,,,,,,,,,,,148806000000.0,,,,,,,,,139810000000.0,9043000000.0,500000000.0,7875000000.0,148806000000.0,123000000.0,70000000.0,88000000.0,278000000.0,,,,,,,1532000000.0,2338000000.0,2499000000.0,56000000.0,142000000.0,,67000000.0,,-32000000.0,-182000000.0,,54000000.0,-1421000000.0,-68000000.0,80000000.0
2015-09-30,9088000000.0,,,,,7371000000.0,,,,389000000.0,1205000000.0,6.57,6.48,183500000.0,186000000.0,2780000000.0,,,,,,,,,,,,,145320000000.0,,,,,,,,,136499000000.0,9319000000.0,461000000.0,7629000000.0,145320000000.0,185000000.0,108000000.0,-23000000.0,294000000.0,,,,,,,1903000000.0,3340000000.0,3453000000.0,151000000.0,249000000.0,,109000000.0,,-29000000.0,-447000000.0,,70000000.0,-1302000000.0,142000000.0,245000000.0
2015-12-31,12200000000.0,,,,,10028000000.0,,,,455000000.0,1562000000.0,8.6,8.48,181700000.0,184200000.0,2357000000.0,,,,571000000.0,,,,,724000000.0,1137000000.0,,,145342000000.0,,,,,,,,,136937000000.0,9551000000.0,253000000.0,7217000000.0,145342000000.0,248000000.0,145000000.0,-131000000.0,277000000.0,,,,,,,2572000000.0,4562000000.0,4542000000.0,294000000.0,306000000.0,,133000000.0,,-11000000.0,-514000000.0,,81000000.0,-2318000000.0,-281000000.0,439000000.0
2016-03-31,2774000000.0,,,,,2290000000.0,,,,111000000.0,364000000.0,2.11,2.09,172600000.0,174400000.0,2649000000.0,,,,,,,,,,,,,140250000000.0,,,,,,,,,133157000000.0,9799000000.0,442000000.0,7093000000.0,140250000000.0,65000000.0,34000000.0,36000000.0,62000000.0,,,,,,,621000000.0,1366000000.0,956000000.0,154000000.0,46000000.0,,28000000.0,,15000000.0,2000000.0,,3000000.0,-319000000.0,292000000.0,23000000.0
2016-06-30,5653000000.0,,,,,4751000000.0,,,,186000000.0,699000000.0,4.1,4.06,170400000.0,172200000.0,2819000000.0,,,,,,,,,,,,,142684000000.0,,,,,,,,,135595000000.0,10007000000.0,638000000.0,7089000000.0,142684000000.0,127000000.0,68000000.0,-54000000.0,26000000.0,,,,,,,1345000000.0,3110000000.0,2384000000.0,314000000.0,86000000.0,,36000000.0,,-42000000.0,63000000.0,,5000000.0,-908000000.0,462000000.0,175000000.0
2016-09-30,8663000000.0,,,,,7511000000.0,,,,209000000.0,914000000.0,5.43,5.37,168300000.0,170100000.0,,,,,,,,,,,,,,143623000000.0,,,,,,,,,136827000000.0,10098000000.0,595000000.0,6796000000.0,143623000000.0,187000000.0,101000000.0,-47000000.0,177000000.0,,,,,,,1705000000.0,4666000000.0,3379000000.0,322000000.0,144000000.0,,66000000.0,,-70000000.0,-366000000.0,,8000000.0,-568000000.0,718000000.0,201000000.0
2016-12-31,11735000000.0,,,,,10104000000.0,,,,278000000.0,1314000000.0,7.9,7.81,166300000.0,168200000.0,2318000000.0,,,,619000000.0,,,,,607000000.0,1104000000.0,,,139821000000.0,,,,,,,,,133529000000.0,10351000000.0,200000000.0,6292000000.0,139821000000.0,248000000.0,134000000.0,-34000000.0,150000000.0,,,,,,,1971000000.0,6498000000.0,4421000000.0,366000000.0,291000000.0,,92000000.0,,-102000000.0,-804000000.0,,14000000.0,-1131000000.0,-39000000.0,155000000.0
2017-03-31,2911000000.0,,,,,2426000000.0,,,,72000000.0,403000000.0,2.56,2.52,157500000.0,160100000.0,,,,,,,,,,,,,,140857000000.0,,,,,,,,,134630000000.0,10633000000.0,219000000.0,,140857000000.0,63000000.0,31000000.0,38000000.0,59000000.0,,,,,,,6000000.0,1135000000.0,1274000000.0,46000000.0,54000000.0,,33000000.0,,-7000000.0,211000000.0,,,-434000000.0,-212000000.0,137000000.0
2017-06-30,5908000000.0,,,,,4900000000.0,,,,190000000.0,796000000.0,5.09,5.01,156300000.0,158800000.0,,,,,,,,,,,,,,143144000000.0,,,,,,,,,136894000000.0,10897000000.0,299000000.0,,143144000000.0,121000000.0,61000000.0,6000000.0,168000000.0,,,,,,,736000000.0,2495000000.0,2560000000.0,276000000.0,223000000.0,,72000000.0,,-22000000.0,227000000.0,,,-866000000.0,118000000.0,311000000.0
2017-09-30,8901000000.0,,,,,7253000000.0,,,,315000000.0,1299000000.0,8.37,8.24,155200000.0,157600000.0,,,,,,,,,,,,,,145486000000.0,,,,,,,,,139181000000.0,11271000000.0,312000000.0,,145486000000.0,176000000.0,91000000.0,-58000000.0,445000000.0,,,,,,,1179000000.0,3722000000.0,3583000000.0,335000000.0,351000000.0,,125000000.0,,8000000.0,-106000000.0,,,-1286000000.0,-181000000.0,387000000.0
2017-12-31,12075000000.0,,,,,9813000000.0,,,,734000000.0,1480000000.0,9.6,9.44,154100000.0,156700000.0,,,,,378000000.0,,,,,626000000.0,1175000000.0,,,147470000000.0,,,,,,,,,141472000000.0,11329000000.0,229000000.0,,147470000000.0,234000000.0,121000000.0,156000000.0,457000000.0,,,,,,,1701000000.0,5419000000.0,4957000000.0,454000000.0,487000000.0,,162000000.0,,112000000.0,-199000000.0,,,-1785000000.0,-248000000.0,418000000.0
2018-03-31,2308000000.0,,,,,2472000000.0,,,,102000000.0,594000000.0,3.97,3.91,149500000.0,152100000.0,,,,,,,,,,,,,,144762000000.0,,,,,,,,,138922000000.0,11796000000.0,-5000000.0,5840000000.0,144762000000.0,56000000.0,32000000.0,104000000.0,78000000.0,,,,,,,-208000000.0,1456000000.0,1195000000.0,361000000.0,57000000.0,,33000000.0,,1000000.0,87000000.0,,,-564000000.0,-673000000.0,118000000.0
2018-06-30,4646000000.0,,,,,5120000000.0,,,,188000000.0,1056000000.0,7.13,7.02,148200000.0,150500000.0,,,,,,,,,,,,,,143268000000.0,,,,,,,,,137636000000.0,12126000000.0,-179000000.0,5632000000.0,143268000000.0,107000000.0,69000000.0,53000000.0,121000000.0,,,,,,,561000000.0,3900000000.0,3124000000.0,401000000.0,170000000.0,,69000000.0,,12000000.0,216000000.0,,,-1147000000.0,-370000000.0,189000000.0
2018-09-30,7020000000.0,,,,,7824000000.0,,,,273000000.0,1559000000.0,10.61,10.45,147000000.0,149200000.0,,,,,,,,,,,,,,145191000000.0,,,,,,,,,139573000000.0,12498000000.0,-244000000.0,5618000000.0,145191000000.0,152000000.0,105000000.0,8000000.0,264000000.0,,,,,,,1109000000.0,6463000000.0,5127000000.0,412000000.0,538000000.0,,117000000.0,,42000000.0,-349000000.0,,,-1204000000.0,-447000000.0,295000000.0
2018-12-31,12924000000.0,,,,,10351000000.0,,,2484000000.0,386000000.0,2098000000.0,14.41,14.2,145600000.0,147700000.0,,,,,489000000.0,,,,,635000000.0,1158000000.0,,,137216000000.0,,,,,,,,,131628000000.0,12909000000.0,-291000000.0,,137216000000.0,198000000.0,144000000.0,25000000.0,398000000.0,,,,,,,2597000000.0,8346000000.0,6738000000.0,435000000.0,653000000.0,,162000000.0,,56000000.0,-587000000.0,,,-1263000000.0,739000000.0,538000000.0
2019-03-31,3153000000.0,,,,,2648000000.0,,,470000000.0,75000000.0,395000000.0,2.85,2.82,138800000.0,140100000.0,,,,,,,,,,,,,,144403000000.0,,,,,,,,,138560000000.0,13172000000.0,35000000.0,5843000000.0,144403000000.0,46000000.0,30000000.0,-2000000.0,-125000000.0,,,,,,,172000000.0,2085000000.0,1986000000.0,92000000.0,93000000.0,,31000000.0,,-1000000.0,-481000000.0,,,291000000.0,-122000000.0,18000000.0
2019-06-30,6435000000.0,,,,,5306000000.0,,,1057000000.0,170000000.0,887000000.0,6.46,6.38,137400000.0,139100000.0,,,,,,,,,,,,,,148678000000.0,,,,,,,,,142648000000.0,13530000000.0,269000000.0,6030000000.0,148678000000.0,91000000.0,64000000.0,-64000000.0,-120000000.0,,,,,,,1152000000.0,5294000000.0,4012000000.0,110000000.0,159000000.0,,67000000.0,,7000000.0,-1629000000.0,,,1496000000.0,855000000.0,202000000.0
2019-09-30,9786000000.0,,,,,7982000000.0,,,1698000000.0,268000000.0,1430000000.0,10.53,10.4,135800000.0,137500000.0,,,,,,,,,,,,,,149513000000.0,,,,,,,,,143516000000.0,13944000000.0,337000000.0,5997000000.0,149513000000.0,132000000.0,100000000.0,-239000000.0,-205000000.0,,,,,,,2574000000.0,7508000000.0,6107000000.0,219000000.0,227000000.0,,100000000.0,,103000000.0,-1736000000.0,,,1064000000.0,1683000000.0,345000000.0
2019-12-31,13103000000.0,,,,,10735000000.0,,,2232000000.0,339000000.0,1893000000.0,14.12,13.92,134100000.0,136000000.0,,,,,646000000.0,,,,,610000000.0,1167000000.0,,,151828000000.0,,,,,,,,,146099000000.0,14279000000.0,262000000.0,5729000000.0,151828000000.0,183000000.0,135000000.0,-308000000.0,-324000000.0,,,,,,,2341000000.0,11911000000.0,8202000000.0,242000000.0,288000000.0,,143000000.0,,115000000.0,-3234000000.0,,,1214000000.0,330000000.0,609000000.0
2020-03-31,3026000000.0,,,,,650000000.0,,,2351000000.0,315000000.0,2036000000.0,16.11,15.88,126400000.0,128200000.0,,,,,,,,,,,,,,145682000000.0,,,,,,,,,138989000000.0,16180000000.0,-295000000.0,6693000000.0,145682000000.0,47000000.0,36000000.0,1273000000.0,13000000.0,,,,,,,4893000000.0,2529000000.0,2050000000.0,633000000.0,115000000.0,,29000000.0,,-7000000.0,-40000000.0,,,628000000.0,5464000000.0,34000000.0
2020-06-30,5756000000.0,,,,,3888000000.0,,,1825000000.0,328000000.0,1497000000.0,11.91,11.77,125700000.0,127200000.0,,,,,,,,,,,,,,154902000000.0,,,,,,,,,148402000000.0,15510000000.0,394000000.0,6500000000.0,154902000000.0,96000000.0,72000000.0,521000000.0,131000000.0,,,,,,,4703000000.0,6138000000.0,4162000000.0,1318000000.0,134000000.0,,62000000.0,,-20000000.0,-896000000.0,,,117000000.0,3906000000.0,51000000.0
2020-09-30,8769000000.0,,,,,7075000000.0,,,1641000000.0,284000000.0,1357000000.0,10.87,10.73,124800000.0,126500000.0,,,,,,,,,,,,,,158687000000.0,,,,,,,,,152620000000.0,15241000000.0,516000000.0,6067000000.0,158687000000.0,150000000.0,107000000.0,198000000.0,216000000.0,,,,,,,5639000000.0,10197000000.0,6568000000.0,1690000000.0,219000000.0,,107000000.0,,-23000000.0,-2421000000.0,,,793000000.0,4006000000.0,116000000.0
2020-12-31,11958000000.0,,,,,10068000000.0,,,1831000000.0,297000000.0,1534000000.0,12.39,12.2,123800000.0,125700000.0,,,,,880000000.0,,,,,602000000.0,1176000000.0,,,165883000000.0,,,,,,,,,160016000000.0,15292000000.0,629000000.0,5867000000.0,165883000000.0,207000000.0,146000000.0,-321000000.0,648000000.0,,,,,,,4623000000.0,13525000000.0,9554000000.0,1708000000.0,284000000.0,,147000000.0,,-17000000.0,-2894000000.0,,,952000000.0,2690000000.0,236000000.0
2021-03-31,3355000000.0,,,,,2857000000.0,,,493000000.0,56000000.0,437000000.0,3.65,3.58,119800000.0,122200000.0,,,,,,,,,,,,,,165737000000.0,,,,,,,,,160235000000.0,15600000000.0,317000000.0,5502000000.0,165737000000.0,60000000.0,35000000.0,60000000.0,238000000.0,,,,,,,-1000000000.0,3245000000.0,2964000000.0,92000000.0,31000000.0,,22000000.0,,-14000000.0,-809000000.0,,,433000000.0,-1367000000.0,36000000.0
2021-06-30,6775000000.0,,,,,5554000000.0,,,1214000000.0,186000000.0,1028000000.0,8.63,8.45,119100000.0,121700000.0,,,,,,,,,,,,,,171703000000.0,,,,,,,,,166017000000.0,16057000000.0,460000000.0,5686000000.0,171703000000.0,120000000.0,74000000.0,161000000.0,236000000.0,,,,,,,931000000.0,6210000000.0,5714000000.0,405000000.0,54000000.0,,55000000.0,,106000000.0,-909000000.0,,,-101000000.0,-70000000.0,638000000.0
2021-09-30,9681000000.0,,,,,7187000000.0,,,2484000000.0,425000000.0,2059000000.0,17.42,17.03,118200000.0,120900000.0,,,,,,,,,,,,,,170726000000.0,,,,,,,,,165019000000.0,16955000000.0,99000000.0,5707000000.0,170726000000.0,95000000.0,124000000.0,63000000.0,360000000.0,,,,,,,1774000000.0,10047000000.0,8992000000.0,555000000.0,73000000.0,,86000000.0,,-4000000.0,-1373000000.0,,,259000000.0,651000000.0,867000000.0
2021-12-31,13443000000.0,,,,,10081000000.0,,,3350000000.0,590000000.0,2760000000.0,23.53,23.0,117300000.0,120000000.0,,,,,1088000000.0,,,,,590000000.0,1458000000.0,,,175979000000.0,,,,,,,,,170294000000.0,17525000000.0,3000000.0,5685000000.0,175979000000.0,98000000.0,152000000.0,-87000000.0,520000000.0,,,,,,,3325000000.0,14718000000.0,11501000000.0,556000000.0,97000000.0,576000000.0,120000000.0,,10000000.0,-4380000000.0,,,1723000000.0,666000000.0,986000000.0
2022-03-31,3657000000.0,,,,,2732000000.0,,,923000000.0,162000000.0,761000000.0,6.69,6.55,113700000.0,116200000.0,,,,,,,,,,,,,,167525000000.0,,,,,,,,,162515000000.0,18153000000.0,-895000000.0,5010000000.0,167525000000.0,-12000000.0,44000000.0,154000000.0,83000000.0,,,,,,,409000000.0,3972000000.0,2209000000.0,0.0,5000000.0,,44000000.0,,-24000000.0,-1665000000.0,,,518000000.0,-758000000.0,34000000.0
2022-06-30,7168000000.0,,,,,5285000000.0,,,1878000000.0,361000000.0,1517000000.0,13.42,13.16,113000000.0,115300000.0,,,,,,,,,,,,,,158497000000.0,,,,,,,,,154193000000.0,18767000000.0,-1795000000.0,4304000000.0,158497000000.0,-4000000.0,86000000.0,153000000.0,211000000.0,,,,,,,1818000000.0,8921000000.0,3990000000.0,302000000.0,61000000.0,-34000000.0,84000000.0,,-8000000.0,-4592000000.0,,,2607000000.0,-187000000.0,166000000.0
2022-09-30,10674000000.0,,,,,8091000000.0,,,2563000000.0,498000000.0,2065000000.0,18.42,18.05,112100000.0,114400000.0,,,,,,,,,,,,,,153354000000.0,,,,,,,,,150097000000.0,19174000000.0,-2794000000.0,3257000000.0,153354000000.0,-11000000.0,127000000.0,177000000.0,132000000.0,,,,,,,3190000000.0,15452000000.0,5849000000.0,738000000.0,75000000.0,-34000000.0,126000000.0,,13000000.0,-9241000000.0,,,6213000000.0,46000000.0,367000000.0
2022-12-31,14347000000.0,,,,,11089000000.0,,,3182000000.0,623000000.0,2559000000.0,22.99,22.51,111300000.0,113700000.0,,,,,1701000000.0,,,,,630000000.0,1389000000.0,,,158468000000.0,,,,,,,,,154855000000.0,19531000000.0,-2349000000.0,3613000000.0,158468000000.0,-40000000.0,170000000.0,-4000000.0,-44000000.0,,,,,,,4407000000.0,22034000000.0,7621000000.0,1306000000.0,99000000.0,-34000000.0,182000000.0,,31000000.0,-13583000000.0,,,8430000000.0,-814000000.0,500000000.0
2023-03-31,3845000000.0,,,,,3246000000.0,,,496000000.0,79000000.0,417000000.0,3.86,3.79,107900000.0,110000000.0,,,,,,,,,,,,,,166640000000.0,,,,,,,,,162496000000.0,20197000000.0,-1985000000.0,4144000000.0,166640000000.0,-35000000.0,46000000.0,-48000000.0,-256000000.0,,,,,,,1056000000.0,5098000000.0,1464000000.0,313000000.0,24000000.0,,41000000.0,,5000000.0,-3146000000.0,,,3162000000.0,1083000000.0,33000000.0
2023-06-30,7852000000.0,,,,,5995000000.0,,,1623000000.0,316000000.0,1307000000.0,12.2,11.97,107100000.0,109200000.0,,,,,,,,,,,,,,169781000000.0,,,,,,,,,165701000000.0,20941000000.0,-2349000000.0,4080000000.0,169781000000.0,-70000000.0,92000000.0,60000000.0,-479000000.0,,,,,,,1617000000.0,11098000000.0,4431000000.0,329000000.0,40000000.0,0.0,84000000.0,,22000000.0,-6020000000.0,,,4352000000.0,-23000000.0,684000000.0
2023-09-30,11928000000.0,,,,,8803000000.0,,,2740000000.0,561000000.0,2179000000.0,20.48,20.08,106400000.0,108500000.0,,,,,,,,,,,,,,165136000000.0,,,,,,,,,161311000000.0,21670000000.0,-2840000000.0,3825000000.0,165136000000.0,-114000000.0,138000000.0,106000000.0,-324000000.0,,,,,,,2542000000.0,15194000000.0,6660000000.0,726000000.0,73000000.0,0.0,134000000.0,,41000000.0,-7342000000.0,,,4030000000.0,-764000000.0,796000000.0
2023-12-31,16096000000.0,,,,,12301000000.0,,,3234000000.0,678000000.0,2556000000.0,24.18,23.71,105700000.0,107800000.0,,,,,1426000000.0,,,,,681000000.0,1410000000.0,,,175191000000.0,,,,,,,,,170462000000.0,21905000000.0,-1766000000.0,4729000000.0,175191000000.0,-154000000.0,187000000.0,18000000.0,-276000000.0,,,,,,,4685000000.0,19694000000.0,9230000000.0,734000000.0,116000000.0,0.0,184000000.0,,180000000.0,-9262000000.0,,,4411000000.0,-135000000.0,1036000000.0
2024-03-31,4325000000.0,,,,,2927000000.0,,,1219000000.0,229000000.0,990000000.0,9.63,9.46,102800000.0,104600000.0,,,,,,,,,,,,,,179831000000.0,,,,,,,,,174952000000.0,22752000000.0,-1930000000.0,4879000000.0,179831000000.0,-42000000.0,42000000.0,227000000.0,0.0,,,,,,,1444000000.0,3972000000.0,3283000000.0,0.0,23000000.0,,52000000.0,,9000000.0,-569000000.0,,,-1431000000.0,-561000000.0,25000000.0
2024-06-30,8717000000.0,,,,,6096000000.0,,,2270000000.0,451000000.0,1819000000.0,17.8,17.49,102200000.0,104000000.0,,,,,,,,,,,,,,179700000000.0,,,,,,,,,174707000000.0,23430000000.0,-1993000000.0,4993000000.0,179700000000.0,-89000000.0,90000000.0,258000000.0,45000000.0,,,,,,,3164000000.0,7619000000.0,7155000000.0,31000000.0,132000000.0,,69000000.0,,36000000.0,-403000000.0,,,-2534000000.0,223000000.0,107000000.0
2024-09-30,13277000000.0,,,,,9848000000.0,,,2915000000.0,585000000.0,2330000000.0,22.93,22.53,101600000.0,103400000.0,,,,,,,,,,,,,,185969000000.0,,,,,,,,,180254000000.0,23791000000.0,-1101000000.0,5715000000.0,185969000000.0,-125000000.0,138000000.0,169000000.0,-221000000.0,,,,,,,6212000000.0,12626000000.0,11136000000.0,1810000000.0,153000000.0,,118000000.0,,57000000.0,232000000.0,,,-3707000000.0,2759000000.0,215000000.0
