Date,Net sales,Cost of sales,Gross margin,Research and development,"Selling, general and administrative",Total operating expenses,Operating income,"Other income/(expense), net",Income before provision for income taxes,Provision for income taxes,Net income,Earnings per share basic,Earnings per share diluted,Weighted-average basic,Weighted-average diluted,Cash and cash equivalents,Short-term marketable securities,"Accounts receivable, net",Inventories,Deferred tax assets,Vendor non-trade receivables,Other current assets,Total current assets,Long-term marketable securities,"Property, Plant and Equipment, Net",Goodwill,"Acquired intangible assets, net","Other Assets, Noncurrent",Total assets,accounts payable,Accrued expenses,Deferred revenue,Total current liabilities,Deferred revenue - non-current,deferred tax liabilities,long term taxes payable,Total other non-current liabilities,Total liabilities,Retained Earnings (Accumulated Deficit),Accumulated other comprehensive (loss)/income,Total shareholders equity,Total liabilities and shareholders' equity,"Depreciation, amortization and accretion",Stock-based compensation expense,Deferred income tax expense,"Increase (Decrease) in Accounts receivable, net",Increase (Decrease) in Inventories,Increase (Decrease) in Other Receivables,Increase (Decrease) in Other Operating Assets,Increase (Decrease) in Accounts Payable,Increase (Decrease) in Deferred Revenue,Increase (Decrease) Other liabilities,Cash generated by operating activities,Purchases of marketable securities,Proceeds from maturities of marketable securities,Proceeds from sales of marketable securities,Purchases of other long-term investments,"Business acquisitions, net of cash acquired",Cash payments for capital asset purchases,Payments for acquisition of intangible assets,Payments for (Proceeds from) Other Investing Activities,Cash used in investing activities,Proceeds from issuance of common stock,Excess tax benefits from stock-based compensation,Cash generated/used in financing activities,Increase/(decrease) in cash and cash equivalents,"Cash paid for income taxes, net"
2009-12-31,1724114000.0,,,,201694000.0,1051856000.0,672258000.0,-250771000.0,421487000.0,182565000.0,246595000.0,0.62,0.61,398375000.0,406948000.0,247293000.0,,67949000.0,,189451000.0,,89051000.0,651356000.0,,3175511000.0,2237850000.0,1598633000.0,651133000.0,8512668000.0,,,112047000.0,391244000.0,,,,662239000.0,5194543000.0,-2109532000.0,-12649000.0,3315082000.0,8512668000.0,414619000.0,60670000.0,156780000.0,17844000.0,,,,,-9166000.0,5808000.0,842126000.0,,,,,295603000.0,250262000.0,,6304000.0,-543066000.0,,,-194942000.0,104216000.0,
2010-03-31,454434000.0,,,,53527000.0,275585000.0,178849000.0,-54020000.0,124829000.0,28389000.0,96318000.0,0.24,0.24,402346000.0,406080000.0,352887000.0,,73541000.0,,216822000.0,,107208000.0,819197000.0,,3179196000.0,2246170000.0,1655608000.0,668104000.0,8674251000.0,,,117028000.0,422811000.0,,,,641564000.0,5216405000.0,-2013214000.0,28320000.0,3454910000.0,8674251000.0,110835000.0,13565000.0,,,,,23093000.0,,,30573000.0,253649000.0,,,,,88487000.0,55057000.0,,8211000.0,-150680000.0,,,2650000.0,105594000.0,
2010-06-30,924371000.0,,,,107109000.0,556806000.0,367565000.0,-112569000.0,254996000.0,58741000.0,195983000.0,0.49,0.48,402733000.0,405685000.0,302893000.0,,48872000.0,,224472000.0,,113844000.0,770538000.0,,3188461000.0,2255943000.0,1596492000.0,678120000.0,8585923000.0,,,128508000.0,358820000.0,,,,645052000.0,5155913000.0,-1913549000.0,-9829000.0,3426999000.0,8585923000.0,221238000.0,26792000.0,,,,,-33889000.0,,,58041000.0,516396000.0,,,,,132472000.0,132510000.0,,24059000.0,-286910000.0,,,-174863000.0,55600000.0,
2010-09-30,1437693000.0,,,,164404000.0,856756000.0,580937000.0,-161698000.0,419239000.0,129390000.0,289422000.0,0.72,0.71,401887000.0,405053000.0,371878000.0,,92869000.0,,210244000.0,,157438000.0,944308000.0,,3494402000.0,2458989000.0,1777828000.0,720905000.0,9448978000.0,,,140481000.0,614867000.0,,,,754156000.0,5995328000.0,-1820110000.0,24405000.0,3450600000.0,9448978000.0,336621000.0,40146000.0,,,,,56555000.0,,,72228000.0,774619000.0,,,,,584270000.0,228480000.0,,49715000.0,-859160000.0,,,199958000.0,124585000.0,
2010-12-31,1985335000.0,,,,229769000.0,1200957000.0,784378000.0,-228353000.0,556025000.0,182489000.0,372936000.0,0.93,0.92,401152000.0,404072000.0,883963000.0,,80961000.0,,-9598000.0,,147843000.0,1404174000.0,,3623835000.0,2490295000.0,1985352000.0,785874000.0,10368014000.0,,,134135000.0,542195000.0,89886000.0,,,808769000.0,6863456000.0,-1736596000.0,38053000.0,3501444000.0,10368014000.0,460726000.0,52555000.0,,18974000.0,,,,,44382000.0,3537000.0,1020977000.0,,,,,899606000.0,346664000.0,,24157000.0,-1300902000.0,,,910330000.0,636670000.0,36381000.0
2011-03-31,562695000.0,,,,66132000.0,344395000.0,218300000.0,-54917000.0,163383000.0,71423000.0,91842000.0,0.23,0.23,397768000.0,401899000.0,362823000.0,,97829000.0,,250250000.0,,150393000.0,951417000.0,,3770671000.0,2669986000.0,2440314000.0,849339000.0,10758749000.0,,,155608000.0,826407000.0,,,,1035598000.0,7249733000.0,-1644754000.0,54416000.0,3499194000.0,10758749000.0,131231000.0,12358000.0,,,,,13486000.0,,,38565000.0,283816000.0,,,,,617348000.0,97901000.0,,-3567000.0,-674530000.0,,,-137526000.0,-521140000.0,
2011-06-30,1159930000.0,,,,138453000.0,715841000.0,444089000.0,-101669000.0,342420000.0,137300000.0,207053000.0,0.52,0.52,397180000.0,401199000.0,332542000.0,,99823000.0,,256146000.0,,172011000.0,912085000.0,,3909635000.0,2779116000.0,2346710000.0,882281000.0,10973784000.0,,,125474000.0,1309883000.0,,,,739554000.0,7373996000.0,-1529543000.0,62470000.0,3561863000.0,10973784000.0,269789000.0,24045000.0,,,,,26913000.0,,,30287000.0,559338000.0,,,,,892554000.0,236580000.0,,-25123000.0,-1057287000.0,,,-57380000.0,-551421000.0,
2011-09-30,1790333000.0,,,,214929000.0,1117939000.0,672394000.0,-325021000.0,347373000.0,161981000.0,191352000.0,0.48,0.48,396507000.0,400467000.0,177506000.0,,100063000.0,,252699000.0,,228590000.0,813805000.0,,4125887000.0,2673631000.0,2208387000.0,336082000.0,10895336000.0,,,95851000.0,1371328000.0,,,,805649000.0,7547695000.0,-1545244000.0,-87070000.0,3263290000.0,10895336000.0,411902000.0,36185000.0,,,,,58891000.0,,,58809000.0,849998000.0,,,,,1220572000.0,397088000.0,,-13218000.0,-1559631000.0,,,4265000.0,-706457000.0,
2011-12-31,2443532000.0,,,,288824000.0,1523400000.0,920132000.0,-413237000.0,506895000.0,125080000.0,396462000.0,1.0,0.99,395711000.0,400195000.0,330191000.0,,100971000.0,,188303000.0,,,842771000.0,,4883473000.0,2805267000.0,2351955000.0,493828000.0,12232430000.0,214739000.0,304208000.0,93099000.0,779591000.0,125472000.0,,,562146000.0,8822288000.0,-1477899000.0,-142617000.0,3287220000.0,12232430000.0,555517000.0,47437000.0,,28857000.0,,,,,-6351000.0,9483000.0,1165942000.0,,,,,2320673000.0,523015000.0,,-25495000.0,-2790812000.0,,,1086095000.0,-553772000.0,53909000.0
2012-03-31,696517000.0,,,,79584000.0,422071000.0,274446000.0,-36858000.0,237588000.0,27248000.0,221306000.0,0.56,0.56,393885000.0,398453000.0,471258000.0,,105120000.0,,30318000.0,,,975369000.0,,5006647000.0,2767516000.0,2523354000.0,480198000.0,12638206000.0,226283000.0,336094000.0,92939000.0,939267000.0,,,,582451000.0,9051803000.0,-1339627000.0,-97682000.0,3478968000.0,12638206000.0,149655000.0,13045000.0,,,,,,,,,402017000.0,,,,,159403000.0,121032000.0,,1871000.0,-291296000.0,,,27440000.0,141067000.0,-897000.0
2012-06-30,1394251000.0,,,,156432000.0,849319000.0,544932000.0,-249845000.0,295087000.0,51063000.0,269515000.0,0.68,0.68,394743000.0,398811000.0,481937000.0,,99181000.0,,28986000.0,,,919009000.0,,5079729000.0,2714718000.0,2569999000.0,524628000.0,12709359000.0,201386000.0,325056000.0,91414000.0,906493000.0,,,,599766000.0,9223169000.0,-1378518000.0,-203303000.0,3357548000.0,12709359000.0,321727000.0,26596000.0,,,,,,,,,762875000.0,,,,,532860000.0,226402000.0,,2450000.0,-766909000.0,,,170290000.0,151746000.0,12776000.0
2012-09-30,2107586000.0,,,,237891000.0,1267102000.0,840484000.0,-300520000.0,539964000.0,64117000.0,501604000.0,1.27,1.26,395244000.0,399487000.0,382312000.0,,148807000.0,,27641000.0,,,872783000.0,,5242781000.0,2763706000.0,2595059000.0,522160000.0,12961304000.0,87380000.0,334034000.0,133896000.0,850925000.0,,,,667680000.0,9275322000.0,-1237569000.0,-164081000.0,3556754000.0,12961304000.0,465788000.0,39654000.0,,,,,,,,,1116547000.0,,,,,822714000.0,377026000.0,,2892000.0,-1174266000.0,,,112095000.0,52121000.0,28465000.0
2012-12-31,2875960000.0,,,,327301000.0,1756241000.0,1119719000.0,-418425000.0,701294000.0,107304000.0,637283000.0,1.61,1.6,394772000.0,399287000.0,368618000.0,,136971000.0,,143443000.0,,,829528000.0,,5789995000.0,2912046000.0,3115053000.0,452788000.0,14089129000.0,89578000.0,286962000.0,124147000.0,632178000.0,164032000.0,,,643701000.0,10404948000.0,-1196907000.0,-183347000.0,3573101000.0,14089129000.0,644276000.0,51983000.0,,43679000.0,,,,,68015000.0,-5285000.0,1414391000.0,,,,,1997955000.0,568048000.0,,14758000.0,-2558385000.0,,,1170366000.0,38427000.0,69277000.0
2013-03-31,802728000.0,,,,101153000.0,503042000.0,299686000.0,-119516000.0,180170000.0,19222000.0,171407000.0,0.43,0.43,395239000.0,399659000.0,441706000.0,,145446000.0,,24617000.0,,,903616000.0,,5879513000.0,2898638000.0,3271981000.0,482530000.0,14463740000.0,86769000.0,263187000.0,148405000.0,739124000.0,,,,695592000.0,10682218000.0,-1128361000.0,-158043000.0,3671615000.0,14463740000.0,185804000.0,21042000.0,,,,,,,,,394036000.0,,,,,245094000.0,123905000.0,,129000.0,-376628000.0,,,34629000.0,73088000.0,13543000.0
2013-06-30,1611558000.0,,,,200956000.0,999060000.0,612498000.0,-359662000.0,252836000.0,-11447000.0,271228000.0,0.69,0.68,395420000.0,399659000.0,448447000.0,,130861000.0,,22773000.0,,,946051000.0,,5811081000.0,2832392000.0,3214383000.0,476931000.0,14339394000.0,91021000.0,293605000.0,142310000.0,781040000.0,,,,688334000.0,10719527000.0,-1135851000.0,-274256000.0,3518323000.0,14339394000.0,370412000.0,38097000.0,,,,,,,,,784521000.0,,,,,311170000.0,280605000.0,,1096000.0,-601774000.0,,,-94860000.0,79829000.0,17153000.0
2013-09-30,2419438000.0,,,,298737000.0,1498061000.0,921377000.0,-489733000.0,431644000.0,23361000.0,451351000.0,1.14,1.13,395138000.0,399275000.0,4040353000.0,,152560000.0,,23931000.0,,,4742036000.0,,5878826000.0,2815271000.0,3195106000.0,452584000.0,18181320000.0,90845000.0,331311000.0,138422000.0,823319000.0,,,,705966000.0,14569403000.0,-1066580000.0,-298015000.0,3528963000.0,18181320000.0,555334000.0,53155000.0,,,,,,,,,1144443000.0,,,,,365658000.0,448249000.0,,122396000.0,-958638000.0,,,3494759000.0,3671735000.0,23172000.0
2013-12-31,3361407000.0,,,,415545000.0,2147102000.0,1214305000.0,-672556000.0,541749000.0,59541000.0,551333000.0,1.4,1.38,395040000.0,399146000.0,293576000.0,,151084000.0,,19892000.0,,,952656000.0,,7262175000.0,3729901000.0,6701459000.0,445004000.0,20272571000.0,171050000.0,415324000.0,161926000.0,924758000.0,278295000.0,,,822758000.0,16682531000.0,-1081467000.0,-311220000.0,3534165000.0,20272571000.0,800145000.0,68138000.0,,19080000.0,,,,,108487000.0,21474000.0,1599047000.0,,,,,4461764000.0,724532000.0,,-18512000.0,-5173337000.0,,,3525565000.0,-75042000.0,51676000.0
2014-03-31,984089000.0,,,,110029000.0,630452000.0,353637000.0,-142675000.0,210962000.0,17649000.0,202499000.0,0.51,0.51,395146000.0,399120000.0,333439000.0,,227155000.0,,21638000.0,,,1042981000.0,,7344049000.0,3737681000.0,6617524000.0,453602000.0,20417407000.0,115726000.0,400449000.0,215429000.0,1275005000.0,,,,893549000.0,16715802000.0,-1006058000.0,-272410000.0,3671178000.0,20417407000.0,245763000.0,24604000.0,,,,,,,,,476582000.0,,,,,62761000.0,213891000.0,,1369000.0,-291056000.0,,,-152901000.0,39863000.0,19094000.0
2014-06-30,2015546000.0,,,,208528000.0,1259410000.0,756136000.0,-301713000.0,454423000.0,39451000.0,436930000.0,1.09,1.08,395872000.0,399588000.0,282959000.0,,174612000.0,,23786000.0,,,998445000.0,,7589815000.0,3854931000.0,6637882000.0,515175000.0,20847737000.0,132734000.0,422614000.0,204437000.0,2243246000.0,,,,889975000.0,16439573000.0,-911163000.0,-250920000.0,4406494000.0,20847737000.0,491190000.0,43439000.0,,,,,,,,,1072382000.0,,,,,315527000.0,466247000.0,,61134000.0,-836805000.0,,,-249232000.0,-10617000.0,35776000.0
2014-09-30,3053734000.0,,,,317437000.0,1912791000.0,1140943000.0,-469464000.0,671479000.0,49877000.0,644523000.0,1.6,1.58,396243000.0,400397000.0,295613000.0,,198119000.0,,22797000.0,,,996937000.0,,7552110000.0,3866550000.0,6389227000.0,528840000.0,20596615000.0,111001000.0,436711000.0,190616000.0,1937918000.0,,,,933223000.0,16411301000.0,-854579000.0,-504339000.0,4194627000.0,20596615000.0,740256000.0,61708000.0,,,,,,,,,1569606000.0,,,,,324936000.0,723353000.0,,63295000.0,-1103410000.0,,,-461837000.0,2037000.0,52379000.0
2014-12-31,4100048000.0,,,,446542000.0,2613126000.0,1486922000.0,-621218000.0,865704000.0,62505000.0,824910000.0,2.02,2.0,395958000.0,400086000.0,313492000.0,,198714000.0,,14632000.0,,,947968000.0,,7626817000.0,4017082000.0,6889331000.0,566454000.0,21331545000.0,90366000.0,417754000.0,233819000.0,1929692000.0,415809000.0,,,1028382000.0,17278193000.0,-837320000.0,-794221000.0,3953560000.0,21331545000.0,1003802000.0,80153000.0,,84529000.0,,,,,218393000.0,20944000.0,2134589000.0,,,,,1010637000.0,974404000.0,,19486000.0,-1949548000.0,,,-134591000.0,19916000.0,69212000.0
2015-03-31,1079190000.0,,,,123290000.0,659224000.0,419966000.0,-200602000.0,219364000.0,23872000.0,193317000.0,0.45,0.45,405111000.0,409399000.0,323400000.0,,175784000.0,,13555000.0,,,925819000.0,,9422641000.0,3980174000.0,9536782000.0,778115000.0,25930194000.0,72512000.0,392450000.0,220454000.0,1731414000.0,,,,1043198000.0,18498555000.0,-822545000.0,-1205860000.0,7351686000.0,25930194000.0,263520000.0,29861000.0,,,,,,,,,509930000.0,,,,,20946000.0,159184000.0,,1397000.0,-5249419000.0,2440390000.0,,4760127000.0,9908000.0,14714000.0
2015-06-30,2253565000.0,,,,239628000.0,1443825000.0,809740000.0,-419240000.0,390500000.0,37828000.0,349373000.0,0.76,0.75,423154000.0,426933000.0,274702000.0,,212919000.0,,14144000.0,,,940575000.0,,9586400000.0,4036642000.0,9853199000.0,736821000.0,26469725000.0,82850000.0,412981000.0,193514000.0,1036628000.0,,,,1049737000.0,19096567000.0,-876607000.0,-1228521000.0,7310872000.0,26469725000.0,591876000.0,53906000.0,,,,,,,,,1036460000.0,,,,,670246000.0,311122000.0,,3087000.0,-6079440000.0,2440327000.0,,4990217000.0,-38790000.0,29911000.0
2015-09-30,3491475000.0,,,,354460000.0,2280810000.0,1210665000.0,-628190000.0,582475000.0,132063000.0,452372000.0,0.93,0.92,423375000.0,427227000.0,287404000.0,,206154000.0,,12318000.0,,,940355000.0,,9806190000.0,4055171000.0,10012397000.0,788781000.0,26926788000.0,99590000.0,743256000.0,203295000.0,1369508000.0,,,,1079902000.0,20242586000.0,-995932000.0,-1832903000.0,6617891000.0,26926788000.0,932972000.0,72251000.0,,,,,,,,,1543615000.0,,,,,1616205000.0,518018000.0,,2053000.0,-7204277000.0,2440327000.0,,5632448000.0,-26088000.0,130231000.0
2015-12-31,4771516000.0,,,,497835000.0,3158727000.0,1612789000.0,-782827000.0,829962000.0,157955000.0,685074000.0,1.42,1.41,418907000.0,423015000.0,320686000.0,,227354000.0,,0.0,,,996468000.0,,9866424000.0,4091805000.0,9837876000.0,732903000.0,26904272000.0,96714000.0,516413000.0,211001000.0,1200029000.0,451844000.0,,,1065682000.0,20191454000.0,-998535000.0,-1836996000.0,6651679000.0,26904272000.0,1285328000.0,90537000.0,,56312000.0,,,,,12945000.0,1746000.0,2183052000.0,,,,,1961056000.0,728753000.0,,1968000.0,-7741735000.0,2440327000.0,,5589101000.0,7194000.0,157058000.0
2016-03-31,1289047000.0,,,,135315000.0,837194000.0,451853000.0,-141422000.0,310431000.0,29124000.0,275159000.0,0.59,0.58,424059000.0,427888000.0,336403000.0,,217457000.0,,,,,1036516000.0,,9917985000.0,4123401000.0,9813990000.0,753939000.0,27064315000.0,94051000.0,437546000.0,222387000.0,1198156000.0,,,,1093662000.0,20064100000.0,-967718000.0,-1610592000.0,6933249000.0,27064315000.0,341634000.0,28100000.0,,,,,-12451000.0,,,,563512000.0,,,,,873000.0,154222000.0,,26950000.0,-185516000.0,0.0,,-366064000.0,15717000.0,19368000.0
2016-06-30,2731274000.0,,,,273549000.0,1846615000.0,884659000.0,-338254000.0,546405000.0,72634000.0,462709000.0,0.96,0.95,424909000.0,429004000.0,410538000.0,,285422000.0,,,,,1320600000.0,,10575425000.0,4981919000.0,11590692000.0,809287000.0,30740198000.0,120586000.0,617711000.0,224312000.0,1655631000.0,,,,1058433000.0,22814816000.0,-1033324000.0,-1770998000.0,6773515000.0,30740198000.0,739399000.0,50000000.0,,,,,-53464000.0,,,,1311316000.0,,,,,1216467000.0,319427000.0,,5360000.0,-1543401000.0,0.0,,330259000.0,89852000.0,50413000.0
2016-09-30,4246119000.0,,,,405086000.0,2882386000.0,1363733000.0,-531556000.0,832177000.0,94671000.0,727218000.0,1.52,1.51,425517000.0,429925000.0,530358000.0,,273907000.0,,,,,1370756000.0,,10452038000.0,4997224000.0,11557964000.0,813931000.0,30655527000.0,105551000.0,571989000.0,254336000.0,1519553000.0,,,,1068121000.0,22781044000.0,-1030663000.0,-1876374000.0,6707396000.0,30655527000.0,1137398000.0,70212000.0,,,,,-120170000.0,,,,1978431000.0,,,,,1309915000.0,475174000.0,,824000.0,-1786202000.0,0.0,,26727000.0,209672000.0,71868000.0
2016-12-31,5785668000.0,,,,543395000.0,3932639000.0,1853029000.0,-727169000.0,1125860000.0,155501000.0,956425000.0,2.0,1.98,425143000.0,429283000.0,787161000.0,,308369000.0,,,,,1689870000.0,,10517258000.0,5070680000.0,11274611000.0,841523000.0,30879150000.0,118666000.0,620563000.0,245387000.0,1631269000.0,457272000.0,,,1142723000.0,22811730000.0,-1076965000.0,-1999332000.0,6763895000.0,30879150000.0,1525635000.0,89898000.0,,-11352000.0,,,,,16557000.0,18627000.0,2703604000.0,,,,,1416373000.0,701387000.0,,16126000.0,-2107446000.0,0.0,,-99294000.0,466475000.0,96241000.0
2017-03-31,1616238000.0,,,,164796000.0,1084859000.0,531379000.0,-197206000.0,334173000.0,26763000.0,316080000.0,0.68,0.67,427279000.0,430199000.0,712778000.0,,369972000.0,,,,,1711187000.0,,10717160000.0,5379830000.0,11826886000.0,863353000.0,32057389000.0,109424000.0,742500000.0,284215000.0,3209058000.0,,,,1186785000.0,23542561000.0,-1053706000.0,-1759489000.0,6852474000.0,32057389000.0,421140000.0,36222000.0,,,,,45258000.0,,,,683097000.0,,,,,777755000.0,168138000.0,,-21848000.0,-920294000.0,,,157867000.0,-74383000.0,23074000.0
2017-06-30,3278672000.0,,,,317944000.0,2170384000.0,1108288000.0,-361645000.0,746643000.0,50743000.0,683131000.0,1.48,1.47,427298000.0,430487000.0,770024000.0,,322060000.0,,,,,1802759000.0,,10725707000.0,5371165000.0,11728666000.0,888853000.0,32138210000.0,102726000.0,727966000.0,283486000.0,3278911000.0,,,,1171546000.0,23937228000.0,-989153000.0,-1848803000.0,6482709000.0,32138210000.0,817495000.0,61960000.0,,,,,50222000.0,,,,1478458000.0,,,,,857220000.0,371512000.0,,-7025000.0,-1214511000.0,,,-290589000.0,-17137000.0,60384000.0
2017-09-30,4959438000.0,,,,465905000.0,3289999000.0,1669439000.0,-554700000.0,1114739000.0,84155000.0,1000399000.0,2.18,2.16,429281000.0,432831000.0,799467000.0,,508626000.0,,,,,1963574000.0,,10795057000.0,5371679000.0,11580994000.0,931483000.0,32319326000.0,119745000.0,774072000.0,288884000.0,2260236000.0,,,,1190486000.0,24062920000.0,-975158000.0,-1839029000.0,6518127000.0,32319326000.0,1249849000.0,86423000.0,,,,,6574000.0,,,,2131752000.0,,,,,956943000.0,554967000.0,,8730000.0,-1510496000.0,,,-613926000.0,12306000.0,87672000.0
2017-12-31,6663900000.0,,,,637000000.0,4665500000.0,1998400000.0,-742300000.0,1256100000.0,30700000.0,1238900000.0,2.69,2.67,428181000.0,431688000.0,802100000.0,,513600000.0,,,,,2038100000.0,,11101000000.0,5638400000.0,11783300000.0,950100000.0,33214300000.0,142900000.0,854300000.0,268800000.0,2512100000.0,509200000.0,,,1244200000.0,25260000000.0,-1058100000.0,-1978300000.0,6241500000.0,33214300000.0,1715900000.0,108500000.0,,191100000.0,,,,,59300000.0,-13400000.0,2925600000.0,,,,,2007000000.0,835400000.0,,5000000.0,-2800900000.0,0.0,,-113000000.0,18400000.0,136500000.0
2018-03-31,1741800000.0,,,,204900000.0,1338900000.0,402900000.0,-153700000.0,249200000.0,-31100000.0,285200000.0,0.63,0.63,435124000.0,438520000.0,1125400000.0,,557900000.0,,,,,2797400000.0,,11294800000.0,5647100000.0,11940200000.0,990300000.0,34372700000.0,118700000.0,825400000.0,331400000.0,4544700000.0,,,,1246000000.0,26366200000.0,-1085700000.0,-1834600000.0,6334200000.0,34372700000.0,446300000.0,42700000.0,,,,,-96800000.0,,,,791800000.0,,,,,673400000.0,198500000.0,,14600000.0,-1280600000.0,,,817300000.0,324000000.0,24700000.0
2018-06-30,3522700000.0,,,,362800000.0,2573800000.0,948900000.0,-381400000.0,567500000.0,-27200000.0,591900000.0,1.33,1.32,441497000.0,444362000.0,834500000.0,,506900000.0,,,,,2127100000.0,,11067000000.0,5526600000.0,11758200000.0,1024500000.0,33205700000.0,137000000.0,782500000.0,328600000.0,4562900000.0,,,,1246900000.0,26069800000.0,-1121600000.0,-2510100000.0,5550700000.0,33205700000.0,896000000.0,67500000.0,,,,,-206000000.0,,,,1731800000.0,,,,,1336500000.0,424900000.0,,23300000.0,-1843000000.0,,,188400000.0,15200000.0,44600000.0
2018-09-30,5308200000.0,,,,540700000.0,3792100000.0,1516100000.0,-558800000.0,957300000.0,-14700000.0,958800000.0,2.16,2.15,440889000.0,444121000.0,1026500000.0,,511100000.0,,,,,2437000000.0,,10996300000.0,5463400000.0,11481700000.0,978300000.0,33077200000.0,122900000.0,863100000.0,276600000.0,4579700000.0,,,,1288400000.0,26193700000.0,-1104300000.0,-2696300000.0,5350700000.0,33077200000.0,1344900000.0,111300000.0,,,,,-194500000.0,,,,2485100000.0,,,,,1437800000.0,610400000.0,,31700000.0,-2055100000.0,,,-34300000.0,338400000.0,75300000.0
2018-12-31,7440100000.0,,,,733200000.0,5535100000.0,1905000000.0,-750400000.0,1154600000.0,-110100000.0,1236400000.0,2.79,2.77,439606000.0,442960000.0,1208700000.0,,459000000.0,,,,,2385100000.0,,11247100000.0,5501900000.0,11174300000.0,962600000.0,33010400000.0,130800000.0,948300000.0,304100000.0,4689900000.0,,,,1265100000.0,26106000000.0,-1199500000.0,-2642900000.0,5336100000.0,33010400000.0,2110800000.0,137500000.0,,32100000.0,,,,,85800000.0,-14000000.0,3748300000.0,,,,,1881400000.0,945200000.0,,52800000.0,-2749500000.0,,,-607700000.0,350000000.0,163900000.0
2019-03-31,1813400000.0,10400000.0,,,198100000.0,1198500000.0,614900000.0,-173300000.0,441600000.0,34000000.0,397430000.0,0.9,0.89,441351000.0,444621000.0,1004800000.0,,473000000.0,,,,,2062300000.0,,11202600000.0,5538200000.0,11042800000.0,279100000.0,38926800000.0,130000000.0,863700000.0,293000000.0,4411900000.0,,,,864400000.0,32437500000.0,-1226400000.0,-2672200000.0,5347000000.0,38926800000.0,436900000.0,42500000.0,,,,,-28900000.0,,,,785100000.0,,,,,91100000.0,220800000.0,,4800000.0,-323300000.0,,,-650400000.0,-205200000.0,36900000.0
2019-06-30,3703000000.0,24300000.0,,,362900000.0,2404200000.0,1298800000.0,-393300000.0,905500000.0,63600000.0,826500000.0,1.87,1.86,442203000.0,445337000.0,1192200000.0,,459500000.0,,,,,2232400000.0,,11268600000.0,5557800000.0,10895200000.0,263800000.0,39072700000.0,144900000.0,835600000.0,334800000.0,4821600000.0,,,,868000000.0,32439400000.0,-1206200000.0,-2606700000.0,5477500000.0,39072700000.0,885800000.0,64400000.0,,,,,-86500000.0,,,,1821700000.0,,,,,134500000.0,464300000.0,,4700000.0,-590700000.0,,,-1247400000.0,-18900000.0,77900000.0
2019-09-30,402800000.0,36200000.0,,,550800000.0,3629500000.0,2027100000.0,-579600000.0,1447500000.0,100300000.0,1325100000.0,3.0,2.98,442763000.0,445829000.0,1352600000.0,,441700000.0,,,,,2362000000.0,,11283200000.0,5481400000.0,10895800000.0,248900000.0,39307200000.0,136200000.0,856700000.0,302900000.0,4787400000.0,,,,870900000.0,32937300000.0,-1130100000.0,-2979000000.0,5240400000.0,39307200000.0,1328600000.0,87900000.0,,,,,-163800000.0,,,,2758900000.0,,,,,687600000.0,724600000.0,,11100000.0,-1400800000.0,,,-1174600000.0,143400000.0,111000000.0
2019-12-31,527200000.0,43100000.0,,,730400000.0,4891900000.0,2688400000.0,-772000000.0,1916400000.0,-200000.0,1887800000.0,4.27,4.24,442319000.0,445520000.0,1501200000.0,,462200000.0,,,,,2553800000.0,,,6178300000.0,12318400000.0,406400000.0,42801600000.0,148100000.0,958200000.0,294300000.0,5487700000.0,,,,937000000.0,36214700000.0,-1016800000.0,-2823600000.0,5055400000.0,42801600000.0,1778400000.0,111400000.0,,-12500000.0,,,,,2500000.0,100000.0,3752600000.0,,,,,2959600000.0,1038900000.0,,64200000.0,-3987500000.0,,,521700000.0,273100000.0,147500000.0
2020-03-31,118000000.0,7900000.0,,,217800000.0,1256300000.0,736800000.0,-297100000.0,439700000.0,21100000.0,415000000.0,0.94,0.93,443055000.0,445832000.0,1326000000.0,,623900000.0,,,,,2504900000.0,,,5948800000.0,11600600000.0,407000000.0,40789100000.0,120600000.0,876400000.0,408500000.0,5154400000.0,,,,901000000.0,36183100000.0,-1082500000.0,-4271700000.0,3634400000.0,40789100000.0,472300000.0,47700000.0,,,,,,,,,800000000.0,,,,,49300000.0,214400000.0,,-4500000.0,-253400000.0,,,-606000000.0,-177700000.0,35100000.0
2020-06-30,235400000.0,,,,406400000.0,2478000000.0,1428100000.0,-528900000.0,899200000.0,32200000.0,861100000.0,1.94,1.93,443436000.0,445893000.0,2038100000.0,,585200000.0,,,,,3226600000.0,,,5822400000.0,11613800000.0,393400000.0,41515900000.0,108200000.0,879200000.0,400200000.0,5944900000.0,,,,880800000.0,36913300000.0,-1125100000.0,-4274500000.0,3620300000.0,41515900000.0,927200000.0,74900000.0,,,,,,,,,1788800000.0,,,,,232700000.0,424900000.0,,-9500000.0,-638800000.0,,,-506800000.0,528100000.0,67600000.0
2020-09-30,367000000.0,,,,582400000.0,3705800000.0,2213200000.0,-811800000.0,1401400000.0,71500000.0,1325500000.0,2.99,2.97,443766000.0,446156000.0,1626000000.0,,573600000.0,,,,,2852500000.0,,,5848600000.0,11517300000.0,315200000.0,41462200000.0,117000000.0,914100000.0,324400000.0,3266100000.0,,,,869200000.0,36718200000.0,-1168800000.0,-4191200000.0,3731700000.0,41462200000.0,1401100000.0,99000000.0,,,,,,,,,2749100000.0,,,,,333600000.0,668800000.0,,-17100000.0,-970600000.0,,,-1519400000.0,152200000.0,86000000.0
2020-12-31,495700000.0,,,,778700000.0,5154000000.0,2887500000.0,-1066400000.0,1821100000.0,129600000.0,1690600000.0,3.81,3.79,443640000.0,446104000.0,1746300000.0,,511600000.0,,,,,2905600000.0,,,7282700000.0,13839800000.0,400100000.0,47233500000.0,139100000.0,1043700000.0,390600000.0,3655500000.0,,,,984600000.0,42453000000.0,-1343000000.0,-3759400000.0,4093500000.0,47233500000.0,1882300000.0,120800000.0,,175500000.0,,,,,60700000.0,-200000.0,3881400000.0,,,,,3799100000.0,1071200000.0,,-26600000.0,-4784600000.0,,,1215300000.0,283400000.0,146300000.0
2021-03-31,141900000.0,,,,182600000.0,1329800000.0,828700000.0,-126100000.0,702600000.0,50300000.0,,1.45,1.45,444486000.0,446294000.0,1913600000.0,,537700000.0,,,,,3021600000.0,,,7262400000.0,13507300000.0,394100000.0,46942500000.0,130100000.0,944800000.0,506500000.0,4196600000.0,,,,961600000.0,42390700000.0,-1251800000.0,-4061600000.0,3883400000.0,46942500000.0,522500000.0,38000000.0,,,,,,,,,1092700000.0,,,,,114800000.0,324800000.0,,3500000.0,-438700000.0,,,-480000000.0,131900000.0,5800000.0
2021-06-30,321500000.0,,,,389800000.0,2779500000.0,1677900000.0,-154600000.0,1523300000.0,123100000.0,1391300000.0,3.11,3.1,450617000.0,452354000.0,1928000000.0,,739600000.0,,,,,3356000000.0,,,10575400000.0,18785000000.0,401800000.0,58982900000.0,193800000.0,1044600000.0,549700000.0,5952100000.0,,,,1126700000.0,51950100000.0,-1085000000.0,-3902900000.0,5754200000.0,58982900000.0,1077300000.0,69900000.0,,,,,,,,,2044600000.0,,,,,8882600000.0,602700000.0,,3200000.0,-9505600000.0,2361800000.0,,7587000000.0,139400000.0,62200000.0
2021-09-30,526200000.0,,,,595700000.0,4406300000.0,2505400000.0,-204500000.0,2300900000.0,174500000.0,2114300000.0,4.7,4.68,455224000.0,456977000.0,3277200000.0,,750600000.0,,,,,5041900000.0,,,10480800000.0,18768400000.0,395400000.0,60530000000.0,217400000.0,1165400000.0,1448200000.0,6524100000.0,,,,1157600000.0,50841600000.0,-960400000.0,-4432000000.0,5411200000.0,60530000000.0,1688700000.0,98000000.0,,,,,,,995100000.0,,4141000000.0,,,,,9595300000.0,916700000.0,,1300000.0,-10524500000.0,2361800000.0,,8282800000.0,1837900000.0,121100000.0
2021-12-31,717200000.0,,,,811600000.0,6224900000.0,3132000000.0,-302600000.0,2829400000.0,261800000.0,,5.69,5.66,451498000.0,453294000.0,1949900000.0,,728900000.0,,,,,3729400000.0,,,13350100000.0,20727200000.0,400900000.0,69887900000.0,272400000.0,1412800000.0,1204000000.0,9067300000.0,,,,1189800000.0,60818300000.0,-1142400000.0,-4738900000.0,5081200000.0,69887900000.0,2332600000.0,119500000.0,,191700000.0,,,,,743800000.0,,4819900000.0,,,,,19303900000.0,1407800000.0,,900000.0,-20692200000.0,2361800000.0,,16424500000.0,481900000.0,225200000.0
2022-03-31,209300000.0,,,,293900000.0,1935200000.0,725100000.0,100000.0,725200000.0,22500000.0,711700000.0,1.56,1.56,455946000.0,457211000.0,1941500000.0,,820400000.0,,,,,3791900000.0,,,13306600000.0,20224800000.0,423800000.0,69763500000.0,215400000.0,1187500000.0,1015700000.0,9300000000.0,,,,1183300000.0,60512800000.0,-1072400000.0,-4553000000.0,5363000000.0,69763500000.0,815800000.0,56700000.0,,,,,,,-201400000.0,-170000000.0,663600000.0,,,,,128600000.0,386100000.0,,1600000.0,-513100000.0,,,-250900000.0,-71900000.0,99800000.0
2022-06-30,426300000.0,,,,516800000.0,3827200000.0,1507400000.0,116100000.0,1623500000.0,29900000.0,1609900000.0,3.52,3.51,458776000.0,459819000.0,2066700000.0,,792700000.0,,,,,3725600000.0,,,12969500000.0,19225600000.0,427400000.0,68116800000.0,194500000.0,1262200000.0,729400000.0,7461700000.0,,,,1192200000.0,57390600000.0,-842300000.0,-5528200000.0,6958700000.0,68116800000.0,1642300000.0,98900000.0,,,,,,,-495300000.0,-135000000.0,1578900000.0,,,,,218300000.0,756200000.0,,-61800000.0,-903500000.0,2291700000.0,,-755400000.0,-140200000.0,181400000.0
2022-09-30,646900000.0,,,,748000000.0,5845800000.0,2160300000.0,319000000.0,2479300000.0,66000000.0,2449600000.0,5.32,5.31,465594000.0,466801000.0,2121800000.0,,722400000.0,,,,,3759000000.0,,,12686200000.0,18320300000.0,492800000.0,66512800000.0,212000000.0,1202700000.0,529800000.0,6622600000.0,,,,1184300000.0,54194200000.0,-689300000.0,-6398200000.0,6281800000.0,66512800000.0,2540400000.0,138100000.0,,,,,,,-710900000.0,-98800000.0,2511200000.0,,,,,359100000.0,1215400000.0,,-52300000.0,-1506200000.0,2291700000.0,,-960500000.0,-93700000.0,244500000.0
2022-12-31,855000000.0,,,,972300000.0,8358800000.0,2352300000.0,-631600000.0,1720700000.0,24000000.0,,3.83,3.82,461519000.0,462750000.0,2028400000.0,,758300000.0,,,,,3622300000.0,,,12956700000.0,17983300000.0,546700000.0,67194500000.0,218600000.0,1344200000.0,439700000.0,8311900000.0,,,,1186800000.0,54786000000.0,-2101900000.0,-5718300000.0,5572400000.0,67194500000.0,3355100000.0,169300000.0,,78600000.0,,,,,-818900000.0,,3696200000.0,,,,,549000000.0,1902500000.0,,-47800000.0,-2355200000.0,2291700000.0,,-1423200000.0,-202600000.0,322300000.0
2023-03-31,205700000.0,,,,263900000.0,1991600000.0,775600000.0,-407200000.0,368400000.0,53400000.0,,0.72,0.72,465741000.0,466810000.0,1803000000.0,,705400000.0,,,,,3450100000.0,,,12997200000.0,17637100000.0,669900000.0,66817700000.0,206000000.0,1171600000.0,554200000.0,7532100000.0,,,,1173700000.0,54567400000.0,-2496500000.0,-5526100000.0,5406600000.0,66817700000.0,794100000.0,65500000.0,,,,,,,96200000.0,-108600000.0,1070500000.0,,,,,60900000.0,461900000.0,,-242900000.0,-276800000.0,,,-1012600000.0,-215300000.0,62300000.0
2023-06-30,401900000.0,,,,508300000.0,3889600000.0,1649300000.0,-806200000.0,843100000.0,66600000.0,,1.74,1.74,466087000.0,466979000.0,2015700000.0,,684000000.0,,,,,3681400000.0,,,13050700000.0,17286000000.0,710100000.0,66879000000.0,216200000.0,1182300000.0,515700000.0,6925700000.0,,,,1158600000.0,54871800000.0,-2755800000.0,-5560600000.0,5166400000.0,66879000000.0,1558700000.0,114900000.0,,,,,,,46500000.0,-49400000.0,2279900000.0,,,,,91200000.0,882800000.0,,-250600000.0,-716500000.0,0.0,,-1573800000.0,8700000.0,131100000.0
2023-09-30,590000000.0,,,,740200000.0,6049500000.0,2308000000.0,-821900000.0,1486100000.0,132300000.0,,3.0,2.99,466168000.0,467161000.0,2118900000.0,,647700000.0,,,,,3849900000.0,,,12569700000.0,16655100000.0,655100000.0,65653000000.0,216200000.0,1222800000.0,472500000.0,6868700000.0,,,,1135100000.0,54418500000.0,-2927400000.0,-6065900000.0,4533300000.0,65653000000.0,2321600000.0,158000000.0,,,,,,,0.0,2900000.0,3580500000.0,,,,,151900000.0,1273500000.0,,-246800000.0,-1165600000.0,0.0,,-2281500000.0,90900000.0,197400000.0
2023-12-31,756700000.0,,,,992500000.0,8119300000.0,3024900000.0,-1503600000.0,1521300000.0,154200000.0,,3.18,3.18,466063000.0,467162000.0,1973300000.0,,669700000.0,,,,,3710000000.0,,,12639000000.0,16520700000.0,789400000.0,66027600000.0,258700000.0,1280600000.0,434700000.0,7249300000.0,,,,1220600000.0,55162200000.0,-3638800000.0,-5739500000.0,4198200000.0,66027600000.0,3086500000.0,195700000.0,,34500000.0,,,,,-43400000.0,,4722400000.0,,,,,168000000.0,1798100000.0,,-253300000.0,-1695500000.0,0.0,,-3097400000.0,-47300000.0,306500000.0
2024-03-31,175200000.0,,,,257000000.0,1597500000.0,1236600000.0,-205700000.0,1030900000.0,109200000.0,,1.97,1.96,466519000.0,467660000.0,2389100000.0,,738400000.0,,,,,4239700000.0,,,12556800000.0,16119300000.0,711200000.0,66679000000.0,182100000.0,1134100000.0,544200000.0,6729800000.0,,,,1227800000.0,56017300000.0,-3481200000.0,-6078000000.0,4047800000.0,66679000000.0,549400000.0,64900000.0,,,,,,,130400000.0,-171500000.0,1283600000.0,,,,,44700000.0,396700000.0,,700000.0,-436100000.0,,,-390200000.0,423300000.0,66500000.0
2024-06-30,373800000.0,,,,491300000.0,3213500000.0,2520900000.0,-461600000.0,2059300000.0,229200000.0,,3.89,3.89,467038000.0,467793000.0,2492100000.0,,712300000.0,,,,,4114100000.0,,,12483100000.0,15759100000.0,753000000.0,65837800000.0,206000000.0,1166200000.0,391700000.0,6888700000.0,,,,1207100000.0,55414300000.0,-3340800000.0,-6461800000.0,3856000000.0,65837800000.0,1111100000.0,111200000.0,,,,,,,-32300000.0,-122900000.0,2622100000.0,,,,,55000000.0,721900000.0,,-100000.0,-525300000.0,,,-1418100000.0,525200000.0,179200000.0
2024-09-30,559800000.0,,,,690300000.0,4143200000.0,3436400000.0,-1117300000.0,2319100000.0,291100000.0,,2.2,2.19,467196000.0,468261000.0,2150300000.0,,537800000.0,,,,,3399600000.0,,,12045700000.0,15195100000.0,764300000.0,62816800000.0,221300000.0,982300000.0,496200000.0,7069500000.0,,,,1198900000.0,52623900000.0,-4893500000.0,-5182200000.0,3641700000.0,62816800000.0,1527900000.0,161700000.0,,,,,,,56100000.0,-42600000.0,4091500000.0,,,,,114900000.0,1146600000.0,,379200000.0,771300000.0,,,-4543900000.0,188800000.0,224400000.0
