Date,Net sales,Cost of sales,Gross margin,Research and development,"Selling, general and administrative",Total operating expenses,Operating income,"Other income/(expense), net",Income before provision for income taxes,Provision for income taxes,Net income,Earnings per share basic,Earnings per share diluted,Weighted-average basic,Weighted-average diluted,Cash and cash equivalents,Short-term marketable securities,"Accounts receivable, net",Inventories,Deferred tax assets,Vendor non-trade receivables,Other current assets,Total current assets,Long-term marketable securities,"Property, Plant and Equipment, Net",Goodwill,"Acquired intangible assets, net","Other Assets, Noncurrent",Total assets,accounts payable,Accrued expenses,Deferred revenue,Total current liabilities,Deferred revenue - non-current,deferred tax liabilities,long term taxes payable,Total other non-current liabilities,Total liabilities,Retained Earnings (Accumulated Deficit),Accumulated other comprehensive (loss)/income,Total shareholders equity,Total liabilities and shareholders' equity,"Depreciation, amortization and accretion",Stock-based compensation expense,Deferred income tax expense,"Increase (Decrease) in Accounts receivable, net",Increase (Decrease) in Inventories,Increase (Decrease) in Other Receivables,Increase (Decrease) in Other Operating Assets,Increase (Decrease) in Accounts Payable,Increase (Decrease) in Deferred Revenue,Increase (Decrease) Other liabilities,Cash generated by operating activities,Purchases of marketable securities,Proceeds from maturities of marketable securities,Proceeds from sales of marketable securities,Purchases of other long-term investments,"Business acquisitions, net of cash acquired",Cash payments for capital asset purchases,Payments for acquisition of intangible assets,Payments for (Proceeds from) Other Investing Activities,Cash used in investing activities,Proceeds from issuance of common stock,Excess tax benefits from stock-based compensation,Cash generated/used in financing activities,Increase/(decrease) in cash and cash equivalents,"Cash paid for income taxes, net"
2009-12-31,24509000000.0,18978000000.0,5531000000.0,,,4402000000.0,1129000000.0,32000000.0,1161000000.0,253000000.0,902000000.0,2.08,2.04,433000000.0,442000000.0,3444000000.0,2922000000.0,988000000.0,2171000000.0,272000000.0,,,9797000000.0,,1290000000.0,1234000000.0,,1474000000.0,13813000000.0,5605000000.0,1759000000.0,,7364000000.0,,,,1083000000.0,,172000000.0,-56000000.0,5257000000.0,13813000000.0,,341000000.0,81000000.0,481000000.0,531000000.0,,,1859000000.0,,,3293000000.0,,,,,,373000000.0,,,-2337000000.0,,105000000.0,-280000000.0,675000000.0,
2010-03-31,7131000000.0,5501000000.0,,,,6737000000.0,394000000.0,7000000.0,401000000.0,100000000.0,1024000000.0,0.67,0.66,445000000.0,454000000.0,1844000000.0,3219000000.0,815000000.0,1820000000.0,266000000.0,,,7964000000.0,,1436000000.0,1234000000.0,,1392000000.0,12042000000.0,3619000000.0,1574000000.0,,5193000000.0,,,,1100000000.0,,471000000.0,-145000000.0,5618000000.0,12042000000.0,,360000000.0,63000000.0,-454000000.0,-321000000.0,,,-1892000000.0,,,2780000000.0,,,,,,458000000.0,,,-2732000000.0,,141000000.0,97000000.0,-1600000000.0,
2010-06-30,13697000000.0,10458000000.0,,,,13032000000.0,665000000.0,34000000.0,699000000.0,189000000.0,1088000000.0,1.13,1.11,447000000.0,455000000.0,1629000000.0,3479000000.0,805000000.0,1940000000.0,265000000.0,,,8118000000.0,,1704000000.0,1229000000.0,,1317000000.0,12397000000.0,3545000000.0,1705000000.0,,5250000000.0,,,,1158000000.0,,678000000.0,-282000000.0,5857000000.0,12397000000.0,,386000000.0,49000000.0,-412000000.0,435000000.0,,,-1972000000.0,,,2561000000.0,,,,,,575000000.0,,,-2927000000.0,,196000000.0,143000000.0,-1815000000.0,
2010-09-30,21257000000.0,16244000000.0,,,,20325000000.0,932000000.0,58000000.0,990000000.0,267000000.0,1120000000.0,1.65,1.62,448000000.0,456000000.0,1539000000.0,4346000000.0,959000000.0,2515000000.0,200000000.0,,,9559000000.0,,2099000000.0,1277000000.0,,1184000000.0,14162000000.0,4614000000.0,1761000000.0,,6375000000.0,,,,1226000000.0,,908000000.0,-131000000.0,6397000000.0,14162000000.0,,404000000.0,-44000000.0,-348000000.0,666000000.0,,,1152000000.0,,,2617000000.0,,,,,,788000000.0,,,-3753000000.0,,288000000.0,224000000.0,-1905000000.0,
2010-12-31,34204000000.0,26561000000.0,,,,32798000000.0,1406000000.0,91000000.0,1497000000.0,352000000.0,1152000000.0,2.58,2.53,447000000.0,456000000.0,3777000000.0,4985000000.0,1587000000.0,3202000000.0,40000000.0,,,13747000000.0,,2414000000.0,1349000000.0,,1265000000.0,18797000000.0,8051000000.0,2321000000.0,461000000.0,10372000000.0,34000000.0,,,1561000000.0,,1324000000.0,-190000000.0,6864000000.0,18797000000.0,552000000.0,424000000.0,4000000.0,295000000.0,1019000000.0,,,2373000000.0,,,3495000000.0,,,,,,979000000.0,,,-3360000000.0,,259000000.0,181000000.0,333000000.0,75000000.0
2011-03-31,9857000000.0,7608000000.0,,,,9535000000.0,322000000.0,-15000000.0,307000000.0,89000000.0,1054000000.0,0.44,0.44,451000000.0,459000000.0,2641000000.0,4240000000.0,1304000000.0,2888000000.0,215000000.0,,,11288000000.0,,2902000000.0,1513000000.0,,1151000000.0,16882000000.0,5540000000.0,2190000000.0,,7730000000.0,,,,,,1525000000.0,-66000000.0,7347000000.0,16882000000.0,,448000000.0,38000000.0,-359000000.0,997000000.0,,,-2649000000.0,,,3033000000.0,,,,,,1138000000.0,,,-2428000000.0,,219000000.0,92000000.0,-1136000000.0,
2011-06-30,19770000000.0,15133000000.0,,,,19247000000.0,523000000.0,24000000.0,531000000.0,138000000.0,1038000000.0,0.87,0.85,453000000.0,460000000.0,2047000000.0,4308000000.0,1438000000.0,3229000000.0,257000000.0,,,11279000000.0,,3470000000.0,1909000000.0,,1253000000.0,17941000000.0,5721000000.0,2324000000.0,,8045000000.0,,,,,,1715000000.0,-30000000.0,7765000000.0,17941000000.0,,481000000.0,67000000.0,304000000.0,1130000000.0,,,-2535000000.0,,,3205000000.0,,,,,,1374000000.0,,,-2903000000.0,,159000000.0,-91000000.0,-1730000000.0,35000000.0
2011-09-30,30646000000.0,23457000000.0,,,,30044000000.0,602000000.0,59000000.0,661000000.0,205000000.0,871000000.0,1.0,0.99,454000000.0,461000000.0,2823000000.0,3503000000.0,1496000000.0,3770000000.0,312000000.0,,,11904000000.0,,3999000000.0,1934000000.0,,1190000000.0,19054000000.0,6552000000.0,2426000000.0,,8978000000.0,,,,,,1778000000.0,-241000000.0,7766000000.0,19054000000.0,,518000000.0,116000000.0,320000000.0,1211000000.0,,,1755000000.0,,,3114000000.0,,,,,,1589000000.0,,,-1676000000.0,,84000000.0,-183000000.0,1284000000.0,31000000.0
2011-12-31,48077000000.0,37288000000.0,,,,47215000000.0,862000000.0,72000000.0,934000000.0,291000000.0,631000000.0,1.39,1.37,453000000.0,461000000.0,5269000000.0,4307000000.0,2571000000.0,4992000000.0,-95000000.0,,,17490000000.0,,4417000000.0,1955000000.0,,1388000000.0,25278000000.0,11145000000.0,3751000000.0,462000000.0,14896000000.0,87000000.0,,,887000000.0,,1955000000.0,-316000000.0,7757000000.0,25278000000.0,1034000000.0,557000000.0,136000000.0,866000000.0,1777000000.0,,,2997000000.0,,,3903000000.0,,,,,,1811000000.0,,,-1930000000.0,,62000000.0,-482000000.0,1492000000.0,33000000.0
2012-03-31,13185000000.0,10027000000.0,,,,12993000000.0,192000000.0,-108000000.0,84000000.0,43000000.0,561000000.0,0.29,0.28,453000000.0,460000000.0,2288000000.0,3427000000.0,1813000000.0,4255000000.0,371000000.0,,,12154000000.0,,4653000000.0,1970000000.0,,1535000000.0,20339000000.0,6886000000.0,3602000000.0,,10488000000.0,,,,,,2085000000.0,-174000000.0,7271000000.0,20339000000.0,,605000000.0,83000000.0,-746000000.0,1374000000.0,,,-4258000000.0,,,3051000000.0,,,,,,1899000000.0,,,-1870000000.0,,56000000.0,-1510000000.0,-2981000000.0,45000000.0
2012-06-30,26019000000.0,19515000000.0,,,,25721000000.0,298000000.0,-69000000.0,229000000.0,151000000.0,377000000.0,0.3,0.3,452000000.0,459000000.0,2335000000.0,2635000000.0,2035000000.0,4380000000.0,408000000.0,,,11793000000.0,,5097000000.0,2521000000.0,,1585000000.0,21022000000.0,7072000000.0,3892000000.0,,10964000000.0,,,,,,2092000000.0,-328000000.0,7505000000.0,21022000000.0,,684000000.0,-81000000.0,-580000000.0,1224000000.0,,,-4078000000.0,,,3222000000.0,,,,,,2123000000.0,,,-1514000000.0,,126000000.0,-1352000000.0,-2934000000.0,66000000.0
2012-09-30,39825000000.0,29834000000.0,,,,39554000000.0,271000000.0,-64000000.0,207000000.0,234000000.0,-274000000.0,-0.6,-0.6,452000000.0,460000000.0,2980000000.0,2268000000.0,2392000000.0,5065000000.0,413000000.0,,,13118000000.0,,5662000000.0,2540000000.0,,1476000000.0,22834000000.0,8369000000.0,4236000000.0,,12605000000.0,,,,,,1818000000.0,-296000000.0,7553000000.0,22834000000.0,,756000000.0,-117000000.0,913000000.0,1285000000.0,,,-2856000000.0,,,3368000000.0,,,,,,2310000000.0,,,-1982000000.0,,191000000.0,-1240000000.0,-2289000000.0,75000000.0
2012-12-31,61093000000.0,45971000000.0,,,,60417000000.0,676000000.0,-132000000.0,544000000.0,428000000.0,-39000000.0,-0.09,-0.09,453000000.0,453000000.0,8084000000.0,3364000000.0,3364000000.0,6031000000.0,86000000.0,,,21296000000.0,,7060000000.0,2552000000.0,,1524000000.0,32555000000.0,13318000000.0,5684000000.0,792000000.0,19002000000.0,108000000.0,,,2277000000.0,,1916000000.0,-239000000.0,8192000000.0,32555000000.0,1653000000.0,833000000.0,-265000000.0,861000000.0,999000000.0,,,2070000000.0,,,4180000000.0,,,,,,3785000000.0,,,-3595000000.0,,429000000.0,2259000000.0,2815000000.0,112000000.0
2013-03-31,16070000000.0,11801000000.0,,,,15889000000.0,181000000.0,-100000000.0,81000000.0,-18000000.0,-87000000.0,0.18,0.18,455000000.0,463000000.0,4481000000.0,3414000000.0,2516000000.0,5395000000.0,507000000.0,,,16313000000.0,,7674000000.0,2535000000.0,,1732000000.0,28377000000.0,8916000000.0,5416000000.0,,14332000000.0,,,,2573000000.0,,1998000000.0,-319000000.0,8432000000.0,28377000000.0,,901000000.0,-307000000.0,877000000.0,1211000000.0,,,-4187000000.0,,,4245000000.0,,,,,,4068000000.0,,,-4995000000.0,,390000000.0,3106000000.0,-3603000000.0,179000000.0
2013-06-30,31774000000.0,23010000000.0,,,,31514000000.0,260000000.0,-162000000.0,98000000.0,13000000.0,-101000000.0,0.16,0.16,456000000.0,463000000.0,3704000000.0,3759000000.0,2861000000.0,5420000000.0,541000000.0,,,16285000000.0,,8789000000.0,2614000000.0,,1807000000.0,29623000000.0,8990000000.0,5745000000.0,,14735000000.0,,,,3113000000.0,,1991000000.0,-319000000.0,8733000000.0,29623000000.0,,978000000.0,-243000000.0,922000000.0,1116000000.0,,,-4187000000.0,,,4532000000.0,,,,,,4267000000.0,,,-5820000000.0,,304000000.0,2830000000.0,-4380000000.0,193000000.0
2013-09-30,48865000000.0,35375000000.0,,,,48630000000.0,235000000.0,-181000000.0,54000000.0,-18000000.0,132000000.0,-0.09,-0.09,457000000.0,464000000.0,3872000000.0,3817000000.0,3057000000.0,6068000000.0,520000000.0,,,17334000000.0,,9991000000.0,2635000000.0,,1773000000.0,31861000000.0,10037000000.0,6098000000.0,,16135000000.0,,,,3596000000.0,,1950000000.0,-206000000.0,9087000000.0,31861000000.0,,1043000000.0,-195000000.0,,1054000000.0,,,-3240000000.0,2417000000.0,,4977000000.0,,,,,,4589000000.0,,,-6514000000.0,,239000000.0,2570000000.0,-4212000000.0,195000000.0
2013-12-31,74452000000.0,54181000000.0,,,,73707000000.0,745000000.0,-239000000.0,506000000.0,161000000.0,274000000.0,0.6,0.59,457000000.0,465000000.0,8658000000.0,3789000000.0,4767000000.0,7411000000.0,227000000.0,,,24625000000.0,,10949000000.0,2655000000.0,,1930000000.0,40159000000.0,15133000000.0,6688000000.0,1159000000.0,22980000000.0,,571000000.0,,4242000000.0,,2190000000.0,-185000000.0,9746000000.0,40159000000.0,2460000000.0,1134000000.0,-156000000.0,,1410000000.0,,,1888000000.0,2691000000.0,,5475000000.0,,,,,,3444000000.0,,,-4276000000.0,,78000000.0,-539000000.0,574000000.0,169000000.0
2014-03-31,19741000000.0,14055000000.0,,,,19595000000.0,146000000.0,-26000000.0,120000000.0,73000000.0,299000000.0,0.23,0.23,460000000.0,468000000.0,5074000000.0,3592000000.0,3945000000.0,6716000000.0,,,,19327000000.0,,12267000000.0,2653000000.0,,2117000000.0,36364000000.0,10590000000.0,6251000000.0,1516000000.0,18357000000.0,,,,4532000000.0,,2298000000.0,-157000000.0,10328000000.0,36364000000.0,,1226000000.0,-261000000.0,,1245000000.0,,,-4675000000.0,3100000000.0,,5345000000.0,,,,,,3854000000.0,,,-4250000000.0,,199000000.0,-557000000.0,-3584000000.0,121000000.0
2014-06-30,39081000000.0,27453000000.0,,,,38949000000.0,132000000.0,-39000000.0,93000000.0,167000000.0,181000000.0,-0.27,-0.27,461000000.0,461000000.0,5057000000.0,2929000000.0,4125000000.0,6644000000.0,,,,18755000000.0,,14089000000.0,2677000000.0,,2377000000.0,37898000000.0,10457000000.0,6688000000.0,1606000000.0,18751000000.0,,,,5426000000.0,,2172000000.0,-143000000.0,10602000000.0,37898000000.0,,1318000000.0,-332000000.0,,1124000000.0,,,-5018000000.0,3477000000.0,,5327000000.0,,,,,,4288000000.0,,,-3560000000.0,,199000000.0,-537000000.0,-3601000000.0,158000000.0
2014-09-30,59659000000.0,42080000000.0,,,,60071000000.0,-544000000.0,-128000000.0,-634000000.0,-205000000.0,-455000000.0,-0.99,-0.99,463000000.0,463000000.0,5258000000.0,1625000000.0,4373000000.0,7316000000.0,,,,18572000000.0,,15702000000.0,3332000000.0,,2813000000.0,40419000000.0,11811000000.0,7217000000.0,1814000000.0,20842000000.0,,,,6142000000.0,,1735000000.0,-394000000.0,10336000000.0,40419000000.0,,1414000000.0,-613000000.0,,1383000000.0,,,-3294000000.0,3874000000.0,,5705000000.0,,,,,813000000.0,4628000000.0,,,-3444000000.0,,199000000.0,-777000000.0,-3400000000.0,173000000.0
2014-12-31,88988000000.0,62752000000.0,,,,88810000000.0,178000000.0,-289000000.0,-111000000.0,167000000.0,-241000000.0,-0.52,-0.52,462000000.0,462000000.0,14557000000.0,2859000000.0,5612000000.0,8299000000.0,271000000.0,,,31327000000.0,,16967000000.0,3319000000.0,,2892000000.0,54505000000.0,16459000000.0,9807000000.0,1823000000.0,28089000000.0,,1021000000.0,,7410000000.0,,1949000000.0,-511000000.0,10741000000.0,54505000000.0,3616000000.0,1497000000.0,-316000000.0,,1193000000.0,,,1759000000.0,4433000000.0,,6842000000.0,,,,,,4893000000.0,,,-5065000000.0,,6000000.0,4432000000.0,5899000000.0,177000000.0
2015-03-31,22717000000.0,15395000000.0,,,,22462000000.0,255000000.0,-234000000.0,21000000.0,71000000.0,-405000000.0,-0.12,-0.12,465000000.0,465000000.0,10237000000.0,3544000000.0,4772000000.0,7369000000.0,,,,25922000000.0,,17736000000.0,3491000000.0,,2926000000.0,50075000000.0,11917000000.0,8840000000.0,2420000000.0,23177000000.0,,,,7768000000.0,,1892000000.0,-752000000.0,10873000000.0,50075000000.0,,1582000000.0,-136000000.0,,1172000000.0,,,-4249000000.0,5144000000.0,,7845000000.0,,,,,298000000.0,4684000000.0,,,-5989000000.0,,-94000000.0,3955000000.0,5163000000.0,194000000.0
2015-06-30,45901000000.0,30555000000.0,,,,45182000000.0,719000000.0,-336000000.0,383000000.0,337000000.0,-188000000.0,0.2,0.19,467000000.0,476000000.0,10269000000.0,3732000000.0,4920000000.0,7470000000.0,,,,26391000000.0,,19479000000.0,3523000000.0,,3047000000.0,52440000000.0,12391000000.0,8959000000.0,2562000000.0,23912000000.0,,,,8510000000.0,,1984000000.0,-617000000.0,11768000000.0,52440000000.0,,1755000000.0,-130000000.0,,1291000000.0,,,-3876000000.0,5647000000.0,,8980000000.0,,,,,303000000.0,4607000000.0,,,-6634000000.0,,117000000.0,3453000000.0,5212000000.0,188000000.0
2015-09-30,71259000000.0,47310000000.0,,,,70135000000.0,1124000000.0,-494000000.0,630000000.0,498000000.0,328000000.0,0.24,0.24,468000000.0,478000000.0,10709000000.0,3719000000.0,5440000000.0,8981000000.0,,,,28849000000.0,,20636000000.0,3529000000.0,,3216000000.0,56230000000.0,14437000000.0,9157000000.0,3063000000.0,26657000000.0,,,,8900000000.0,,2063000000.0,-675000000.0,12430000000.0,56230000000.0,,1921000000.0,-108000000.0,,1983000000.0,,,3207000000.0,6358000000.0,,9823000000.0,,,,,340000000.0,4424000000.0,,,-7065000000.0,,212000000.0,3136000000.0,5451000000.0,230000000.0
2015-12-31,107006000000.0,71651000000.0,,,,104773000000.0,2233000000.0,-665000000.0,1568000000.0,950000000.0,596000000.0,1.28,1.25,467000000.0,477000000.0,15890000000.0,3918000000.0,6423000000.0,10243000000.0,82000000.0,,,36474000000.0,,21838000000.0,3759000000.0,,3373000000.0,65444000000.0,20397000000.0,10384000000.0,3118000000.0,33899000000.0,,1084000000.0,,9926000000.0,,2545000000.0,-723000000.0,13384000000.0,65444000000.0,4949000000.0,2119000000.0,81000000.0,,2187000000.0,,,4294000000.0,7401000000.0,,11920000000.0,,,,,,4589000000.0,,,-6450000000.0,,119000000.0,-3763000000.0,1333000000.0,273000000.0
2016-03-31,29128000000.0,18866000000.0,,,,28057000000.0,1071000000.0,-15000000.0,1056000000.0,475000000.0,1166000000.0,1.09,1.07,471000000.0,481000000.0,12470000000.0,3389000000.0,5072000000.0,9582000000.0,,,,30513000000.0,,23308000000.0,3785000000.0,,3522000000.0,61128000000.0,14990000000.0,9431000000.0,3766000000.0,28187000000.0,,,,9966000000.0,,3058000000.0,-614000000.0,14756000000.0,61128000000.0,,2257000000.0,94000000.0,,2138000000.0,,,-5770000000.0,8412000000.0,,11258000000.0,,,,,,4897000000.0,,,-5296000000.0,,305000000.0,-3900000000.0,-3420000000.0,357000000.0
2016-06-30,59532000000.0,38047000000.0,,,,57176000000.0,2356000000.0,-122000000.0,2234000000.0,782000000.0,1931000000.0,2.9,2.84,473000000.0,483000000.0,12521000000.0,4019000000.0,6092000000.0,9588000000.0,,,,32220000000.0,,25190000000.0,3774000000.0,,3892000000.0,65076000000.0,16123000000.0,9613000000.0,3851000000.0,29587000000.0,,,,10739000000.0,,3915000000.0,-571000000.0,16538000000.0,65076000000.0,,2461000000.0,243000000.0,,2167000000.0,,,-4793000000.0,9355000000.0,,12726000000.0,,,,,,5395000000.0,,,-6360000000.0,,323000000.0,-4247000000.0,-3369000000.0,380000000.0
2016-09-30,92246000000.0,59306000000.0,,,,89315000000.0,2931000000.0,-205000000.0,2726000000.0,1012000000.0,2105000000.0,3.43,3.36,474000000.0,485000000.0,13656000000.0,4691000000.0,6566000000.0,10696000000.0,,,,35609000000.0,,27177000000.0,3815000000.0,,4296000000.0,70897000000.0,18801000000.0,10497000000.0,4200000000.0,33498000000.0,,,,11412000000.0,,4167000000.0,-521000000.0,17782000000.0,70897000000.0,,2694000000.0,226000000.0,,1726000000.0,,,3887000000.0,10377000000.0,,14603000000.0,,,,,,6040000000.0,,,-7552000000.0,,493000000.0,-4345000000.0,2947000000.0,390000000.0
2016-12-31,135987000000.0,88265000000.0,,,,131801000000.0,4186000000.0,-294000000.0,3892000000.0,1425000000.0,2371000000.0,5.01,4.9,474000000.0,484000000.0,19334000000.0,6647000000.0,8339000000.0,11461000000.0,454000000.0,,,45781000000.0,,29114000000.0,3784000000.0,,4723000000.0,83402000000.0,25309000000.0,13739000000.0,4768000000.0,43816000000.0,499000000.0,,,12607000000.0,,4916000000.0,-985000000.0,19285000000.0,83402000000.0,6362000000.0,2975000000.0,-246000000.0,,1426000000.0,,,5030000000.0,11931000000.0,,16443000000.0,,,,,,6737000000.0,,,-9876000000.0,,829000000.0,-2911000000.0,3444000000.0,412000000.0
2017-03-31,35714000000.0,22440000000.0,,,,34709000000.0,1005000000.0,-52000000.0,953000000.0,229000000.0,2583000000.0,1.52,1.48,477000000.0,490000000.0,15440000000.0,6091000000.0,7329000000.0,10600000000.0,,,,39460000000.0,,32632000000.0,3823000000.0,,5054000000.0,80969000000.0,18891000000.0,13054000000.0,5454000000.0,37399000000.0,,,,14205000000.0,,6327000000.0,-797000000.0,21674000000.0,80969000000.0,,3223000000.0,-279000000.0,,1249000000.0,,,-6865000000.0,13171000000.0,,17634000000.0,,,,,,7417000000.0,,,-10798000000.0,,,-3657000000.0,-3894000000.0,520000000.0
2017-06-30,73669000000.0,45891000000.0,,,,72037000000.0,1632000000.0,38000000.0,1618000000.0,695000000.0,1922000000.0,1.93,1.87,479000000.0,492000000.0,13203000000.0,8248000000.0,8046000000.0,11510000000.0,,,,41007000000.0,,37083000000.0,4254000000.0,,5437000000.0,87781000000.0,21439000000.0,,5065000000.0,40520000000.0,,,,16364000000.0,,6524000000.0,-607000000.0,23214000000.0,87781000000.0,9448000000.0,3615000000.0,376000000.0,,1874000000.0,,,5046000000.0,13877000000.0,,17885000000.0,,,,,765000000.0,,,,-13410000000.0,,,-3769000000.0,-6131000000.0,879000000.0
2017-09-30,117413000000.0,73439000000.0,,,,115434000000.0,1979000000.0,-44000000.0,1935000000.0,755000000.0,1926000000.0,2.46,2.39,481000000.0,494000000.0,12767000000.0,11543000000.0,10557000000.0,13711000000.0,,,,48578000000.0,,45335000000.0,13271000000.0,,8083000000.0,115267000000.0,26075000000.0,,5153000000.0,47072000000.0,,,,18827000000.0,,6779000000.0,-501000000.0,24658000000.0,115267000000.0,10277000000.0,3923000000.0,279000000.0,,2371000000.0,,,5551000000.0,14837000000.0,,17077000000.0,,,,,13893000000.0,,,,-29961000000.0,,,14685000000.0,-6567000000.0,960000000.0
2017-12-31,177866000000.0,111934000000.0,,,,173760000000.0,4106000000.0,-300000000.0,3806000000.0,769000000.0,3033000000.0,6.32,6.15,480000000.0,493000000.0,20522000000.0,10464000000.0,13164000000.0,16047000000.0,2960000000.0,,,60197000000.0,,48866000000.0,13350000000.0,3371000000.0,8897000000.0,131310000000.0,34616000000.0,,5097000000.0,57883000000.0,1000000000.0,,,20975000000.0,,8636000000.0,-484000000.0,27709000000.0,131310000000.0,11478000000.0,4215000000.0,-29000000.0,,3583000000.0,,,7175000000.0,738000000.0,,18434000000.0,,,,,,,,,-27819000000.0,,,9860000000.0,1188000000.0,957000000.0
2018-03-31,51042000000.0,30735000000.0,,,,49115000000.0,1927000000.0,-11000000.0,1916000000.0,287000000.0,3938000000.0,3.36,3.27,484000000.0,498000000.0,16676000000.0,8287000000.0,12026000000.0,13840000000.0,,,,50829000000.0,,52331000000.0,13388000000.0,,9814000000.0,126362000000.0,25172000000.0,,6182000000.0,48045000000.0,1100000000.0,,,22214000000.0,,11199000000.0,-467000000.0,31463000000.0,126362000000.0,12714000000.0,4605000000.0,141000000.0,,2309000000.0,,,-10216000000.0,906000000.0,,18194000000.0,,,,,13939000000.0,,,,-26265000000.0,,,8653000000.0,-4240000000.0,1224000000.0
2018-06-30,103928000000.0,61367000000.0,,,,99017000000.0,4911000000.0,-391000000.0,4520000000.0,361000000.0,6275000000.0,8.58,8.34,486000000.0,500000000.0,19823000000.0,7227000000.0,12607000000.0,14824000000.0,,,,54481000000.0,,54768000000.0,13944000000.0,,10907000000.0,134100000000.0,27657000000.0,,6004000000.0,50801000000.0,1200000000.0,,,23666000000.0,,13733000000.0,-934000000.0,34995000000.0,134100000000.0,13711000000.0,4914000000.0,-380000000.0,,2717000000.0,,,-7513000000.0,943000000.0,,21793000000.0,,,,,14173000000.0,,,,-23684000000.0,,,8535000000.0,6685000000.0,1077000000.0
2018-09-30,160504000000.0,94370000000.0,,,,151869000000.0,8635000000.0,-724000000.0,7911000000.0,870000000.0,8902000000.0,14.49,14.1,488000000.0,501000000.0,20425000000.0,9340000000.0,14258000000.0,15862000000.0,,,,59885000000.0,,58019000000.0,14553000000.0,,11238000000.0,143695000000.0,30904000000.0,,6000000000.0,55324000000.0,,,,24562000000.0,,16616000000.0,-1034000000.0,39125000000.0,143695000000.0,14577000000.0,5180000000.0,268000000.0,,2220000000.0,,,5285000000.0,759000000.0,,26604000000.0,,,,,1936000000.0,13312000000.0,,,-10778000000.0,,,-8496000000.0,7072000000.0,1106000000.0
2018-12-31,232887000000.0,139156000000.0,,,,220466000000.0,12421000000.0,-1160000000.0,11261000000.0,1197000000.0,10073000000.0,20.68,20.14,487000000.0,500000000.0,31750000000.0,9500000000.0,16677000000.0,17174000000.0,3784000000.0,,,75101000000.0,,61797000000.0,14548000000.0,4110000000.0,11202000000.0,162648000000.0,38192000000.0,,6536000000.0,68391000000.0,,,,27213000000.0,,19625000000.0,-1035000000.0,43549000000.0,162648000000.0,15341000000.0,5418000000.0,441000000.0,,1314000000.0,,,3263000000.0,1151000000.0,,30723000000.0,,,,,2186000000.0,13427000000.0,,,-12369000000.0,,,-7686000000.0,10317000000.0,1184000000.0
2019-03-31,59700000000.0,33920000000.0,,,,55280000000.0,4420000000.0,-19000000.0,4401000000.0,836000000.0,12005000000.0,7.24,7.09,491000000.0,502000000.0,23115000000.0,13905000000.0,15979000000.0,16432000000.0,,,,69431000000.0,,61048000000.0,14708000000.0,,12783000000.0,178102000000.0,31809000000.0,24588000000.0,7298000000.0,63695000000.0,,,,9400000000.0,,23193000000.0,-1010000000.0,48410000000.0,178102000000.0,16524000000.0,5509000000.0,714000000.0,,2815000000.0,,,7095000000.0,1133000000.0,,34360000000.0,,,,,3342000000.0,13619000000.0,,,-19959000000.0,,,-7899000000.0,-8666000000.0,840000000.0
2019-06-30,123104000000.0,70257000000.0,,,,115600000000.0,7504000000.0,-213000000.0,7291000000.0,1100000000.0,12096000000.0,12.57,12.31,493000000.0,503000000.0,22616000000.0,18847000000.0,16747000000.0,18580000000.0,,,,76790000000.0,,64723000000.0,14727000000.0,,13462000000.0,191351000000.0,36063000000.0,26140000000.0,7475000000.0,69678000000.0,,,,10149000000.0,,25818000000.0,-960000000.0,53061000000.0,191351000000.0,18097000000.0,6012000000.0,958000000.0,,3826000000.0,,,8060000000.0,1806000000.0,,36029000000.0,,,,,2592000000.0,13938000000.0,,,-24816000000.0,,,-8665000000.0,-9208000000.0,822000000.0
2019-09-30,193086000000.0,111559000000.0,,,,182424000000.0,10662000000.0,-739000000.0,9923000000.0,1600000000.0,11347000000.0,16.87,16.53,495000000.0,504000000.0,23255000000.0,20146000000.0,16887000000.0,18766000000.0,,,,79054000000.0,,67662000000.0,14734000000.0,,14535000000.0,199099000000.0,35794000000.0,28961000000.0,7381000000.0,72136000000.0,,,,10925000000.0,,27952000000.0,-1429000000.0,56508000000.0,199099000000.0,19881000000.0,6441000000.0,784000000.0,,3112000000.0,,,4393000000.0,1753000000.0,,35332000000.0,,,,,2015000000.0,15282000000.0,,,-24317000000.0,,,-8255000000.0,-8619000000.0,863000000.0
2019-12-31,280522000000.0,165536000000.0,,,,265981000000.0,14541000000.0,-565000000.0,13976000000.0,2400000000.0,11588000000.0,23.46,23.01,494000000.0,504000000.0,36092000000.0,18929000000.0,20816000000.0,20497000000.0,11157000000.0,,,96334000000.0,,72705000000.0,14754000000.0,4049000000.0,16314000000.0,225248000000.0,47183000000.0,32439000000.0,8190000000.0,87812000000.0,,,,12171000000.0,,31220000000.0,-986000000.0,62060000000.0,225248000000.0,21789000000.0,6864000000.0,796000000.0,,3278000000.0,,,8193000000.0,1711000000.0,,38514000000.0,,,,,2461000000.0,16861000000.0,,,-24281000000.0,,,-10066000000.0,4237000000.0,-881000000.0
2020-03-31,75452000000.0,44257000000.0,,,,71463000000.0,3989000000.0,-606000000.0,3383000000.0,744000000.0,10563000000.0,5.09,5.01,498000000.0,506000000.0,27201000000.0,22091000000.0,17836000000.0,18857000000.0,,,,85985000000.0,,77779000000.0,14739000000.0,,16456000000.0,221238000000.0,40056000000.0,30791000000.0,8864000000.0,79711000000.0,,,,12518000000.0,,33755000000.0,-2063000000.0,65272000000.0,221238000000.0,22297000000.0,7347000000.0,704000000.0,,2605000000.0,,,-8044000000.0,1430000000.0,,39732000000.0,,,,,1384000000.0,20365000000.0,,,-25053000000.0,,,-10280000000.0,-8905000000.0,1017000000.0
2020-06-30,164364000000.0,96917000000.0,,,,154532000000.0,9832000000.0,378000000.0,9604000000.0,1729000000.0,13180000000.0,15.59,15.32,500000000.0,509000000.0,37466000000.0,33925000000.0,19918000000.0,19599000000.0,,,,110908000000.0,,86517000000.0,14751000000.0,,17601000000.0,258314000000.0,51036000000.0,33863000000.0,8997000000.0,93896000000.0,,,,14764000000.0,,38998000000.0,-1455000000.0,73728000000.0,258314000000.0,22843000000.0,7977000000.0,1063000000.0,,1176000000.0,,,11482000000.0,1286000000.0,,51220000000.0,,,,,1385000000.0,24263000000.0,,,-35308000000.0,,,7408000000.0,14877000000.0,1221000000.0
2020-09-30,260509000000.0,154023000000.0,,,,244483000000.0,16026000000.0,615000000.0,16413000000.0,2300000000.0,17377000000.0,28.24,27.72,501000000.0,512000000.0,29930000000.0,38472000000.0,20832000000.0,23735000000.0,,,,112969000000.0,,99981000000.0,14960000000.0,,20150000000.0,282179000000.0,58334000000.0,34327000000.0,9251000000.0,101912000000.0,,,,15974000000.0,,45329000000.0,-1029000000.0,82775000000.0,282179000000.0,23803000000.0,8486000000.0,1267000000.0,,4694000000.0,,,14914000000.0,1417000000.0,,55292000000.0,,,,,2722000000.0,30629000000.0,,,-46110000000.0,,,-4105000000.0,-7640000000.0,1481000000.0
2020-12-31,386064000000.0,233307000000.0,,,,363165000000.0,22899000000.0,1279000000.0,24178000000.0,2900000000.0,21331000000.0,42.64,41.83,500000000.0,510000000.0,42122000000.0,42274000000.0,24542000000.0,23795000000.0,15643000000.0,,,132733000000.0,,,15017000000.0,4981000000.0,22778000000.0,321195000000.0,72539000000.0,44138000000.0,9708000000.0,126385000000.0,,,,17017000000.0,,52551000000.0,-180000000.0,93404000000.0,321195000000.0,25251000000.0,9208000000.0,-554000000.0,,2849000000.0,,,17480000000.0,1265000000.0,,66064000000.0,,,,,,40140000000.0,,,-59611000000.0,,,-1104000000.0,5967000000.0,1713000000.0
2021-03-31,108518000000.0,62403000000.0,,,,99653000000.0,8865000000.0,1403000000.0,10268000000.0,2200000000.0,26903000000.0,16.09,15.79,504000000.0,513000000.0,33834000000.0,39436000000.0,24289000000.0,23849000000.0,,,,121408000000.0,,,15220000000.0,,25660000000.0,323077000000.0,63926000000.0,40939000000.0,10539000000.0,115404000000.0,,,,19418000000.0,,60658000000.0,-666000000.0,103320000000.0,323077000000.0,27397000000.0,9757000000.0,1703000000.0,,4545000000.0,,,17258000000.0,1558000000.0,,67213000000.0,,,,,2864000000.0,45427000000.0,,,-59383000000.0,,,-3476000000.0,-8222000000.0,2209000000.0
2021-06-30,221598000000.0,126579000000.0,,,,205031000000.0,16567000000.0,2335000000.0,18902000000.0,3024000000.0,29438000000.0,31.49,30.92,505000000.0,514000000.0,40380000000.0,49514000000.0,26835000000.0,24119000000.0,,,,140848000000.0,,,15350000000.0,,27273000000.0,360319000000.0,66090000000.0,41007000000.0,10695000000.0,117792000000.0,,,,21148000000.0,,68436000000.0,-525000000.0,114803000000.0,360319000000.0,29687000000.0,10747000000.0,2404000000.0,,4082000000.0,,,8689000000.0,1467000000.0,,59322000000.0,,,,,3066000000.0,52256000000.0,,,-63659000000.0,,,15643000000.0,6512000000.0,3526000000.0
2021-09-30,332410000000.0,189509000000.0,,,,310991000000.0,21419000000.0,1798000000.0,23217000000.0,4200000000.0,26263000000.0,37.69,37.02,507000000.0,515000000.0,29944000000.0,49044000000.0,28610000000.0,30933000000.0,,,,138531000000.0,,,15345000000.0,,29227000000.0,382406000000.0,71474000000.0,41546000000.0,10974000000.0,123994000000.0,,,,23945000000.0,,71592000000.0,-1075000000.0,120564000000.0,382406000000.0,32112000000.0,11639000000.0,3313000000.0,,7572000000.0,,,8863000000.0,1727000000.0,,54671000000.0,,,,,1985000000.0,56941000000.0,,,-62611000000.0,,,9391000000.0,-12200000000.0,3774000000.0
2021-12-31,469822000000.0,272344000000.0,,,,444943000000.0,24879000000.0,13272000000.0,38151000000.0,4800000000.0,33364000000.0,65.96,64.81,506000000.0,515000000.0,36220000000.0,59829000000.0,32891000000.0,32640000000.0,22177000000.0,,,161580000000.0,,,15371000000.0,5107000000.0,27235000000.0,420549000000.0,78664000000.0,51775000000.0,11827000000.0,142266000000.0,,,,23643000000.0,,85915000000.0,-1376000000.0,138245000000.0,420549000000.0,34296000000.0,12757000000.0,-310000000.0,,9487000000.0,,,3602000000.0,2314000000.0,,46327000000.0,,,,,,61053000000.0,,,-58154000000.0,,,6291000000.0,-5900000000.0,3700000000.0
2022-03-31,116444000000.0,66499000000.0,,,,112775000000.0,3669000000.0,-8934000000.0,-5265000000.0,-1422000000.0,21413000000.0,-7.56,-7.56,509000000.0,509000000.0,36393000000.0,29992000000.0,32504000000.0,34987000000.0,,,,133876000000.0,,,20229000000.0,,32033000000.0,410767000000.0,68547000000.0,58141000000.0,12820000000.0,139508000000.0,,,,23971000000.0,,82071000000.0,-2365000000.0,134001000000.0,410767000000.0,35766000000.0,13701000000.0,-4014000000.0,,11797000000.0,,,-9380000000.0,2750000000.0,,39324000000.0,,,,,7696000000.0,63922000000.0,,,-48582000000.0,,,11757000000.0,2444000000.0,3340000000.0
2022-06-30,237678000000.0,132923000000.0,,,,230692000000.0,6986000000.0,-14904000000.0,-7918000000.0,-2100000000.0,11607000000.0,-0.58,-0.58,10175000000.0,10175000000.0,37478000000.0,23232000000.0,34804000000.0,38153000000.0,,,,133667000000.0,,,20195000000.0,,33730000000.0,419728000000.0,71219000000.0,56254000000.0,12818000000.0,140291000000.0,,,,23458000000.0,,80043000000.0,-4782000000.0,131402000000.0,419728000000.0,37322000000.0,15319000000.0,-6670000000.0,,15478000000.0,,,6140000000.0,2915000000.0,,35574000000.0,,,,,7635000000.0,65358000000.0,,,-38580000000.0,,,6616000000.0,-2967000000.0,4682000000.0
2022-09-30,364779000000.0,203191000000.0,,,,355268000000.0,9511000000.0,-14485000000.0,-4974000000.0,-2000000000.0,11323000000.0,-0.29,-0.29,10191000000.0,10331000000.0,34947000000.0,23715000000.0,36154000000.0,36647000000.0,,,,131463000000.0,,,20168000000.0,,37503000000.0,428362000000.0,67760000000.0,59974000000.0,12629000000.0,140363000000.0,,,,22259000000.0,,82915000000.0,-7115000000.0,137489000000.0,428362000000.0,38578000000.0,17695000000.0,-8404000000.0,,7687000000.0,,,-6907000000.0,2631000000.0,,39665000000.0,,,,,7866000000.0,65988000000.0,,,-39360000000.0,,,9632000000.0,5001000000.0,4674000000.0
2022-12-31,513983000000.0,288831000000.0,,,,501735000000.0,12248000000.0,-18184000000.0,-5936000000.0,-3217000000.0,-2722000000.0,-0.27,-0.27,10189000000.0,10189000000.0,53888000000.0,16138000000.0,42360000000.0,34405000000.0,7513000000.0,,,146791000000.0,,,20288000000.0,6097000000.0,42758000000.0,462675000000.0,79600000000.0,62566000000.0,13227000000.0,155393000000.0,,,,21121000000.0,,83193000000.0,-4487000000.0,146043000000.0,462675000000.0,41921000000.0,19621000000.0,-8148000000.0,,2592000000.0,,,2945000000.0,2216000000.0,,46752000000.0,,,,,,63645000000.0,,,-37601000000.0,,,9718000000.0,17776000000.0,6035000000.0
2023-03-31,127358000000.0,67791000000.0,,,,122584000000.0,4774000000.0,-655000000.0,4119000000.0,948000000.0,4294000000.0,0.31,0.31,10250000000.0,10347000000.0,49343000000.0,15062000000.0,37646000000.0,34170000000.0,,,,136221000000.0,,,22749000000.0,,46392000000.0,464378000000.0,66907000000.0,66382000000.0,14281000000.0,147570000000.0,,,,20931000000.0,,86365000000.0,-3973000000.0,154526000000.0,464378000000.0,43851000000.0,21119000000.0,-6619000000.0,,-393000000.0,,,-11264000000.0,1698000000.0,,54330000000.0,,,,,5488000000.0,62901000000.0,,,-54313000000.0,,,14082000000.0,13135000000.0,6201000000.0
2023-06-30,261741000000.0,137164000000.0,,,,249286000000.0,12455000000.0,-773000000.0,11682000000.0,1800000000.0,13072000000.0,0.97,0.95,10285000000.0,10449000000.0,49529000000.0,14441000000.0,39925000000.0,36587000000.0,,,,140482000000.0,,,22785000000.0,,50224000000.0,477607000000.0,69481000000.0,64235000000.0,14522000000.0,148238000000.0,,,,21853000000.0,,93115000000.0,-3680000000.0,168602000000.0,477607000000.0,45724000000.0,23037000000.0,-7408000000.0,,2373000000.0,,,-8235000000.0,1533000000.0,,61841000000.0,,,,,5545000000.0,58632000000.0,,,-51908000000.0,,,-6539000000.0,12367000000.0,6791000000.0
2023-09-30,404824000000.0,212186000000.0,,,,381181000000.0,23643000000.0,1001000000.0,23871000000.0,4100000000.0,20079000000.0,1.93,1.89,10322000000.0,10558000000.0,49605000000.0,14564000000.0,43420000000.0,35406000000.0,,,,142995000000.0,,,22749000000.0,,53913000000.0,486883000000.0,72004000000.0,58812000000.0,14398000000.0,145214000000.0,,,,21707000000.0,,102994000000.0,-5003000000.0,182973000000.0,486883000000.0,47528000000.0,23310000000.0,-7779000000.0,,-1986000000.0,,,-5415000000.0,1454000000.0,,71654000000.0,,,,,,54733000000.0,,,-48053000000.0,,,-9133000000.0,14903000000.0,8677000000.0
2023-12-31,574785000000.0,304739000000.0,,,,537933000000.0,36852000000.0,705000000.0,37557000000.0,7120000000.0,30425000000.0,2.95,2.9,10304000000.0,10492000000.0,73387000000.0,13393000000.0,52253000000.0,33318000000.0,13197000000.0,,,172351000000.0,,,22789000000.0,7687000000.0,56024000000.0,527854000000.0,84981000000.0,64709000000.0,15227000000.0,164917000000.0,,,,25451000000.0,,113618000000.0,-3040000000.0,201875000000.0,527854000000.0,48663000000.0,24023000000.0,-5876000000.0,,-1449000000.0,,,5473000000.0,4578000000.0,,84946000000.0,,,,,,52729000000.0,,,-49833000000.0,,,-15879000000.0,19637000000.0,11200000000.0
2024-03-31,143313000000.0,72633000000.0,,,,128006000000.0,15307000000.0,-2324000000.0,12983000000.0,2500000000.0,37684000000.0,1.0,0.98,10393000000.0,10670000000.0,72852000000.0,12222000000.0,47768000000.0,31147000000.0,,,,163989000000.0,,,22770000000.0,,60947000000.0,530969000000.0,73068000000.0,63970000000.0,15927000000.0,152965000000.0,,,,26657000000.0,,124049000000.0,-3598000000.0,216661000000.0,530969000000.0,49224000000.0,24236000000.0,-6342000000.0,,-2854000000.0,,,-11282000000.0,5328000000.0,,99147000000.0,,,,,5680000000.0,53447000000.0,,,-51889000000.0,,,-23489000000.0,23598000000.0,11018000000.0
2024-06-30,291290000000.0,146418000000.0,,,,261311000000.0,29979000000.0,-1751000000.0,28228000000.0,4234000000.0,44419000000.0,2.3,2.24,10447000000.0,10708000000.0,71178000000.0,17914000000.0,50106000000.0,34109000000.0,,,,173307000000.0,,,22879000000.0,,63340000000.0,554818000000.0,81817000000.0,60351000000.0,16004000000.0,158172000000.0,,,,27226000000.0,,137534000000.0,-3993000000.0,236447000000.0,554818000000.0,49673000000.0,23831000000.0,-4383000000.0,,3085000000.0,,,8431000000.0,5579000000.0,,107952000000.0,,,,,5935000000.0,59612000000.0,,,-64354000000.0,,,-21440000000.0,21606000000.0,12983000000.0
2024-09-30,450167000000.0,227395000000.0,,,,402777000000.0,47390000000.0,-1125000000.0,46265000000.0,6940000000.0,49868000000.0,3.76,3.67,10501000000.0,10735000000.0,75091000000.0,12960000000.0,51638000000.0,36103000000.0,,,,175792000000.0,,,23081000000.0,,71309000000.0,584626000000.0,84570000000.0,60602000000.0,16305000000.0,161477000000.0,,,,29306000000.0,,152862000000.0,-1918000000.0,259151000000.0,584626000000.0,50984000000.0,23335000000.0,-4504000000.0,,2818000000.0,,,-5754000000.0,6025000000.0,,112706000000.0,,,,,4928000000.0,69753000000.0,,,-69500000000.0,,,-15250000000.0,28596000000.0,12359000000.0
