Date,Net sales,Cost of sales,Gross margin,Research and development,"Selling, general and administrative",Total operating expenses,Operating income,"Other income/(expense), net",Income before provision for income taxes,Provision for income taxes,Net income,Earnings per share basic,Earnings per share diluted,Weighted-average basic,Weighted-average diluted,Cash and cash equivalents,Short-term marketable securities,"Accounts receivable, net",Inventories,Deferred tax assets,Vendor non-trade receivables,Other current assets,Total current assets,Long-term marketable securities,"Property, Plant and Equipment, Net",Goodwill,"Acquired intangible assets, net","Other Assets, Noncurrent",Total assets,accounts payable,Accrued expenses,Deferred revenue,Total current liabilities,Deferred revenue - non-current,deferred tax liabilities,long term taxes payable,Total other non-current liabilities,Total liabilities,Retained Earnings (Accumulated Deficit),Accumulated other comprehensive (loss)/income,Total shareholders equity,Total liabilities and shareholders' equity,"Depreciation, amortization and accretion",Stock-based compensation expense,Deferred income tax expense,"Increase (Decrease) in Accounts receivable, net",Increase (Decrease) in Inventories,Increase (Decrease) in Other Receivables,Increase (Decrease) in Other Operating Assets,Increase (Decrease) in Accounts Payable,Increase (Decrease) in Deferred Revenue,Increase (Decrease) Other liabilities,Cash generated by operating activities,Purchases of marketable securities,Proceeds from maturities of marketable securities,Proceeds from sales of marketable securities,Purchases of other long-term investments,"Business acquisitions, net of cash acquired",Cash payments for capital asset purchases,Payments for acquisition of intangible assets,Payments for (Proceeds from) Other Investing Activities,Cash used in investing activities,Proceeds from issuance of common stock,Excess tax benefits from stock-based compensation,Cash generated/used in financing activities,Increase/(decrease) in cash and cash equivalents,"Cash paid for income taxes, net"
2014-06-30,255154000.0,80460000.0,174694000.0,68334000.0,,122057000.0,52637000.0,-1498000.0,51139000.0,17192000.0,33947000.0,0.59,0.54,38491000.0,44057000.0,397198000.0,,67946000.0,71068000.0,8696000.0,,,562676000.0,,68799000.0,,,3806000.0,642778000.0,20000000.0,28016000.0,37888000.0,97694000.0,23795000.0,,15072000.0,25718000.0,181592000.0,76911000.0,15000.0,461186000.0,642778000.0,4713000.0,11487000.0,703000.0,-9678000.0,-2291000.0,,,4789000.0,2779000.0,2616000.0,63946000.0,,,,,,8579000.0,,,-4539000.0,,459000.0,224064000.0,283534000.0,
2014-09-30,410617000.0,134966000.0,275651000.0,104565000.0,,189140000.0,86511000.0,-3086000.0,83425000.0,27612000.0,55813000.0,0.93,0.85,62402000.0,69737000.0,408596000.0,,84063000.0,62587000.0,8696000.0,,,588351000.0,,66991000.0,,,27559000.0,691883000.0,19845000.0,32246000.0,40277000.0,101796000.0,37415000.0,,15022000.0,39312000.0,198961000.0,98777000.0,-48000.0,492922000.0,691883000.0,7366000.0,19569000.0,-782000.0,6657000.0,-4507000.0,,,5600000.0,18787000.0,1165000.0,98704000.0,,,,,,10789000.0,,19451000.0,-26200000.0,,841000.0,222508000.0,294932000.0,
2014-12-31,584106000.0,192015000.0,392091000.0,148909000.0,,266578000.0,125513000.0,-4005000.0,121508000.0,34658000.0,86850000.0,1.42,1.29,48427000.0,54590000.0,240031000.0,209426000.0,96982000.0,80519000.0,23642000.0,,9820000.0,679479000.0,,71558000.0,,,11840000.0,811023000.0,32428000.0,40369000.0,60327000.0,144373000.0,46141000.0,120000.0,17323000.0,4981000.0,255365000.0,129814000.0,-334000.0,555658000.0,811023000.0,10021000.0,27619000.0,-7455000.0,19844000.0,13425000.0,,,14007000.0,47564000.0,2105000.0,114516000.0,,,,,,13134000.0,,38249000.0,-249362000.0,,17436000.0,261337000.0,126367000.0,
2015-03-31,179045000.0,61291000.0,117754000.0,43340000.0,,81999000.0,35755000.0,-1289000.0,34466000.0,9974000.0,24492000.0,0.37,0.34,64635000.0,70722000.0,275186000.0,209153000.0,113057000.0,91225000.0,9801000.0,,5323000.0,736044000.0,,72787000.0,,,17334000.0,875092000.0,29123000.0,28920000.0,81826000.0,148331000.0,50998000.0,,17502000.0,5558000.0,264621000.0,154306000.0,-351000.0,610471000.0,875092000.0,2893000.0,8839000.0,1670000.0,16276000.0,10706000.0,,,-1936000.0,26356000.0,-422000.0,20767000.0,,,,,,5136000.0,,667000.0,-5803000.0,,10569000.0,20231000.0,35155000.0,
2015-06-30,374597000.0,128953000.0,245644000.0,93287000.0,,177030000.0,68614000.0,-1704000.0,66910000.0,18422000.0,48488000.0,0.73,0.67,65524000.0,71215000.0,342958000.0,208805000.0,122342000.0,100304000.0,12268000.0,,27808000.0,850212000.0,,73178000.0,,,17053000.0,990839000.0,43831000.0,43347000.0,107245000.0,202498000.0,57198000.0,,17850000.0,5839000.0,325297000.0,178302000.0,-143000.0,665542000.0,990839000.0,6246000.0,20047000.0,-2266000.0,25841000.0,22297000.0,,,11822000.0,57975000.0,-114000.0,73373000.0,,,,,,8768000.0,705000.0,,-9473000.0,,22975000.0,39047000.0,102927000.0,
2015-09-30,592145000.0,204753000.0,387392000.0,152035000.0,,287481000.0,99911000.0,-2444000.0,97467000.0,20289000.0,77178000.0,1.16,1.07,66629000.0,71887000.0,418500000.0,150117000.0,160230000.0,109921000.0,20197000.0,,36765000.0,921100000.0,,75248000.0,,,20861000.0,1072892000.0,31487000.0,58979000.0,124740000.0,224966000.0,65966000.0,,11188000.0,6011000.0,349718000.0,206991000.0,-431000.0,723174000.0,1072892000.0,9724000.0,32325000.0,-15483000.0,63898000.0,31915000.0,,,-145000.0,84238000.0,1980000.0,84022000.0,,,,,,13974000.0,743000.0,,39444000.0,,32381000.0,55270000.0,178469000.0,
2015-12-31,837591000.0,294031000.0,543560000.0,209448000.0,,394252000.0,149308000.0,-3299000.0,146009000.0,24907000.0,121102000.0,1.81,1.67,65964000.0,71411000.0,687326000.0,0.0,144263000.0,92129000.0,47960000.0,,29270000.0,974328000.0,,79706000.0,,,20791000.0,1159890000.0,43966000.0,60971000.0,122049000.0,235011000.0,74759000.0,469000.0,14060000.0,6698000.0,371738000.0,250916000.0,-675000.0,788152000.0,1159890000.0,13671000.0,45303000.0,-25887000.0,47281000.0,14123000.0,,,9037000.0,90340000.0,1171000.0,200533000.0,,,,,,19989000.0,,0.0,184170000.0,,37251000.0,63105000.0,447295000.0,
2016-03-31,242196000.0,87106000.0,155090000.0,62515000.0,,105355000.0,49735000.0,-414000.0,49321000.0,14100000.0,35245000.0,0.52,0.48,67737000.0,72214000.0,710663000.0,51589000.0,135119000.0,84030000.0,,,27766000.0,1023133000.0,,79944000.0,,,20208000.0,1209947000.0,24808000.0,46113000.0,135524000.0,214264000.0,83696000.0,,14918000.0,6385000.0,360090000.0,286161000.0,-653000.0,849857000.0,1209947000.0,4779000.0,13360000.0,-1597000.0,-9144000.0,-8099000.0,,,-16123000.0,22412000.0,464000.0,71116000.0,,,,,,7962000.0,670000.0,,-60270000.0,,6012000.0,12448000.0,23337000.0,
2016-06-30,510937000.0,184396000.0,326541000.0,131535000.0,,223648000.0,102893000.0,-730000.0,102163000.0,28014000.0,74149000.0,1.08,1.01,68275000.0,72817000.0,531058000.0,292760000.0,146659000.0,118130000.0,,,27513000.0,1142054000.0,,79681000.0,,,18812000.0,1334988000.0,60097000.0,55110000.0,138885000.0,263439000.0,91439000.0,,16086000.0,6754000.0,418156000.0,325065000.0,-705000.0,916832000.0,1334988000.0,9662000.0,27592000.0,-6876000.0,2396000.0,26001000.0,,,18501000.0,33516000.0,1779000.0,126029000.0,,,,,,12042000.0,697000.0,,-308177000.0,,15967000.0,25939000.0,-156268000.0,
2016-09-30,801198000.0,288237000.0,512961000.0,202183000.0,,347047000.0,165914000.0,-826000.0,165088000.0,39700000.0,125406000.0,1.82,1.71,69076000.0,73453000.0,500481000.0,299667000.0,210243000.0,162128000.0,,,55363000.0,1324178000.0,,78147000.0,,,18398000.0,1519080000.0,77048000.0,77163000.0,191094000.0,355082000.0,93741000.0,,11896000.0,6900000.0,507660000.0,376322000.0,-983000.0,1011420000.0,1519080000.0,14807000.0,42708000.0,-13720000.0,65980000.0,69998000.0,,,35510000.0,88027000.0,2628000.0,78685000.0,,,,,,15787000.0,697000.0,,-319551000.0,,30043000.0,54154000.0,-186845000.0,
2016-12-31,1129167000.0,406051000.0,723116000.0,273581000.0,,479707000.0,243409000.0,-1184000.0,242225000.0,58036000.0,184189000.0,2.66,2.5,68771000.0,73222000.0,567923000.0,299910000.0,253119000.0,236490000.0,69679000.0,,79140000.0,1526126000.0,,76961000.0,,,18824000.0,1729007000.0,79457000.0,90951000.0,273350000.0,459553000.0,99585000.0,1281000.0,14498000.0,7958000.0,621187000.0,435105000.0,-1475000.0,1107820000.0,1729007000.0,19749000.0,59032000.0,-21762000.0,108856000.0,144361000.0,,,38678000.0,176126000.0,8894000.0,131440000.0,,,,,,21419000.0,,2500000.0,-325979000.0,,42855000.0,75600000.0,-119403000.0,
2017-03-31,335475000.0,121265000.0,214210000.0,81610000.0,,140792000.0,73418000.0,310000.0,73728000.0,-9233000.0,82961000.0,1.16,1.07,71114000.0,77516000.0,746567000.0,296675000.0,209062000.0,286786000.0,,,112216000.0,1736825000.0,,76319000.0,,,19885000.0,1939598000.0,60984000.0,75291000.0,383245000.0,532513000.0,113925000.0,,17581000.0,8069000.0,711224000.0,518874000.0,-1630000.0,1228374000.0,1939598000.0,4939000.0,16439000.0,2521000.0,-44057000.0,50296000.0,,,-18648000.0,124236000.0,-2475000.0,162862000.0,,,,,,4645000.0,,,-2920000.0,,,18518000.0,178644000.0,
2017-06-30,740686000.0,266699000.0,473987000.0,162804000.0,,283935000.0,190052000.0,806000.0,190858000.0,14445000.0,185646000.0,2.59,2.37,71992000.0,78756000.0,823475000.0,301364000.0,269624000.0,363803000.0,,,124362000.0,1949189000.0,,75840000.0,,,20306000.0,2162940000.0,80418000.0,84413000.0,426750000.0,610797000.0,127760000.0,,19970000.0,7992000.0,805191000.0,621559000.0,-1253000.0,1357749000.0,2162940000.0,10033000.0,34839000.0,-8515000.0,16505000.0,127313000.0,,,1299000.0,181575000.0,3593000.0,242095000.0,,,,,,9534000.0,,,-12930000.0,,,25976000.0,255552000.0,
2017-09-30,1178319000.0,423715000.0,754604000.0,242414000.0,,423720000.0,330884000.0,2241000.0,333125000.0,13800000.0,319368000.0,4.43,4.06,72588000.0,79322000.0,854479000.0,488635000.0,212611000.0,333157000.0,,,126190000.0,2075539000.0,,73061000.0,,,21277000.0,2301710000.0,32893000.0,94459000.0,423705000.0,567547000.0,141440000.0,,22161000.0,7811000.0,777158000.0,755281000.0,-1075000.0,1524552000.0,2301710000.0,15355000.0,54991000.0,-22743000.0,-40508000.0,96667000.0,,,-46075000.0,192210000.0,847000.0,447963000.0,,,,,,12159000.0,,,-200347000.0,,,38243000.0,286556000.0,
2017-12-31,1646186000.0,584417000.0,1061769000.0,349594000.0,,591497000.0,470272000.0,4488000.0,474760000.0,51559000.0,423201000.0,5.85,5.35,72258000.0,78977000.0,859192000.0,676363000.0,247346000.0,306198000.0,63247000.0,,96215000.0,2266429000.0,,74279000.0,,,18891000.0,2460860000.0,52200000.0,133827000.0,327706000.0,529905000.0,187556000.0,1878000.0,34067000.0,9745000.0,798946000.0,859114000.0,-1938000.0,1661914000.0,2460860000.0,20640000.0,75427000.0,8426000.0,-5773000.0,69708000.0,,,-30104000.0,142327000.0,1475000.0,631627000.0,,,,,,15279000.0,,,-392580000.0,,,51469000.0,291269000.0,
2018-03-31,472489000.0,169570000.0,302919000.0,102362000.0,,164181000.0,138738000.0,4156000.0,142894000.0,-1644000.0,144538000.0,1.95,1.79,73994000.0,80721000.0,886160000.0,851880000.0,207339000.0,268131000.0,,,82837000.0,2379174000.0,,73825000.0,,,22879000.0,2580034000.0,70431000.0,85728000.0,274677000.0,457779000.0,181377000.0,,37358000.0,21343000.0,734995000.0,1007226000.0,-3626000.0,1845039000.0,2580034000.0,5697000.0,20851000.0,-3541000.0,-40007000.0,-38067000.0,,,20040000.0,-42686000.0,5565000.0,195541000.0,,,,,,6336000.0,,,-183864000.0,,,15308000.0,26971000.0,
2018-06-30,,355532000.0,636802000.0,206440000.0,,737867000.0,-239803000.0,-2169000.0,-241972000.0,-88347000.0,-155269000.0,-2.08,-2.08,74503000.0,74503000.0,711157000.0,1149247000.0,260917000.0,245439000.0,,,87157000.0,2620562000.0,,73736000.0,,,20019000.0,2832114000.0,53182000.0,86693000.0,262345000.0,826763000.0,186299000.0,,40369000.0,22116000.0,1112141000.0,851957000.0,-4551000.0,1719973000.0,2832114000.0,11328000.0,43329000.0,-18281000.0,13571000.0,-60759000.0,,,3597000.0,-50096000.0,-1237000.0,326125000.0,,,,,,13071000.0,,2000000.0,-496972000.0,,,23426000.0,-148028000.0,
2018-09-30,1555643000.0,557258000.0,998385000.0,324029000.0,,918680000.0,180770000.0,10606000.0,189389000.0,-67482000.0,168524000.0,2.25,2.08,75011000.0,81018000.0,524687000.0,1137112000.0,322053000.0,216313000.0,,,118262000.0,2436046000.0,,75397000.0,55168000.0,,20199000.0,2798238000.0,85097000.0,103108000.0,10900000.0,539782000.0,211005000.0,,42470000.0,23065000.0,852362000.0,1020481000.0,-4442000.0,1945876000.0,2798238000.0,18440000.0,66583000.0,-49615000.0,68192000.0,-98284000.0,,,30515000.0,13161000.0,9974000.0,207300000.0,,,,,95640000.0,17613000.0,,2000000.0,-583452000.0,,,41336000.0,-335800000.0,
2018-12-31,2151369000.0,777992000.0,1373377000.0,442468000.0,,1100030000.0,273347000.0,15454000.0,288801000.0,-39314000.0,328115000.0,4.39,4.06,74750000.0,80844000.0,649950000.0,1306197000.0,331777000.0,264557000.0,122739000.0,,95730000.0,2714802000.0,,75355000.0,53684000.0,,22704000.0,3081983000.0,93757000.0,123254000.0,358586000.0,606504000.0,,3753000.0,36167000.0,31851000.0,938594000.0,1190803000.0,-3994000.0,2143389000.0,3081983000.0,27671000.0,91202000.0,-57896000.0,77916000.0,-51054000.0,,,39337000.0,70533000.0,17455000.0,503119000.0,,,,,96821000.0,23830000.0,,2000000.0,-755113000.0,,,42851000.0,-210533000.0,
2019-03-31,595424000.0,214854000.0,380570000.0,119669000.0,,186228000.0,194342000.0,12333000.0,206675000.0,5646000.0,201029000.0,2.65,2.47,75920000.0,81201000.0,809491000.0,1341427000.0,271246000.0,347153000.0,,,63436000.0,2900974000.0,,41529000.0,53684000.0,,25063000.0,3332444000.0,89823000.0,104228000.0,304729000.0,543193000.0,,,37925000.0,25601000.0,932077000.0,1395534000.0,-580000.0,2400367000.0,3332444000.0,8362000.0,24291000.0,-718000.0,-60531000.0,82596000.0,,,-2391000.0,-50756000.0,660000.0,170097000.0,,,,,,5237000.0,,,-35220000.0,,,24473000.0,159545000.0,
2019-06-30,1203745000.0,432984000.0,770761000.0,233964000.0,,369582000.0,401179000.0,26144000.0,427323000.0,37043000.0,390280000.0,5.12,4.8,76552000.0,81335000.0,944414000.0,1313389000.0,343080000.0,314177000.0,,,43665000.0,3028518000.0,,41023000.0,53684000.0,,27106000.0,3441292000.0,86134000.0,113898000.0,272366000.0,525020000.0,,,45804000.0,25351000.0,915732000.0,1484777000.0,2035000.0,2525560000.0,3441292000.0,16757000.0,48588000.0,7914000.0,11303000.0,49620000.0,,,-6783000.0,-85009000.0,3955000.0,366476000.0,,,,,,8639000.0,,0.0,-5510000.0,,,-66566000.0,294472000.0,
2019-09-30,1858160000.0,670125000.0,1188035000.0,352696000.0,,558250000.0,629785000.0,45313000.0,675098000.0,75923000.0,599175000.0,7.85,7.38,76426000.0,81104000.0,1095265000.0,1351775000.0,447252000.0,239802000.0,,,52800000.0,3240420000.0,,40188000.0,54855000.0,,29360000.0,3619825000.0,78600000.0,128930000.0,291384000.0,548189000.0,,,60278000.0,30627000.0,963821000.0,1579063000.0,201000.0,2656004000.0,3619825000.0,24948000.0,74845000.0,10945000.0,115475000.0,-24951000.0,,,-14361000.0,-58216000.0,595000.0,635873000.0,,,,,1365000.0,13319000.0,,0.0,-20043000.0,,,-169509000.0,445327000.0,
2019-12-31,2410706000.0,866368000.0,1544338000.0,462759000.0,,738564000.0,805774000.0,56496000.0,862270000.0,2403000.0,859867000.0,11.26,10.63,76312000.0,80879000.0,1111286000.0,1613082000.0,391987000.0,243825000.0,197315000.0,,64464000.0,3471636000.0,,39273000.0,54855000.0,,30346000.0,4185290000.0,92105000.0,140249000.0,312668000.0,597074000.0,,,55485000.0,37693000.0,1290604000.0,1788230000.0,143000.0,2894686000.0,4185290000.0,32849000.0,101280000.0,-75741000.0,60210000.0,-20927000.0,,,-1937000.0,-11939000.0,7921000.0,963034000.0,,,,,1365000.0,15751000.0,,0.0,-284072000.0,,,-217964000.0,461351000.0,
2020-03-31,523029000.0,184778000.0,338251000.0,113154000.0,,188589000.0,149662000.0,12157000.0,161819000.0,23388000.0,138431000.0,1.82,1.73,76264000.0,79939000.0,761333000.0,1875660000.0,352159000.0,261798000.0,,,50373000.0,3336899000.0,,37806000.0,84781000.0,,27027000.0,4111845000.0,84815000.0,100443000.0,332175000.0,573007000.0,,,58507000.0,38099000.0,1263019000.0,1698766000.0,828000.0,2848826000.0,4111845000.0,10208000.0,27556000.0,457000.0,-46329000.0,17691000.0,,,-6386000.0,21000.0,-3422000.0,194847000.0,,,,,66225000.0,3107000.0,,,-329478000.0,,,-212553000.0,-349875000.0,
2020-06-30,1063599000.0,381259000.0,682340000.0,224698000.0,,365689000.0,316651000.0,20413000.0,337064000.0,53840000.0,283224000.0,3.72,3.56,76036000.0,79620000.0,800182000.0,1981589000.0,383225000.0,326997000.0,,,56980000.0,3576878000.0,,35263000.0,84968000.0,,25493000.0,4335851000.0,122872000.0,100070000.0,328525000.0,640181000.0,,,45971000.0,38679000.0,1299368000.0,1843559000.0,7823000.0,3036483000.0,4335851000.0,21170000.0,60478000.0,2668000.0,-15263000.0,82891000.0,,,31473000.0,-19242000.0,646000.0,333063000.0,,,,,66317000.0,5178000.0,,,-432759000.0,,,-209667000.0,-311026000.0,
2020-09-30,1669030000.0,601728000.0,1067302000.0,352747000.0,,562256000.0,505046000.0,33637000.0,538683000.0,87084000.0,451599000.0,5.94,5.68,76024000.0,79519000.0,970349000.0,1875552000.0,300217000.0,438102000.0,,,43311000.0,3653867000.0,,32670000.0,84968000.0,,22807000.0,4399372000.0,163102000.0,110348000.0,321290000.0,664783000.0,,,47918000.0,39165000.0,1315495000.0,1844656000.0,-934000.0,3083877000.0,4399372000.0,31975000.0,96947000.0,3261000.0,-98271000.0,193996000.0,,,71803000.0,-34449000.0,-1451000.0,548190000.0,,1183601000.0,772978000.0,,66317000.0,7701000.0,,,-330476000.0,,,-358401000.0,-140933000.0,
2020-12-31,2317512000.0,835626000.0,1481886000.0,486594000.0,,782202000.0,699684000.0,39179000.0,738863000.0,104306000.0,634557000.0,8.35,7.99,75984000.0,79465000.0,893219000.0,1979649000.0,389540000.0,479668000.0,213595000.0,,60556000.0,3836998000.0,,32231000.0,189696000.0,,30071000.0,4738919000.0,134235000.0,143357000.0,396259000.0,768243000.0,,,53053000.0,42431000.0,1418628000.0,2027614000.0,238000.0,3320291000.0,4738919000.0,44590000.0,137042000.0,-9144000.0,-10673000.0,235318000.0,,,41161000.0,50352000.0,17102000.0,735114000.0,,,772978000.0,,227420000.0,15384000.0,,,-608802000.0,,,-346339000.0,-218061000.0,
2021-03-31,667562000.0,242290000.0,425272000.0,132487000.0,,218980000.0,206292000.0,1575000.0,207867000.0,27501000.0,180366000.0,2.36,2.27,76306000.0,79623000.0,843336000.0,2184330000.0,380466000.0,483168000.0,,,69790000.0,4002895000.0,,32462000.0,188277000.0,,33190000.0,4893730000.0,136885000.0,122466000.0,457799000.0,786532000.0,,,55314000.0,44620000.0,1442392000.0,2106625000.0,-864000.0,3451338000.0,4893730000.0,12658000.0,37553000.0,1425000.0,-9074000.0,3500000.0,,,2833000.0,69204000.0,-14661000.0,254675000.0,,,,,0.0,5096000.0,,,-217949000.0,,,-85770000.0,-49882000.0,
2021-06-30,1374881000.0,495431000.0,879450000.0,275780000.0,,453793000.0,425657000.0,3294000.0,428951000.0,51697000.0,377254000.0,4.94,4.73,76461000.0,79710000.0,893688000.0,2388015000.0,364214000.0,543199000.0,,,81017000.0,4328395000.0,,32362000.0,188277000.0,,33433000.0,5208280000.0,145159000.0,163245000.0,482112000.0,859935000.0,,,57977000.0,47508000.0,1510439000.0,2303513000.0,-1139000.0,3697841000.0,5208280000.0,25235000.0,82497000.0,-2998000.0,-25326000.0,63531000.0,,,10879000.0,95263000.0,-15550000.0,518041000.0,,,,,0.0,9567000.0,,,-436082000.0,,,-80824000.0,470000.0,
2021-09-30,2123578000.0,765513000.0,1358065000.0,428873000.0,,699114000.0,658951000.0,4640000.0,663591000.0,62032000.0,601559000.0,7.86,7.54,76864000.0,79909000.0,630982000.0,2755499000.0,395590000.0,575665000.0,,,90181000.0,4523958000.0,,75373000.0,188397000.0,,32524000.0,5437350000.0,135252000.0,174425000.0,511354000.0,893387000.0,,,62563000.0,51165000.0,1572090000.0,2393661000.0,-2004000.0,3865260000.0,5437350000.0,37864000.0,135632000.0,-573000.0,6050000.0,95997000.0,,,-1075000.0,149613000.0,-15820000.0,790620000.0,,,,,0.0,55455000.0,,,-861363000.0,,,-189980000.0,-262236000.0,
2021-12-31,2948037000.0,1067258000.0,1880779000.0,586752000.0,,956040000.0,924739000.0,6140000.0,930879000.0,90025000.0,840854000.0,2.74,2.63,306512000.0,319238000.0,620813000.0,2787502000.0,516509000.0,650117000.0,313221000.0,,163916000.0,4812676000.0,,78634000.0,188397000.0,,33443000.0,5734429000.0,202636000.0,226643000.0,593578000.0,1109829000.0,,,69916000.0,54749000.0,1755829000.0,2456823000.0,-8300000.0,3978600000.0,5734429000.0,50334000.0,186875000.0,-99290000.0,126969000.0,170449000.0,,,66681000.0,278485000.0,-5337000.0,1015856000.0,,,19607000.0,,0.0,64736000.0,,,-925562000.0,,,-360882000.0,-272404000.0,
2022-03-31,877066000.0,323221000.0,553845000.0,172006000.0,,275858000.0,277987000.0,31480000.0,309467000.0,37208000.0,272259000.0,0.88,0.85,308045000.0,319652000.0,635025000.0,2788889000.0,648606000.0,694217000.0,,,217363000.0,5105174000.0,,87391000.0,216915000.0,,41819000.0,6108186000.0,204675000.0,197063000.0,778436000.0,1369005000.0,,,74497000.0,57672000.0,1955009000.0,2592854000.0,-30501000.0,4153177000.0,6108186000.0,13091000.0,50279000.0,-81822000.0,131861000.0,43531000.0,,,2478000.0,187194000.0,-2704000.0,217138000.0,,,,,37610000.0,14876000.0,,,-72615000.0,,,-129809000.0,14233000.0,
2022-06-30,1928957000.0,731847000.0,1197110000.0,350164000.0,,556270000.0,640840000.0,30947000.0,671787000.0,100429000.0,571358000.0,1.86,1.8,307399000.0,318040000.0,493246000.0,2408656000.0,585786000.0,852810000.0,,,256102000.0,4729195000.0,,91823000.0,273494000.0,,46610000.0,5824545000.0,275093000.0,210334000.0,697762000.0,1278026000.0,,,79422000.0,60337000.0,1818753000.0,2408294000.0,-41319000.0,4005792000.0,5824545000.0,28012000.0,100503000.0,-105937000.0,64335000.0,202052000.0,,,71169000.0,91201000.0,221000.0,318235000.0,,,165746000.0,,145087000.0,23744000.0,,,172959000.0,,,-615699000.0,-127546000.0,
2022-09-30,3105758000.0,1198668000.0,1907090000.0,537971000.0,,848903000.0,1058187000.0,37764000.0,1095951000.0,170594000.0,925357000.0,3.02,2.92,306576000.0,316745000.0,716253000.0,2263818000.0,651512000.0,1100550000.0,,,142627000.0,5031678000.0,,96449000.0,271018000.0,,59655000.0,6162010000.0,278469000.0,240609000.0,607189000.0,1254912000.0,,,82167000.0,58791000.0,1776792000.0,2714711000.0,-47129000.0,4385218000.0,6162010000.0,45169000.0,165980000.0,-148355000.0,129947000.0,449792000.0,,,73480000.0,-1245000.0,-1059000.0,452340000.0,,,186782000.0,,145087000.0,34184000.0,,,299152000.0,,,-649939000.0,95463000.0,
2022-12-31,4381310000.0,1705614000.0,2675696000.0,728394000.0,,1148590000.0,1527106000.0,54690000.0,1581796000.0,229350000.0,1352446000.0,4.41,4.27,306473000.0,316459000.0,671707000.0,2352022000.0,923096000.0,1289706000.0,574870000.0,,124357000.0,5550748000.0,,95009000.0,265924000.0,,73754000.0,6775410000.0,232572000.0,292487000.0,637432000.0,1293531000.0,,,89839000.0,58400000.0,1889590000.0,3138983000.0,-33908000.0,4885820000.0,6775410000.0,62700000.0,230934000.0,-244382000.0,401531000.0,638948000.0,,,31436000.0,98957000.0,4118000.0,492813000.0,,,193782000.0,,145087000.0,44644000.0,,,216327000.0,,,-654601000.0,50928000.0,
2023-03-31,1351351000.0,546844000.0,804507000.0,201408000.0,,319929000.0,484578000.0,12146000.0,496724000.0,60251000.0,436473000.0,1.42,1.38,306985000.0,315578000.0,956341000.0,2374789000.0,862875000.0,1682703000.0,,,125353000.0,6270533000.0,,97157000.0,265924000.0,,47092000.0,7543066000.0,330171000.0,351764000.0,671700000.0,1584909000.0,,,94733000.0,58385000.0,2213892000.0,3493181000.0,-21505000.0,5329174000.0,7543066000.0,20905000.0,62881000.0,-71153000.0,-60221000.0,392997000.0,,,94564000.0,51028000.0,-4361000.0,374483000.0,,,21725000.0,,0.0,5631000.0,,,-21747000.0,,,-68403000.0,284647000.0,
2023-06-30,2810275000.0,1121639000.0,1688636000.0,431084000.0,,673996000.0,1014640000.0,68485000.0,1083125000.0,154767000.0,928358000.0,3.02,2.94,308636000.0,316485000.0,1261836000.0,2479290000.0,779726000.0,1864334000.0,,,167544000.0,6851557000.0,,101705000.0,268531000.0,,31696000.0,8186041000.0,351920000.0,363036000.0,624207000.0,1655792000.0,,,98722000.0,61546000.0,2328459000.0,3955062000.0,-25208000.0,5857582000.0,8186041000.0,39227000.0,130008000.0,-130287000.0,-143370000.0,574628000.0,,,114905000.0,43658000.0,-11676000.0,808573000.0,,,21725000.0,,-1799000.0,17212000.0,,,-124653000.0,,,-97635000.0,586714000.0,
2023-09-30,4319731000.0,1688676000.0,2631055000.0,643437000.0,,1013720000.0,1617335000.0,110300000.0,1727635000.0,253950000.0,1473685000.0,4.78,4.66,310185000.0,317631000.0,1748818000.0,2706785000.0,833374000.0,1893538000.0,,,274114000.0,7654998000.0,,102592000.0,268531000.0,,33265000.0,9069035000.0,268972000.0,410071000.0,698675000.0,1846725000.0,,,104660000.0,67975000.0,2563480000.0,4500389000.0,-23166000.0,6505555000.0,9069035000.0,56233000.0,215398000.0,-217489000.0,-89722000.0,603832000.0,,,33740000.0,153505000.0,-10968000.0,1507550000.0,,,49584000.0,,-1799000.0,28424000.0,,,-350497000.0,,,-82421000.0,1073698000.0,
2023-12-31,5860168000.0,2229887000.0,3630281000.0,854918000.0,,1373032000.0,2257249000.0,164777000.0,2422026000.0,334705000.0,2087321000.0,6.75,6.58,309354000.0,317135000.0,1938606000.0,3069362000.0,1024569000.0,1945180000.0,945792000.0,,,8390235000.0,,101580000.0,268531000.0,,151900000.0,9946806000.0,435059000.0,407302000.0,915204000.0,1909606000.0,,,95751000.0,131390000.0,2727747000.0,5114025000.0,-3328000.0,7219059000.0,9946806000.0,70630000.0,296756000.0,-370796000.0,101473000.0,655474000.0,,,198612000.0,464958000.0,123694000.0,2034014000.0,,,67284000.0,,-1799000.0,34434000.0,,,-687454000.0,,,-83749000.0,1263486000.0,
2024-03-31,1571374000.0,569995000.0,1001379000.0,208395000.0,,341238000.0,660141000.0,62620000.0,722761000.0,85069000.0,637692000.0,2.04,1.99,313032000.0,319865000.0,2092101000.0,3357597000.0,1090041000.0,2025204000.0,,,,8926283000.0,,97949000.0,268531000.0,,149477000.0,10550179000.0,223305000.0,270586000.0,997914000.0,1783064000.0,,,107179000.0,132293000.0,2687864000.0,5689064000.0,-11929000.0,7862315000.0,10550179000.0,15614000.0,77215000.0,-77822000.0,65472000.0,80024000.0,,,-207234000.0,157038000.0,5571000.0,513805000.0,,,36750000.0,,,9395000.0,,,-295650000.0,,,-63050000.0,153497000.0,
2024-06-30,3261774000.0,1163182000.0,2098592000.0,475877000.0,,738878000.0,1359714000.0,133483000.0,1493197000.0,190077000.0,1303120000.0,4.16,4.07,313711000.0,319921000.0,2429031000.0,3844923000.0,1226795000.0,1853776000.0,,,,9842318000.0,,96282000.0,268531000.0,,163544000.0,11623235000.0,297832000.0,320071000.0,1329450000.0,2161879000.0,,,107833000.0,133379000.0,3192427000.0,6182479000.0,-15058000.0,8430808000.0,11623235000.0,31112000.0,156507000.0,-228460000.0,202226000.0,-91404000.0,,,-136236000.0,612582000.0,-863000.0,1502816000.0,,,36750000.0,,0.0,12555000.0,,,-773541000.0,,,-236148000.0,490435000.0,
2024-09-30,5072710000.0,1812401000.0,3260309000.0,711701000.0,,1115345000.0,2144964000.0,231143000.0,2376107000.0,325049000.0,2051058000.0,6.54,6.41,314482000.0,320448000.0,3175139000.0,4253249000.0,1130897000.0,1769962000.0,,,434988000.0,10877940000.0,,93034000.0,,,220295000.0,12846723000.0,289161000.0,323990000.0,1599590000.0,2434374000.0,,,116604000.0,142115000.0,3600834000.0,6865260000.0,9588000.0,9245889000.0,12846723000.0,46650000.0,254630000.0,-376726000.0,96499000.0,-175218000.0,,,-142005000.0,1001127000.0,4428000.0,2677272000.0,,,44865000.0,,,19580000.0,,6628000.0,-1147413000.0,,,-291774000.0,1237074000.0,
