Date,Net sales,Cost of sales,Gross margin,Research and development,"Selling, general and administrative",Total operating expenses,Operating income,"Other income/(expense), net",Income before provision for income taxes,Provision for income taxes,Net income,Earnings per share basic,Earnings per share diluted,Weighted-average basic,Weighted-average diluted,Cash and cash equivalents,Short-term marketable securities,"Accounts receivable, net",Inventories,Deferred tax assets,Vendor non-trade receivables,Other current assets,Total current assets,Long-term marketable securities,"Property, Plant and Equipment, Net",Goodwill,"Acquired intangible assets, net","Other Assets, Noncurrent",Total assets,accounts payable,Accrued expenses,Deferred revenue,Total current liabilities,Deferred revenue - non-current,deferred tax liabilities,long term taxes payable,Total other non-current liabilities,Total liabilities,Retained Earnings (Accumulated Deficit),Accumulated other comprehensive (loss)/income,Total shareholders equity,Total liabilities and shareholders' equity,"Depreciation, amortization and accretion",Stock-based compensation expense,Deferred income tax expense,"Increase (Decrease) in Accounts receivable, net",Increase (Decrease) in Inventories,Increase (Decrease) in Other Receivables,Increase (Decrease) in Other Operating Assets,Increase (Decrease) in Accounts Payable,Increase (Decrease) in Deferred Revenue,Increase (Decrease) Other liabilities,Cash generated by operating activities,Purchases of marketable securities,Proceeds from maturities of marketable securities,Proceeds from sales of marketable securities,Purchases of other long-term investments,"Business acquisitions, net of cash acquired",Cash payments for capital asset purchases,Payments for acquisition of intangible assets,Payments for (Proceeds from) Other Investing Activities,Cash used in investing activities,Proceeds from issuance of common stock,Excess tax benefits from stock-based compensation,Cash generated/used in financing activities,Increase/(decrease) in cash and cash equivalents,"Cash paid for income taxes, net"
2010-06-30,273820000.0,48793000.0,225027000.0,43977000.0,71207000.0,123021000.0,102006000.0,,99634000.0,31772000.0,67862000.0,0.75,0.73,90614000.0,93146000.0,415488000.0,,63522000.0,,16905000.0,,81730000.0,578742000.0,,33565000.0,1034738000.0,295886000.0,5253000.0,1953550000.0,3767000.0,,190410000.0,273267000.0,,95154000.0,,33740000.0,,570063000.0,3568000.0,1402550000.0,1953550000.0,,9160000.0,-11895000.0,-246000.0,,,-3000.0,,26752000.0,-1238000.0,119886000.0,,,,,,4419000.0,,0.0,2505000.0,,6553000.0,-36751000.0,79610000.0,
2010-09-30,413663000.0,74072000.0,339591000.0,65673000.0,108161000.0,185708000.0,153883000.0,,150526000.0,46534000.0,103992000.0,1.15,1.12,90880000.0,93212000.0,494716000.0,,54042000.0,,19828000.0,,116686000.0,686392000.0,,34715000.0,1035613000.0,289795000.0,65542000.0,2118482000.0,3554000.0,,179272000.0,355543000.0,,92368000.0,,72231000.0,,606193000.0,16345000.0,1460140000.0,2118482000.0,,13903000.0,-20651000.0,-11965000.0,,,59757000.0,,8716000.0,36832000.0,192149000.0,,,,,,9155000.0,,0.0,-2209000.0,,7801000.0,-38091000.0,158838000.0,
2010-12-31,580236000.0,100879000.0,479357000.0,88990000.0,155096000.0,260089000.0,219268000.0,,216394000.0,63262000.0,153132000.0,1.69,1.64,90684000.0,93209000.0,472479000.0,,76604000.0,,17693000.0,,147402000.0,714633000.0,,36921000.0,1035083000.0,278320000.0,56123000.0,2126876000.0,2241000.0,,199805000.0,311369000.0,,75026000.0,,82989000.0,,655333000.0,16962000.0,1529929000.0,2126876000.0,,19019000.0,-26719000.0,11149000.0,,,60365000.0,,28817000.0,47539000.0,166884000.0,,,,,0.0,14260000.0,,0.0,-6648000.0,,11753000.0,-29639000.0,136601000.0,
2011-03-31,158047000.0,26582000.0,131465000.0,24698000.0,40476000.0,69191000.0,62274000.0,,61652000.0,19411000.0,42241000.0,0.46,0.45,91767000.0,94171000.0,549934000.0,,71049000.0,,16780000.0,,146447000.0,784745000.0,,37436000.0,1035342000.0,267392000.0,51485000.0,2178360000.0,4321000.0,,226426000.0,330526000.0,,70474000.0,,83797000.0,,697574000.0,20101000.0,1576633000.0,2178360000.0,,5147000.0,3038000.0,-6804000.0,,,341000.0,,23945000.0,691000.0,84859000.0,,,,,,3341000.0,,,-3418000.0,,1712000.0,-9229000.0,77455000.0,
2011-06-30,320305000.0,54645000.0,265660000.0,49880000.0,80606000.0,138573000.0,127087000.0,,126295000.0,38623000.0,87672000.0,0.95,0.93,91940000.0,94188000.0,629712000.0,,68807000.0,,20623000.0,,134561000.0,854251000.0,,38529000.0,1035583000.0,257388000.0,49265000.0,2237975000.0,4537000.0,,231719000.0,347457000.0,,69702000.0,,74224000.0,,743005000.0,23330000.0,1640294000.0,2237975000.0,,10466000.0,861000.0,-9628000.0,,,391000.0,,26882000.0,-9037000.0,163769000.0,,,,,,7605000.0,,,-7698000.0,,4903000.0,-4991000.0,157233000.0,
2011-09-30,493240000.0,85672000.0,407568000.0,78779000.0,123786000.0,215152000.0,192416000.0,,191738000.0,58520000.0,133218000.0,1.45,1.41,92277000.0,94445000.0,406298000.0,,65084000.0,,20272000.0,,134191000.0,626427000.0,,40251000.0,1229872000.0,396645000.0,48858000.0,2347905000.0,4423000.0,,225729000.0,371479000.0,,109691000.0,,93995000.0,,788551000.0,15477000.0,1693017000.0,2347905000.0,,16574000.0,-3035000.0,-12072000.0,,,1580000.0,,14153000.0,-7315000.0,230047000.0,,,,,269753000.0,12524000.0,,,-282332000.0,,7030000.0,-10008000.0,-66181000.0,
2011-12-31,691449000.0,119014000.0,572435000.0,108530000.0,180357000.0,306876000.0,265559000.0,,264858000.0,84183000.0,180675000.0,1.96,1.91,92120000.0,94381000.0,471828000.0,,84602000.0,,-74825000.0,,163296000.0,740033000.0,,45638000.0,1225375000.0,383420000.0,46942000.0,2448470000.0,6987000.0,,259155000.0,438751000.0,,101618000.0,,100479000.0,,836008000.0,11876000.0,1754473000.0,2448470000.0,,23088000.0,-3021000.0,8086000.0,,,1390000.0,,49973000.0,-1035000.0,307661000.0,,,,,269486000.0,22063000.0,,,-291643000.0,,10046000.0,-9676000.0,-651000.0,
2012-03-31,185345000.0,34342000.0,151003000.0,31501000.0,45249000.0,83175000.0,67828000.0,,67295000.0,21756000.0,45539000.0,0.49,0.48,92817000.0,95190000.0,557846000.0,,79506000.0,,17195000.0,,175656000.0,830802000.0,,46809000.0,1229629000.0,365622000.0,34863000.0,2517058000.0,5572000.0,,281689000.0,457016000.0,,105042000.0,,107533000.0,,881547000.0,11804000.0,1820893000.0,2517058000.0,,7802000.0,1789000.0,-5632000.0,,,-5365000.0,,28916000.0,926000.0,83597000.0,,,,,,4743000.0,,,-4744000.0,,3872000.0,2402000.0,86018000.0,
2012-06-30,380361000.0,69079000.0,311282000.0,64916000.0,94229000.0,172320000.0,138962000.0,,138554000.0,42753000.0,95801000.0,1.03,1.01,92722000.0,95059000.0,551484000.0,,83935000.0,,18026000.0,,187240000.0,841153000.0,,51659000.0,1228068000.0,348723000.0,31942000.0,2513222000.0,3892000.0,,293563000.0,463917000.0,,94959000.0,,106923000.0,,931809000.0,7324000.0,1820849000.0,2513222000.0,,15826000.0,-5896000.0,-355000.0,,,-5490000.0,,36115000.0,7908000.0,158466000.0,,,,,,14330000.0,,,-14254000.0,,5943000.0,-62112000.0,79656000.0,
2012-09-30,577270000.0,102835000.0,474435000.0,98422000.0,143424000.0,261821000.0,212614000.0,,211993000.0,64573000.0,147420000.0,1.59,1.55,92631000.0,94958000.0,554887000.0,,77861000.0,,21392000.0,,171237000.0,825831000.0,,51178000.0,1252706000.0,368980000.0,45813000.0,2558304000.0,4054000.0,,273636000.0,453107000.0,,97169000.0,,111538000.0,,983428000.0,14373000.0,1896490000.0,2558304000.0,,23930000.0,-12679000.0,-10584000.0,,,11336000.0,,13033000.0,9599000.0,228827000.0,,,,,46395000.0,17882000.0,,,-64165000.0,,7901000.0,-83084000.0,83059000.0,
2012-12-31,798018000.0,139516000.0,658502000.0,132628000.0,205178000.0,364249000.0,294253000.0,,293547000.0,90064000.0,203483000.0,2.2,2.14,92622000.0,94954000.0,576703000.0,,96598000.0,,80812000.0,,216268000.0,913359000.0,,52253000.0,1251247000.0,351173000.0,24393000.0,2607417000.0,4924000.0,,305793000.0,477387000.0,,92822000.0,,96917000.0,,1039491000.0,8651000.0,1940291000.0,2607417000.0,,32415000.0,-18896000.0,12401000.0,,,-5027000.0,,47748000.0,-5181000.0,298415000.0,,,,,45075000.0,23977000.0,,,-68956000.0,,13888000.0,-124846000.0,104875000.0,
2013-03-31,197732000.0,36234000.0,161498000.0,36007000.0,50013000.0,91949000.0,69549000.0,,69589000.0,18566000.0,51023000.0,0.55,0.54,92908000.0,95166000.0,650993000.0,,80291000.0,,16030000.0,,183806000.0,931608000.0,,50822000.0,1250038000.0,331938000.0,19594000.0,2599700000.0,3387000.0,,306801000.0,419306000.0,,83652000.0,,90854000.0,,1090514000.0,-274000.0,2005888000.0,2599700000.0,,8787000.0,-885000.0,-15140000.0,,,-139000.0,,34691000.0,2450000.0,95434000.0,,,,,,4087000.0,,,-4117000.0,,4767000.0,-11883000.0,74290000.0,
2013-06-30,412582000.0,72914000.0,339668000.0,74677000.0,105275000.0,191694000.0,147974000.0,,148214000.0,41246000.0,106968000.0,1.15,1.12,92884000.0,95103000.0,659403000.0,,84101000.0,,20473000.0,,151046000.0,915484000.0,,50279000.0,1253971000.0,318294000.0,15851000.0,2576036000.0,3384000.0,,304535000.0,425666000.0,,78958000.0,,67319000.0,,1146459000.0,-5651000.0,1997835000.0,2576036000.0,,17661000.0,-7358000.0,-10676000.0,,,-195000.0,,35200000.0,-10994000.0,182582000.0,,,,,4224000.0,8680000.0,,,-12952000.0,,6728000.0,-79396000.0,82700000.0,
2013-09-30,625240000.0,108083000.0,517157000.0,113559000.0,156620000.0,287546000.0,229611000.0,,229924000.0,60526000.0,169398000.0,1.83,1.78,92770000.0,95265000.0,707334000.0,,79912000.0,,23618000.0,,148652000.0,959956000.0,,54952000.0,1255275000.0,305833000.0,13206000.0,2618279000.0,3349000.0,,285040000.0,386956000.0,,71115000.0,,60688000.0,,1208889000.0,-174000.0,2088298000.0,2618279000.0,,26742000.0,-18184000.0,-15182000.0,,,-193000.0,,1673000.0,-17936000.0,248022000.0,,,,,4224000.0,14147000.0,,,-18421000.0,,8739000.0,-95690000.0,130631000.0,
2013-12-31,861260000.0,146692000.0,714568000.0,151439000.0,218907000.0,392705000.0,321863000.0,,322489000.0,77162000.0,245327000.0,2.65,2.58,92691000.0,95139000.0,742486000.0,,97845000.0,,88301000.0,,200734000.0,1067596000.0,,60538000.0,1255704000.0,291390000.0,10586000.0,2722382000.0,7939000.0,,309775000.0,440431000.0,,66899000.0,,60670000.0,,1284818000.0,-2644000.0,2136246000.0,2722382000.0,,35298000.0,-24025000.0,2983000.0,,,462000.0,,42105000.0,-17996000.0,332983000.0,,,,,4224000.0,28848000.0,,,-33177000.0,,9971000.0,-129759000.0,165783000.0,
2014-03-31,215271000.0,37745000.0,177526000.0,40120000.0,53550000.0,98464000.0,79062000.0,,79457000.0,22915000.0,56542000.0,0.61,0.6,92483000.0,94949000.0,857684000.0,,83418000.0,,21468000.0,,169133000.0,1132262000.0,,59631000.0,1262965000.0,286803000.0,8190000.0,2793229000.0,5272000.0,,332143000.0,441747000.0,,58163000.0,,60819000.0,,1341360000.0,-1713000.0,2208120000.0,2793229000.0,,7465000.0,356000.0,-15338000.0,,,46000.0,,21732000.0,191000.0,131639000.0,,,,,18398000.0,4092000.0,,,-22533000.0,,3465000.0,5501000.0,115198000.0,
2014-06-30,447646000.0,76423000.0,371223000.0,82218000.0,115830000.0,208629000.0,162594000.0,,163339000.0,43761000.0,119578000.0,1.29,1.26,92398000.0,94644000.0,782915000.0,,88544000.0,,24333000.0,,168221000.0,1064657000.0,,62487000.0,1317189000.0,298205000.0,5703000.0,2799196000.0,4551000.0,,334370000.0,447037000.0,,48506000.0,,54306000.0,,1404396000.0,814000.0,2219816000.0,2799196000.0,,17630000.0,-5969000.0,-11340000.0,,,106000.0,,22727000.0,-6497000.0,211472000.0,,,,,102517000.0,11923000.0,,,-114568000.0,,5845000.0,-58698000.0,40429000.0,
2014-09-30,681646000.0,113617000.0,568029000.0,123251000.0,174002000.0,314627000.0,253402000.0,,254258000.0,69201000.0,185057000.0,2.01,1.96,92224000.0,94397000.0,816805000.0,,83253000.0,,26228000.0,,148069000.0,1075020000.0,,65099000.0,1313754000.0,277514000.0,4074000.0,2789038000.0,3225000.0,,301026000.0,407280000.0,,41171000.0,,52861000.0,,1469875000.0,-18534000.0,2255800000.0,2789038000.0,,27583000.0,-13698000.0,-14093000.0,,,-434000.0,,-2080000.0,-7182000.0,293034000.0,,,,,102517000.0,20628000.0,,,-123314000.0,,9619000.0,-81969000.0,74319000.0,
2014-12-31,936021000.0,153386000.0,782635000.0,165421000.0,246376000.0,435185000.0,347450000.0,,348139000.0,93449000.0,254690000.0,2.77,2.7,92067000.0,94194000.0,788064000.0,,101229000.0,,12050000.0,,192308000.0,1110493000.0,,64643000.0,1312182000.0,259312000.0,6187000.0,2774103000.0,3421000.0,,332664000.0,465099000.0,,37390000.0,,54113000.0,,1539508000.0,-31754000.0,2217501000.0,2774103000.0,,36861000.0,-18859000.0,5554000.0,,,1838000.0,,35548000.0,-5339000.0,385307000.0,,,,,103016000.0,26023000.0,,,-129270000.0,,14531000.0,-185642000.0,45578000.0,
2015-03-31,217781000.0,35888000.0,181893000.0,40009000.0,56749000.0,101835000.0,80058000.0,,81327000.0,25195000.0,56132000.0,0.62,0.61,90059000.0,92140000.0,760394000.0,,80949000.0,,19300000.0,,167856000.0,1029288000.0,,62496000.0,1315045000.0,244777000.0,6346000.0,2681094000.0,3689000.0,,343814000.0,444111000.0,,34908000.0,,50810000.0,,1595640000.0,-49384000.0,2151265000.0,2681094000.0,,7831000.0,7116000.0,-18407000.0,,,238000.0,,19734000.0,-2487000.0,114120000.0,,,,,10477000.0,3622000.0,,67000.0,-14166000.0,,2582000.0,-111523000.0,-27670000.0,
2015-06-30,453266000.0,73673000.0,379593000.0,82655000.0,120273000.0,213040000.0,166553000.0,,168586000.0,50119000.0,118467000.0,1.32,1.29,89962000.0,91933000.0,840354000.0,,87960000.0,,22285000.0,,158940000.0,1110355000.0,,60664000.0,1312121000.0,232849000.0,6079000.0,2746030000.0,4786000.0,,337420000.0,430310000.0,,29121000.0,,45294000.0,,1657975000.0,-44512000.0,2241305000.0,2746030000.0,,16861000.0,3275000.0,-11252000.0,,,-15000.0,,10839000.0,-8342000.0,180532000.0,,,,,10376000.0,7682000.0,,111000.0,-18169000.0,,5703000.0,-98903000.0,52290000.0,
2015-09-30,691106000.0,110254000.0,580852000.0,127439000.0,181640000.0,324116000.0,256736000.0,,258965000.0,74465000.0,184500000.0,2.05,2.01,89873000.0,91820000.0,776239000.0,,91470000.0,,28711000.0,,148160000.0,1045264000.0,,58590000.0,1334509000.0,233262000.0,5665000.0,2701566000.0,3220000.0,,319705000.0,411957000.0,,29396000.0,,48617000.0,,1724008000.0,-46366000.0,2211596000.0,2701566000.0,,25731000.0,-7301000.0,-6707000.0,,,-396000.0,,-6557000.0,-4788000.0,258327000.0,,,,,40892000.0,10765000.0,,2000.0,-51659000.0,,6366000.0,-205438000.0,-11825000.0,
2015-12-31,942753000.0,147246000.0,795507000.0,168831000.0,253603000.0,441828000.0,353679000.0,,356765000.0,104244000.0,252521000.0,2.82,2.76,89561000.0,91502000.0,784168000.0,,91579000.0,,30805000.0,,200233000.0,1076426000.0,,61924000.0,1332348000.0,220553000.0,5757000.0,2729904000.0,4865000.0,,364644000.0,484146000.0,,2091000.0,,49240000.0,,1792029000.0,-52164000.0,2194427000.0,2729904000.0,,33951000.0,-15196000.0,-6044000.0,,,-273000.0,,40566000.0,-3962000.0,367523000.0,,,,,46117000.0,16145000.0,,-230000.0,-62032000.0,,8176000.0,-291751000.0,-3896000.0,
2016-03-31,225906000.0,35285000.0,190621000.0,44672000.0,57769000.0,105599000.0,85022000.0,,85778000.0,29310000.0,56468000.0,0.64,0.63,88114000.0,90084000.0,863435000.0,,82498000.0,,,,172304000.0,1118679000.0,,60151000.0,1334129000.0,209677000.0,5966000.0,2758828000.0,4302000.0,,375140000.0,474824000.0,,6571000.0,,43530000.0,,1848497000.0,-41093000.0,2233903000.0,2758828000.0,,7078000.0,8676000.0,-9860000.0,,,92000.0,,5387000.0,-6142000.0,108575000.0,,,,,0.0,2695000.0,,-4000.0,-2691000.0,,2148000.0,-36201000.0,79267000.0,
2016-06-30,471975000.0,72296000.0,399679000.0,92115000.0,122028000.0,220502000.0,179177000.0,,181256000.0,55160000.0,126096000.0,1.43,1.41,87876000.0,89694000.0,843355000.0,,85506000.0,,,,180471000.0,1109742000.0,,58095000.0,1333397000.0,196933000.0,16926000.0,2747661000.0,4218000.0,,375802000.0,467710000.0,,2160000.0,,41931000.0,,1918125000.0,-39941000.0,2235860000.0,2747661000.0,,15612000.0,3382000.0,-6121000.0,,,705000.0,,5245000.0,-7641000.0,178604000.0,,,,,0.0,6068000.0,,10256000.0,-16324000.0,,3768000.0,-113626000.0,59187000.0,
2016-09-30,717837000.0,107882000.0,609955000.0,137533000.0,183565000.0,330679000.0,279276000.0,,282249000.0,86596000.0,195653000.0,2.23,2.19,87570000.0,89355000.0,837916000.0,,85273000.0,,,,176606000.0,1100151000.0,,55628000.0,1333531000.0,184768000.0,17271000.0,2730357000.0,3996000.0,,359979000.0,454437000.0,,1661000.0,,44494000.0,,1987682000.0,-37897000.0,2229765000.0,2730357000.0,,24564000.0,-3102000.0,-6601000.0,,,80000.0,,-12178000.0,-5285000.0,260593000.0,,,,,0.0,8219000.0,,11355000.0,-19574000.0,,6178000.0,-199856000.0,53748000.0,
2016-12-31,988465000.0,146860000.0,841605000.0,183093000.0,269515000.0,465363000.0,376242000.0,,380315000.0,114679000.0,265636000.0,3.05,2.99,87227000.0,88969000.0,822479000.0,,107192000.0,,40068000.0,,239349000.0,1169401000.0,,54677000.0,1337215000.0,172619000.0,24287000.0,2800526000.0,7395000.0,,403279000.0,539100000.0,,2259000.0,,50762000.0,,2057665000.0,-57652000.0,2208405000.0,2800526000.0,,33347000.0,-10921000.0,17388000.0,,,7167000.0,,41430000.0,1830000.0,356827000.0,,,,,7891000.0,12443000.0,,11839000.0,-32173000.0,,9153000.0,-279477000.0,38311000.0,
2017-03-31,253405000.0,37031000.0,216374000.0,54378000.0,73417000.0,130902000.0,85472000.0,,85567000.0,22261000.0,63306000.0,0.74,0.73,85456000.0,87224000.0,866188000.0,,92332000.0,,34486000.0,,223181000.0,1182069000.0,,54513000.0,1340391000.0,164112000.0,19122000.0,2794693000.0,4839000.0,,414708000.0,528726000.0,,,,52295000.0,,2120971000.0,-50083000.0,2211445000.0,2794693000.0,,10513000.0,9291000.0,-15060000.0,,,-6046000.0,,7176000.0,1062000.0,125893000.0,,,,,5864000.0,4057000.0,,964000.0,-10885000.0,,,-78334000.0,43709000.0,
2017-06-30,517329000.0,73369000.0,443960000.0,103380000.0,150468000.0,260094000.0,183866000.0,,185439000.0,52403000.0,133036000.0,1.56,1.53,85311000.0,87060000.0,857996000.0,,83223000.0,,39109000.0,,198975000.0,1145680000.0,,53930000.0,1342968000.0,153639000.0,25639000.0,2760965000.0,5245000.0,,411646000.0,514787000.0,,,,54487000.0,,2190701000.0,-43576000.0,2189415000.0,2760965000.0,,24635000.0,4691000.0,-24895000.0,,,-5194000.0,,-1710000.0,2722000.0,238075000.0,,,,,5864000.0,7502000.0,,11884000.0,-25250000.0,,,-190702000.0,35517000.0,
2017-09-30,792914000.0,109352000.0,683562000.0,153524000.0,230483000.0,393513000.0,290049000.0,,293364000.0,86698000.0,206666000.0,2.43,2.38,85132000.0,86902000.0,919571000.0,,91356000.0,,45106000.0,,183683000.0,1201674000.0,,57160000.0,1353444000.0,154996000.0,33633000.0,2846013000.0,4257000.0,,381727000.0,496352000.0,,,,60614000.0,,2264331000.0,-39427000.0,2287254000.0,2846013000.0,,39408000.0,-4217000.0,-17899000.0,,,-4495000.0,,-35502000.0,8478000.0,326960000.0,,,,,25998000.0,14815000.0,,20810000.0,-61623000.0,,,-185374000.0,97092000.0,
2017-12-31,1095250000.0,150164000.0,945086000.0,202746000.0,338640000.0,554358000.0,390728000.0,,395694000.0,136443000.0,259251000.0,3.05,2.98,84988000.0,86854000.0,881501000.0,,124659000.0,,40650000.0,,263820000.0,1270266000.0,,57096000.0,1378553000.0,157625000.0,35972000.0,2941623000.0,6042000.0,,440491000.0,608553000.0,,,14500000.0,85778000.0,,2316916000.0,-37844000.0,2245831000.0,2941623000.0,,53154000.0,-2693000.0,14406000.0,,,-2343000.0,,20648000.0,33206000.0,430438000.0,,,,,63885000.0,19149000.0,,14409000.0,-97443000.0,,,-294651000.0,59022000.0,
2018-03-31,282873000.0,39038000.0,243835000.0,57530000.0,87809000.0,148774000.0,95061000.0,,97038000.0,12758000.0,84280000.0,1.0,0.98,83931000.0,86152000.0,885493000.0,,256560000.0,,,,181001000.0,1327329000.0,,55806000.0,1379458000.0,146396000.0,34731000.0,2959166000.0,7259000.0,,311718000.0,442092000.0,,,15800000.0,80865000.0,,2584328000.0,-29601000.0,2407360000.0,2959166000.0,,15269000.0,-3245000.0,-22507000.0,,,-1189000.0,,31704000.0,-583000.0,132421000.0,,,,,0.0,2933000.0,,4303000.0,-7236000.0,,,-129405000.0,3992000.0,
2018-06-30,588786000.0,79488000.0,509298000.0,115887000.0,182867000.0,305684000.0,203614000.0,,206760000.0,29884000.0,176876000.0,2.11,2.06,84105000.0,86069000.0,695894000.0,,258280000.0,,,,188542000.0,1142985000.0,,56501000.0,1575276000.0,229654000.0,39101000.0,3058250000.0,7598000.0,,306879000.0,435001000.0,,,14300000.0,76998000.0,,2676924000.0,-55789000.0,2507479000.0,3058250000.0,,35904000.0,-11943000.0,-27524000.0,,,-2314000.0,,33138000.0,-4782000.0,243542000.0,,,,,283026000.0,6751000.0,,5476000.0,-295253000.0,,,-121209000.0,-185607000.0,
2018-09-30,878204000.0,115796000.0,762408000.0,174906000.0,280443000.0,465770000.0,296638000.0,,302023000.0,35811000.0,266212000.0,3.17,3.09,84158000.0,86060000.0,729180000.0,,235547000.0,,,,162629000.0,1127567000.0,,57902000.0,1575567000.0,219564000.0,53226000.0,3056111000.0,6767000.0,,272872000.0,415439000.0,,,1200000.0,62171000.0,,2766259000.0,-60891000.0,2548546000.0,3056111000.0,,58887000.0,-28175000.0,-32356000.0,,,-2458000.0,,1175000.0,-19562000.0,353503000.0,,,,,283026000.0,13077000.0,,5510000.0,-301613000.0,,,-187283000.0,-152321000.0,
2018-12-31,1293636000.0,155885000.0,1137751000.0,233802000.0,413580000.0,661177000.0,476574000.0,,487085000.0,67710000.0,419375000.0,4.99,4.88,83973000.0,85913000.0,777139000.0,,317700000.0,,81021000.0,,216113000.0,1311177000.0,,61655000.0,1572455000.0,211272000.0,82775000.0,3265964000.0,7953000.0,,328584000.0,524767000.0,,30077000.0,1300000.0,61573000.0,,2919411000.0,-62379000.0,2649547000.0,3265964000.0,,83346000.0,-33675000.0,74455000.0,,,-3288000.0,,56213000.0,-19662000.0,486437000.0,,,,,283026000.0,21762000.0,,8892000.0,-313680000.0,,,-262675000.0,-104362000.0,
2019-03-31,317130000.0,34815000.0,282315000.0,70738000.0,112169000.0,186666000.0,95649000.0,,98666000.0,12436000.0,86230000.0,1.03,1.01,83764000.0,85493000.0,607391000.0,,268526000.0,,,,186657000.0,1062811000.0,,63301000.0,1748228000.0,278327000.0,97699000.0,3372263000.0,11502000.0,,330890000.0,503410000.0,,38370000.0,,58843000.0,,3005641000.0,-69937000.0,2684381000.0,3372263000.0,,23800000.0,-1387000.0,-43983000.0,,,2516000.0,,2235000.0,-460000.0,151578000.0,,,,,244323000.0,6900000.0,,460000.0,-251683000.0,,,-69091000.0,-169748000.0,
2019-06-30,685765000.0,75312000.0,610453000.0,146040000.0,232581000.0,386176000.0,224277000.0,,228607000.0,32627000.0,195980000.0,2.34,2.29,83978000.0,85488000.0,631455000.0,,297798000.0,,,,203851000.0,1133345000.0,,68294000.0,1775734000.0,282070000.0,124384000.0,3512842000.0,9865000.0,97048000.0,321060000.0,505666000.0,,,,62988000.0,,3115391000.0,-69379000.0,2817286000.0,3512842000.0,,52922000.0,-6238000.0,2949000.0,,,,,-10341000.0,,240117000.0,,,,,285323000.0,16946000.0,,9008000.0,-311277000.0,,,-75558000.0,-145684000.0,
2019-09-30,1029664000.0,116677000.0,912987000.0,219058000.0,353263000.0,583663000.0,329324000.0,,337436000.0,51993000.0,285443000.0,3.4,3.34,84109000.0,85733000.0,732684000.0,,295590000.0,,,,177734000.0,1206226000.0,,70295000.0,1771862000.0,267378000.0,134757000.0,3582012000.0,8172000.0,,291385000.0,473830000.0,,,,62484000.0,,3204854000.0,-90141000.0,2923324000.0,3582012000.0,,84784000.0,-13221000.0,12610000.0,,,,,-35807000.0,,360485000.0,,,,,294987000.0,25781000.0,,12680000.0,-333448000.0,,,-70036000.0,-44455000.0,
2019-12-31,1515892000.0,166273000.0,1349619000.0,298210000.0,521200000.0,834579000.0,515040000.0,,522583000.0,71288000.0,451295000.0,5.36,5.25,84259000.0,85925000.0,872094000.0,,433479000.0,,109195000.0,,249619000.0,1555480000.0,,83636000.0,2413280000.0,476711000.0,180032000.0,4838887000.0,14298000.0,106549000.0,351353000.0,695140000.0,,,,96426000.0,,3370706000.0,-65381000.0,3453379000.0,4838887000.0,,116190000.0,-14511000.0,154403000.0,,,,,17245000.0,,499936000.0,,,,,787196000.0,44940000.0,,1412000.0,-833548000.0,,,429409000.0,94955000.0,
2020-03-31,304985000.0,50116000.0,254869000.0,86112000.0,130522000.0,220796000.0,34073000.0,,33324000.0,-12740000.0,46064000.0,0.54,0.53,85798000.0,87369000.0,717748000.0,,337105000.0,,,,235565000.0,1290700000.0,,82471000.0,2398684000.0,458136000.0,152521000.0,4526085000.0,12571000.0,61254000.0,352964000.0,537142000.0,,,,96173000.0,,3416770000.0,-89673000.0,3292350000.0,4526085000.0,,30941000.0,-5442000.0,-117830000.0,,,,,4784000.0,,147412000.0,,,,,2348000.0,6987000.0,,264000.0,-9599000.0,,,-288738000.0,-154346000.0,
2020-06-30,690646000.0,103976000.0,586670000.0,172245000.0,259220000.0,439790000.0,146880000.0,,145909000.0,16021000.0,142628000.0,1.66,1.64,85724000.0,87152000.0,744546000.0,,343247000.0,,,,206038000.0,1294264000.0,,88792000.0,2474299000.0,481694000.0,191326000.0,4671866000.0,10505000.0,89415000.0,325098000.0,543806000.0,,,,96083000.0,,3513334000.0,-79385000.0,3438048000.0,4671866000.0,,65071000.0,-15684000.0,-79444000.0,,,,,-25678000.0,,279004000.0,,,,,100194000.0,16967000.0,,2405000.0,-119566000.0,,,-285551000.0,-127548000.0,
2020-09-30,1057611000.0,157361000.0,900250000.0,258861000.0,391862000.0,663285000.0,236965000.0,,236053000.0,17798000.0,218255000.0,2.55,2.5,85798000.0,87224000.0,844741000.0,,371352000.0,,,,242160000.0,1458721000.0,,90299000.0,2491590000.0,474785000.0,189227000.0,4846295000.0,10578000.0,86176000.0,326491000.0,561847000.0,,,,105406000.0,,3588961000.0,-51337000.0,3589613000.0,4846295000.0,,103256000.0,-22627000.0,-62184000.0,,,,,-29978000.0,,373543000.0,,,,,100194000.0,24195000.0,,6201000.0,-130590000.0,,,-275846000.0,-27353000.0,
2020-12-31,1681297000.0,225264000.0,1456033000.0,355371000.0,587707000.0,959677000.0,496356000.0,,493925000.0,60038000.0,433887000.0,5.05,4.97,85840000.0,87288000.0,912672000.0,,537564000.0,,143445000.0,,268522000.0,1719237000.0,,96503000.0,3038306000.0,694865000.0,225119000.0,5940590000.0,18691000.0,154310000.0,372061000.0,728825000.0,,,,84514000.0,,3804593000.0,-17775000.0,4097872000.0,5940590000.0,,145615000.0,-30932000.0,160319000.0,,,,,5448000.0,,547310000.0,,,,,572328000.0,35370000.0,,6555000.0,-614253000.0,,,96597000.0,40578000.0,
2021-03-31,363226000.0,62103000.0,301123000.0,100479000.0,146215000.0,251101000.0,50022000.0,,47623000.0,-24775000.0,72398000.0,0.83,0.82,86808000.0,87986000.0,987427000.0,,394289000.0,,,,278720000.0,1660952000.0,,93207000.0,3036783000.0,677357000.0,201675000.0,5818028000.0,16970000.0,95665000.0,366596000.0,624047000.0,,,,76822000.0,,3876991000.0,-37039000.0,4111969000.0,5818028000.0,,35119000.0,-3564000.0,-159038000.0,,,,,1204000.0,,171107000.0,,,,,10783000.0,5045000.0,,35000.0,-15863000.0,,,-74208000.0,74755000.0,
2021-06-30,809880000.0,126261000.0,683619000.0,201358000.0,306625000.0,516824000.0,166795000.0,,176483000.0,35144000.0,166114000.0,1.91,1.89,87168000.0,88053000.0,957704000.0,,449664000.0,,,,214492000.0,1622364000.0,,91872000.0,3110736000.0,689398000.0,228207000.0,5890772000.0,9608000.0,119568000.0,338396000.0,595385000.0,,,,79986000.0,,3970707000.0,-32822000.0,4250218000.0,5890772000.0,,78004000.0,-9110000.0,-92170000.0,,,,,-28792000.0,,289984000.0,,,,,105192000.0,10835000.0,,297000.0,-116324000.0,,,-122103000.0,45032000.0,
2021-09-30,1251048000.0,189007000.0,1062041000.0,303381000.0,471993000.0,787618000.0,274423000.0,,280381000.0,28925000.0,251456000.0,2.89,2.86,87239000.0,88169000.0,1080838000.0,,475829000.0,,,,199491000.0,1756685000.0,,90793000.0,3101623000.0,667268000.0,215259000.0,5974752000.0,12590000.0,113729000.0,318032000.0,600431000.0,,,,94218000.0,,4056049000.0,-49126000.0,4339244000.0,5974752000.0,,122148000.0,-22459000.0,-86098000.0,,,,,-46467000.0,,447829000.0,,,,,105141000.0,18133000.0,,382000.0,-123656000.0,,,-146865000.0,168166000.0,
2021-12-31,1906715000.0,257984000.0,1648731000.0,404870000.0,715377000.0,1135460000.0,513271000.0,,515354000.0,60727000.0,454627000.0,5.22,5.16,87100000.0,88102000.0,667667000.0,,645891000.0,,147862000.0,,324655000.0,1638574000.0,,87914000.0,3409271000.0,763119000.0,279676000.0,6324314000.0,10863000.0,151879000.0,391528000.0,778492000.0,,,,98272000.0,,4259220000.0,-56112000.0,4484048000.0,6324314000.0,,166338000.0,-34490000.0,149017000.0,,,,,26547000.0,,549482000.0,,,,,510805000.0,23018000.0,,2990000.0,-536813000.0,,,-245852000.0,-245005000.0,
2022-03-31,425077000.0,64760000.0,360317000.0,105274000.0,169755000.0,279154000.0,81163000.0,,78029000.0,7041000.0,70988000.0,0.81,0.81,87122000.0,87750000.0,657421000.0,,513738000.0,,,,278375000.0,1449878000.0,,84678000.0,3399897000.0,739059000.0,227383000.0,6053183000.0,17102000.0,79317000.0,386019000.0,634620000.0,,,,96360000.0,,4330208000.0,-78204000.0,4363951000.0,6053183000.0,,35651000.0,-861000.0,-180259000.0,,,,,455000.0,,210936000.0,,,,,4915000.0,5062000.0,,-13000.0,-9964000.0,,,-204645000.0,-10246000.0,
2022-06-30,898927000.0,127247000.0,771680000.0,214215000.0,340138000.0,562507000.0,209173000.0,,200923000.0,31135000.0,169788000.0,1.95,1.94,87062000.0,87535000.0,517303000.0,,566829000.0,,,,242761000.0,1327225000.0,,81154000.0,3566968000.0,771257000.0,226341000.0,6118580000.0,17304000.0,104390000.0,360910000.0,624699000.0,,,,103280000.0,,4429008000.0,-126847000.0,4452755000.0,6118580000.0,,75149000.0,-35304000.0,-110044000.0,,,,,-12914000.0,,329880000.0,,,,,241630000.0,10059000.0,,-85000.0,-251604000.0,,,-207601000.0,-150364000.0,
2022-09-30,1371438000.0,189214000.0,1182224000.0,322271000.0,515421000.0,849667000.0,332557000.0,,318904000.0,53141000.0,265763000.0,3.05,3.04,87063000.0,87496000.0,632509000.0,,602607000.0,,,,214566000.0,1449876000.0,,77748000.0,3532459000.0,739202000.0,214648000.0,6161640000.0,17353000.0,96868000.0,334901000.0,609690000.0,,,,96707000.0,,4524983000.0,-188483000.0,4543685000.0,6161640000.0,,122119000.0,-63560000.0,-66369000.0,,,,,-28203000.0,,457031000.0,,,,,242613000.0,15227000.0,,782000.0,-258622000.0,,,-197978000.0,-35158000.0,
2022-12-31,2065553000.0,250641000.0,1814912000.0,433661000.0,772871000.0,1222254000.0,592658000.0,,575315000.0,51605000.0,523710000.0,6.02,5.99,87051000.0,87490000.0,614391000.0,,760287000.0,,26389000.0,,289261000.0,1664122000.0,,80838000.0,3658267000.0,809183000.0,261880000.0,6687945000.0,14021000.0,156408000.0,413989000.0,794836000.0,,,,102756000.0,,4782930000.0,-122722000.0,4865851000.0,6687945000.0,,168128000.0,-130716000.0,114986000.0,,,,,33003000.0,,631003000.0,,,,,386264000.0,24370000.0,,734000.0,-411368000.0,,,-245508000.0,-53276000.0,
2023-03-31,509447000.0,67652000.0,441795000.0,120335000.0,188584000.0,314100000.0,127695000.0,,120838000.0,20216000.0,100622000.0,1.16,1.15,86930000.0,87431000.0,507689000.0,,653763000.0,,,,222459000.0,1384076000.0,,80825000.0,3737195000.0,870544000.0,196305000.0,6480934000.0,21938000.0,83860000.0,396331000.0,650915000.0,,,,100219000.0,,4883552000.0,-109438000.0,4782162000.0,6480934000.0,,44171000.0,-2915000.0,-185385000.0,,,,,-25879000.0,,260766000.0,,,,,120584000.0,6892000.0,,914000.0,-128390000.0,,,-240828000.0,-106702000.0,
2023-06-30,1006046000.0,135992000.0,870054000.0,245358000.0,390726000.0,646735000.0,223319000.0,,204821000.0,34673000.0,170148000.0,1.96,1.95,86813000.0,87312000.0,477875000.0,,692849000.0,,,,243374000.0,1414235000.0,,78539000.0,3792116000.0,884018000.0,199943000.0,6605252000.0,14166000.0,110479000.0,374407000.0,643837000.0,,,,106237000.0,,4953078000.0,-101435000.0,4914412000.0,6605252000.0,,100472000.0,-36764000.0,-133435000.0,,,,,-45371000.0,,323632000.0,,,,,197786000.0,12037000.0,,5804000.0,-215627000.0,,,-244021000.0,-136516000.0,
2023-09-30,1464841000.0,201249000.0,1263592000.0,368581000.0,585278000.0,970457000.0,293135000.0,,267366000.0,41716000.0,225650000.0,2.6,2.58,86817000.0,87381000.0,639342000.0,,673973000.0,,,,229013000.0,1542499000.0,,75431000.0,3769321000.0,849205000.0,174289000.0,6673520000.0,14801000.0,105316000.0,349668000.0,634431000.0,,,,108046000.0,,5008580000.0,-134269000.0,5006800000.0,6673520000.0,,158533000.0,-74426000.0,-168958000.0,,,,,-65242000.0,,484400000.0,,,,,197786000.0,16541000.0,,5839000.0,-220166000.0,,,-232600000.0,24951000.0,
2023-12-31,2269949000.0,271298000.0,1998651000.0,494869000.0,855135000.0,1372516000.0,626135000.0,,592138000.0,91726000.0,500412000.0,5.76,5.73,86833000.0,87386000.0,860201000.0,,864526000.0,,88926000.0,,324651000.0,2049567000.0,,77780000.0,3805874000.0,835417000.0,273030000.0,7322875000.0,22772000.0,172544000.0,457514000.0,889294000.0,,,,113520000.0,,5283342000.0,-90271000.0,5390364000.0,7322875000.0,,221891000.0,-91306000.0,102516000.0,,,,,34507000.0,,717122000.0,,,,,208911000.0,25318000.0,,5813000.0,-240042000.0,,,-231319000.0,245810000.0,
2024-03-31,466605000.0,68667000.0,397938000.0,128811000.0,219643000.0,354599000.0,43339000.0,,40958000.0,6180000.0,34778000.0,0.4,0.4,87067000.0,87780000.0,,,650044000.0,,,,260518000.0,1981171000.0,,80930000.0,3797859000.0,806375000.0,210165000.0,7150414000.0,27899000.0,106034000.0,433167000.0,706574000.0,,,,111815000.0,,5318120000.0,-112295000.0,5409643000.0,7150414000.0,,58664000.0,-2340000.0,-264474000.0,,,,,-17714000.0,,282817000.0,,,,,0.0,10543000.0,,3953000.0,-34436000.0,,,-54643000.0,190308000.0,
2024-06-30,1060743000.0,138022000.0,922721000.0,261435000.0,448266000.0,721966000.0,200755000.0,,197490000.0,32678000.0,164812000.0,1.89,1.88,87332000.0,87779000.0,,,724125000.0,,,,248427000.0,2091824000.0,,86294000.0,3793510000.0,776461000.0,272662000.0,7319615000.0,24993000.0,132846000.0,423848000.0,708742000.0,,,,118866000.0,,5448154000.0,-120713000.0,5586503000.0,7319615000.0,,125554000.0,-42584000.0,-114807000.0,,,,,-22686000.0,,363530000.0,,,,,1586000.0,23836000.0,,3854000.0,-49375000.0,,,-69183000.0,238757000.0,
2024-09-30,1662635000.0,207131000.0,1455504000.0,393755000.0,681331000.0,1093211000.0,362293000.0,,358745000.0,65741000.0,293004000.0,3.36,3.34,87399000.0,87885000.0,,,782674000.0,,,,270135000.0,2348078000.0,,87134000.0,3818560000.0,756712000.0,276551000.0,7608073000.0,16394000.0,,427188000.0,754490000.0,,,,126145000.0,,5576346000.0,-71638000.0,5828776000.0,7608073000.0,,197884000.0,-72395000.0,-66649000.0,,,,,-30379000.0,,537767000.0,,,,,1586000.0,32261000.0,,3438000.0,-86030000.0,,,-76470000.0,385856000.0,
,,,,,,,,,,,,,,,,,,,,,,,,,,,,,,,,,,,,,,,,,,,,,,,,,,,,,,,,,,,,,,,,,,,
,,,,,,,,,,,,,,,,,,,,,,,,,,,,,,,,,,,,,,,,,,,,,,,,,,,,,,,,,,,,,,,,,,,
