Date,Net sales,Cost of sales,Gross margin,Research and development,"Selling, general and administrative",Total operating expenses,Operating income,"Other income/(expense), net",Income before provision for income taxes,Provision for income taxes,Net income,Earnings per share basic,Earnings per share diluted,Weighted-average basic,Weighted-average diluted,Cash and cash equivalents,Short-term marketable securities,"Accounts receivable, net",Inventories,Deferred tax assets,Vendor non-trade receivables,Other current assets,Total current assets,Long-term marketable securities,"Property, Plant and Equipment, Net",Goodwill,"Acquired intangible assets, net","Other Assets, Noncurrent",Total assets,accounts payable,Accrued expenses,Deferred revenue,Total current liabilities,Deferred revenue - non-current,deferred tax liabilities,long term taxes payable,Total other non-current liabilities,Total liabilities,Retained Earnings (Accumulated Deficit),Accumulated other comprehensive (loss)/income,Total shareholders equity,Total liabilities and shareholders' equity,"Depreciation, amortization and accretion",Stock-based compensation expense,Deferred income tax expense,"Increase (Decrease) in Accounts receivable, net",Increase (Decrease) in Inventories,Increase (Decrease) in Other Receivables,Increase (Decrease) in Other Operating Assets,Increase (Decrease) in Accounts Payable,Increase (Decrease) in Deferred Revenue,Increase (Decrease) Other liabilities,Cash generated by operating activities,Purchases of marketable securities,Proceeds from maturities of marketable securities,Proceeds from sales of marketable securities,Purchases of other long-term investments,"Business acquisitions, net of cash acquired",Cash payments for capital asset purchases,Payments for acquisition of intangible assets,Payments for (Proceeds from) Other Investing Activities,Cash used in investing activities,Proceeds from issuance of common stock,Excess tax benefits from stock-based compensation,Cash generated/used in financing activities,Increase/(decrease) in cash and cash equivalents,"Cash paid for income taxes, net"
2009-12-31,7595000000.0,,,,,6574000000.0,1021000000.0,,,268000000.0,747000000.0,2.64,2.57,283200000.0,291100000.0,217000000.0,,2052000000.0,,,,463000000.0,13989000000.0,,461000000.0,6078000000.0,791000000.0,439000000.0,22958000000.0,,260000000.0,,12640000000.0,,129000000.0,,871000000.0,17527000000.0,7335000000.0,-1675000000.0,5379000000.0,22958000000.0,,209000000.0,,63000000.0,,,,,,,375000000.0,,,,158000000.0,274000000.0,140000000.0,,,-139000000.0,,,-617000000.0,-365000000.0,182000000.0
2010-03-31,1904000000.0,,,,,1631000000.0,273000000.0,,,61000000.0,178000000.0,0.65,0.63,275900000.0,283400000.0,422000000.0,,1983000000.0,,,,462000000.0,14268000000.0,,452000000.0,5887000000.0,770000000.0,1274000000.0,22959000000.0,,334000000.0,,12776000000.0,,,,943000000.0,17502000000.0,7500000000.0,-1871000000.0,5402000000.0,22959000000.0,,66000000.0,,-45000000.0,,,,,,,464000000.0,,,,10000000.0,47000000.0,33000000.0,,,-323000000.0,,,17000000.0,205000000.0,10000000.0
2010-06-30,3802000000.0,,,,,3261000000.0,541000000.0,,,121000000.0,331000000.0,1.19,1.18,278400000.0,282600000.0,260000000.0,,1994000000.0,,,,543000000.0,15497000000.0,14000000.0,450000000.0,5710000000.0,753000000.0,1245000000.0,23956000000.0,,350000000.0,,14138000000.0,,,,1023000000.0,18478000000.0,7605000000.0,-1961000000.0,5428000000.0,23956000000.0,,123000000.0,,-2000000.0,,,,,,,872000000.0,,,,15000000.0,65000000.0,71000000.0,,,-776000000.0,,,-103000000.0,43000000.0,63000000.0
2010-09-30,5603000000.0,,,,,4799000000.0,804000000.0,,,182000000.0,475000000.0,1.71,1.68,278700000.0,282200000.0,335000000.0,,2086000000.0,,,,532000000.0,14612000000.0,15000000.0,468000000.0,5976000000.0,754000000.0,1247000000.0,23358000000.0,,383000000.0,,11819000000.0,,,,876000000.0,17514000000.0,7700000000.0,-1741000000.0,5792000000.0,23358000000.0,,166000000.0,,40000000.0,,,,,,,773000000.0,,,,17000000.0,90000000.0,115000000.0,,,-2288000000.0,,,1599000000.0,118000000.0,153000000.0
2010-12-31,8512000000.0,,,,,7286000000.0,1226000000.0,,,300000000.0,706000000.0,2.41,2.37,293400000.0,298100000.0,346000000.0,,2701000000.0,,-267000000.0,,624000000.0,14519000000.0,15000000.0,781000000.0,8647000000.0,3611000000.0,807000000.0,28982000000.0,,584000000.0,,12949000000.0,,663000000.0,,1154000000.0,20676000000.0,7861000000.0,-1917000000.0,8251000000.0,28982000000.0,,221000000.0,72000000.0,69000000.0,,,,,,,787000000.0,,,,34000000.0,2048000000.0,180000000.0,,,-2558000000.0,,,1838000000.0,129000000.0,192000000.0
2011-03-31,2759000000.0,,,,,2363000000.0,396000000.0,,,103000000.0,246000000.0,0.72,0.71,339400000.0,345400000.0,682000000.0,,2650000000.0,,,,681000000.0,15211000000.0,16000000.0,791000000.0,8895000000.0,3547000000.0,1040000000.0,29802000000.0,,604000000.0,,13259000000.0,,,,1798000000.0,21315000000.0,8039000000.0,-1714000000.0,8423000000.0,29802000000.0,,74000000.0,,-108000000.0,,,,,,,582000000.0,,,,6000000.0,3000000.0,56000000.0,,,-257000000.0,,,34000000.0,336000000.0,36000000.0
2011-06-30,5570000000.0,,,,,4740000000.0,830000000.0,,,190000000.0,504000000.0,1.49,1.46,338700000.0,344000000.0,300000000.0,,2785000000.0,,,,571000000.0,15931000000.0,15000000.0,798000000.0,8975000000.0,3484000000.0,1059000000.0,30496000000.0,,618000000.0,,13987000000.0,,,,1792000000.0,22031000000.0,8233000000.0,-1698000000.0,8398000000.0,30496000000.0,,121000000.0,,18000000.0,,,,,,,1161000000.0,,,,20000000.0,87000000.0,99000000.0,,,-562000000.0,,,-632000000.0,-46000000.0,14000000.0
2011-09-30,8293000000.0,,,,,7122000000.0,1171000000.0,,,274000000.0,702000000.0,2.08,2.05,336700000.0,341800000.0,295000000.0,,2745000000.0,,,,538000000.0,14500000000.0,15000000.0,773000000.0,8835000000.0,3361000000.0,1022000000.0,28745000000.0,,676000000.0,,12765000000.0,,,,1743000000.0,20466000000.0,8377000000.0,-1900000000.0,8233000000.0,28745000000.0,,179000000.0,,36000000.0,,,,,,,1413000000.0,,,,28000000.0,102000000.0,151000000.0,,,-619000000.0,,,-809000000.0,-51000000.0,74000000.0
2011-12-31,11287000000.0,,,,,9681000000.0,1606000000.0,,,378000000.0,,2.92,2.87,335500000.0,340900000.0,272000000.0,,3183000000.0,,-145000000.0,,427000000.0,15505000000.0,15000000.0,783000000.0,8770000000.0,3276000000.0,721000000.0,29552000000.0,,753000000.0,,13760000000.0,,301000000.0,,1024000000.0,21432000000.0,8594000000.0,-2370000000.0,8078000000.0,29552000000.0,220000000.0,235000000.0,143000000.0,494000000.0,,,,,,,1018000000.0,,,,30000000.0,97000000.0,241000000.0,,,-186000000.0,,,-896000000.0,-74000000.0,77000000.0
2012-03-31,2841000000.0,,,,,2439000000.0,402000000.0,,,97000000.0,,0.72,0.71,332400000.0,336600000.0,323000000.0,,3164000000.0,,,,415000000.0,16207000000.0,15000000.0,808000000.0,8896000000.0,3203000000.0,946000000.0,30271000000.0,,739000000.0,,14252000000.0,,,,1363000000.0,21855000000.0,8770000000.0,-2239000000.0,8358000000.0,30271000000.0,,55000000.0,,-61000000.0,,,,,,,-15000000.0,,,,3000000.0,23000000.0,71000000.0,,,222000000.0,,,-166000000.0,51000000.0,40000000.0
2012-06-30,5662000000.0,,,,,4866000000.0,796000000.0,,,193000000.0,,1.46,1.44,332200000.0,336100000.0,286000000.0,,3075000000.0,,,,443000000.0,17056000000.0,18000000.0,797000000.0,8713000000.0,3106000000.0,935000000.0,30807000000.0,,733000000.0,,15200000000.0,,,,1332000000.0,22597000000.0,6302000000.0,-2432000000.0,8152000000.0,30807000000.0,,105000000.0,,-81000000.0,,,,,,,269000000.0,,,,7000000.0,82000000.0,129000000.0,,,93000000.0,,,-366000000.0,14000000.0,99000000.0
2012-09-30,8399000000.0,,,,,7264000000.0,1135000000.0,,,257000000.0,,2.08,2.06,330600000.0,334400000.0,290000000.0,,2959000000.0,,,,392000000.0,15702000000.0,18000000.0,814000000.0,8856000000.0,3040000000.0,937000000.0,29509000000.0,,801000000.0,,13954000000.0,,,,1326000000.0,21148000000.0,6179000000.0,-2250000000.0,8305000000.0,29509000000.0,,160000000.0,,-240000000.0,,,,,,,867000000.0,,,,9000000.0,97000000.0,201000000.0,,,-68000000.0,,,-796000000.0,18000000.0,139000000.0
2012-12-31,11514000000.0,,,,,9918000000.0,1596000000.0,,,360000000.0,,3.03,2.99,328500000.0,332600000.0,291000000.0,,3101000000.0,,6000000.0,,430000000.0,16382000000.0,20000000.0,820000000.0,8943000000.0,2975000000.0,916000000.0,30486000000.0,,831000000.0,,15350000000.0,,306000000.0,,1036000000.0,22681000000.0,5933000000.0,-2610000000.0,7762000000.0,30486000000.0,232000000.0,212000000.0,-95000000.0,-106000000.0,,,,,,,1419000000.0,,,,12000000.0,160000000.0,269000000.0,,,177000000.0,,,-1586000000.0,19000000.0,238000000.0
2013-03-31,2915000000.0,,,,,2505000000.0,410000000.0,,,96000000.0,,,,316400000.0,320000000.0,408000000.0,,2884000000.0,,,,389000000.0,16257000000.0,19000000.0,816000000.0,8786000000.0,2844000000.0,1174000000.0,30029000000.0,,795000000.0,,15261000000.0,,,,1338000000.0,22396000000.0,5844000000.0,-2775000000.0,7579000000.0,30029000000.0,,69000000.0,,-174000000.0,,,,,,,54000000.0,,,,3000000.0,2000000.0,60000000.0,,,-62000000.0,,,120000000.0,117000000.0,148000000.0
2013-06-30,5812000000.0,,,,,5020000000.0,792000000.0,,,186000000.0,,1.59,1.58,315000000.0,318600000.0,266000000.0,,2838000000.0,,,,406000000.0,16393000000.0,25000000.0,808000000.0,8795000000.0,2736000000.0,1158000000.0,30062000000.0,,769000000.0,,15195000000.0,,,,1340000000.0,22444000000.0,5805000000.0,-2809000000.0,7559000000.0,30062000000.0,,137000000.0,,-191000000.0,,,,,,,387000000.0,,,,6000000.0,23000000.0,122000000.0,,,-98000000.0,,,-272000000.0,-25000000.0,237000000.0
2013-09-30,8606000000.0,,,,,7450000000.0,1156000000.0,,,275000000.0,,2.42,2.39,313200000.0,316700000.0,369000000.0,,2666000000.0,,,,484000000.0,15574000000.0,9000000.0,803000000.0,8958000000.0,2657000000.0,1174000000.0,29305000000.0,,764000000.0,,15191000000.0,,,,1399000000.0,21715000000.0,5507000000.0,-2636000000.0,7534000000.0,29305000000.0,,207000000.0,,-374000000.0,,,,,,,984000000.0,,,,13000000.0,26000000.0,174000000.0,,,-139000000.0,,,-719000000.0,78000000.0,330000000.0
2013-12-31,11815000000.0,,,,,10144000000.0,1671000000.0,,1538000000.0,390000000.0,,3.57,3.53,311400000.0,315400000.0,477000000.0,,2896000000.0,,-182000000.0,,563000000.0,16330000000.0,9000000.0,791000000.0,8997000000.0,2578000000.0,1230000000.0,30251000000.0,,906000000.0,475000000.0,15411000000.0,,420000000.0,184000000.0,932000000.0,22056000000.0,5731000000.0,-2374000000.0,8145000000.0,30251000000.0,240000000.0,300000000.0,-14000000.0,-141000000.0,,,,,,,1633000000.0,,,,15000000.0,54000000.0,229000000.0,,,-339000000.0,,,-1016000000.0,186000000.0,445000000.0
2014-03-31,2947000000.0,,,,,2478000000.0,469000000.0,,,78000000.0,,1.07,1.06,303500000.0,307200000.0,338000000.0,,2880000000.0,,81000000.0,,577000000.0,16173000000.0,8000000.0,785000000.0,9030000000.0,2500000000.0,1446000000.0,30077000000.0,,967000000.0,513000000.0,15581000000.0,,365000000.0,194000000.0,1248000000.0,22071000000.0,5403000000.0,-2320000000.0,7946000000.0,30077000000.0,,102000000.0,,-13000000.0,,,,,,,-11000000.0,,,,10000000.0,5000000.0,55000000.0,,,156000000.0,,,-260000000.0,-139000000.0,66000000.0
2014-06-30,5866000000.0,,,,,4952000000.0,914000000.0,,,145000000.0,,2.09,2.07,301000000.0,304400000.0,418000000.0,,2803000000.0,,81000000.0,,1396000000.0,17711000000.0,8000000.0,787000000.0,9099000000.0,2468000000.0,1573000000.0,31776000000.0,,957000000.0,482000000.0,16040000000.0,,392000000.0,194000000.0,1289000000.0,24017000000.0,4982000000.0,-2218000000.0,7700000000.0,31776000000.0,,175000000.0,,-115000000.0,,,,,,,333000000.0,,,,14000000.0,83000000.0,115000000.0,,,54000000.0,,,-449000000.0,-59000000.0,204000000.0
2014-09-30,8746000000.0,,,,,7415000000.0,1331000000.0,,,220000000.0,,3.15,3.11,298100000.0,301600000.0,382000000.0,,2630000000.0,,81000000.0,,711000000.0,14755000000.0,8000000.0,760000000.0,9026000000.0,2612000000.0,1531000000.0,28827000000.0,,853000000.0,440000000.0,13856000000.0,,535000000.0,202000000.0,1422000000.0,21555000000.0,4718000000.0,-2518000000.0,7215000000.0,28827000000.0,,247000000.0,,-220000000.0,,,,,,,883000000.0,,,,19000000.0,464000000.0,179000000.0,,,-262000000.0,,,-703000000.0,-95000000.0,280000000.0
2014-12-31,12045000000.0,,,,,10079000000.0,1966000000.0,,1765000000.0,334000000.0,,4.73,4.66,295500000.0,299600000.0,374000000.0,,2815000000.0,,41000000.0,,602000000.0,15823000000.0,7000000.0,765000000.0,8860000000.0,2520000000.0,1517000000.0,29772000000.0,,788000000.0,408000000.0,15014000000.0,,313000000.0,210000000.0,874000000.0,23141000000.0,4605000000.0,-3134000000.0,6571000000.0,29772000000.0,242000000.0,328000000.0,-134000000.0,25000000.0,,,,,,,1642000000.0,,,,20000000.0,479000000.0,256000000.0,,,-545000000.0,,,-1133000000.0,-103000000.0,337000000.0
2015-03-31,2847000000.0,,,,,2406000000.0,441000000.0,,,80000000.0,,1.15,1.14,284200000.0,287100000.0,378000000.0,,2672000000.0,,206000000.0,,712000000.0,14999000000.0,,754000000.0,8548000000.0,2410000000.0,1678000000.0,28389000000.0,,865000000.0,410000000.0,14116000000.0,,307000000.0,201000000.0,1131000000.0,21958000000.0,4612000000.0,-3427000000.0,6365000000.0,28389000000.0,,90000000.0,,-49000000.0,,,,,,,136000000.0,,,,1000000.0,21000000.0,62000000.0,,,2000000.0,,,-95000000.0,4000000.0,46000000.0
2015-06-30,5652000000.0,,,,,4934000000.0,718000000.0,,,106000000.0,,1.78,1.76,284500000.0,286900000.0,367000000.0,,2684000000.0,,204000000.0,,731000000.0,15655000000.0,,782000000.0,8661000000.0,2350000000.0,1755000000.0,29203000000.0,,845000000.0,425000000.0,14839000000.0,,322000000.0,208000000.0,1140000000.0,22747000000.0,4405000000.0,-3236000000.0,6398000000.0,29203000000.0,,164000000.0,,-59000000.0,,,,,,,365000000.0,,,,1000000.0,23000000.0,142000000.0,,,-201000000.0,,,-128000000.0,-7000000.0,118000000.0
2015-09-30,8394000000.0,,,,,7263000000.0,1131000000.0,,,155000000.0,,2.83,2.8,283200000.0,285900000.0,398000000.0,,2453000000.0,,208000000.0,,728000000.0,13920000000.0,,785000000.0,8571000000.0,2257000000.0,1673000000.0,27206000000.0,,811000000.0,400000000.0,13541000000.0,,317000000.0,215000000.0,1091000000.0,21264000000.0,4015000000.0,-3453000000.0,5883000000.0,27206000000.0,,239000000.0,,-232000000.0,,,,,,,1075000000.0,,,,3000000.0,26000000.0,225000000.0,,,-186000000.0,,,-710000000.0,24000000.0,180000000.0
2015-12-31,11682000000.0,,,,,9834000000.0,1848000000.0,100000000.0,1689000000.0,267000000.0,,4.93,4.88,280800000.0,283800000.0,384000000.0,,2734000000.0,,196000000.0,,566000000.0,13972000000.0,,765000000.0,8448000000.0,2180000000.0,625000000.0,27164000000.0,,820000000.0,394000000.0,13086000000.0,,176000000.0,223000000.0,769000000.0,21001000000.0,4117000000.0,-3423000000.0,6106000000.0,27164000000.0,229000000.0,340000000.0,-223000000.0,83000000.0,,,,,,,2009000000.0,,,,266000000.0,16000000.0,290000000.0,,,-138000000.0,,,-1689000000.0,10000000.0,249000000.0
2016-03-31,2792000000.0,,,,,2342000000.0,450000000.0,,,74000000.0,,1.16,1.15,271700000.0,273700000.0,465000000.0,,2591000000.0,,232000000.0,,622000000.0,14041000000.0,,766000000.0,8411000000.0,2108000000.0,579000000.0,26813000000.0,,902000000.0,438000000.0,12793000000.0,,177000000.0,251000000.0,838000000.0,21466000000.0,3600000000.0,-3710000000.0,5281000000.0,26813000000.0,,85000000.0,,-110000000.0,,,,,,,273000000.0,,,,14000000.0,16000000.0,52000000.0,,,-199000000.0,,,-4000000.0,81000000.0,41000000.0
2016-06-30,5558000000.0,,,,,4703000000.0,855000000.0,,,129000000.0,,2.17,2.16,269900000.0,271700000.0,438000000.0,,2516000000.0,,,,395000000.0,13801000000.0,,751000000.0,8473000000.0,2107000000.0,576000000.0,26693000000.0,,872000000.0,433000000.0,12697000000.0,,39000000.0,260000000.0,767000000.0,21132000000.0,3784000000.0,-3722000000.0,5499000000.0,26693000000.0,,155000000.0,,-175000000.0,,,,,,,764000000.0,,,,29000000.0,183000000.0,104000000.0,,,-84000000.0,,,-644000000.0,54000000.0,89000000.0
2016-09-30,8304000000.0,,,,,7027000000.0,1277000000.0,,,177000000.0,,3.32,3.3,269100000.0,271000000.0,483000000.0,,2391000000.0,,,,424000000.0,12471000000.0,,738000000.0,8452000000.0,2038000000.0,564000000.0,25252000000.0,,929000000.0,413000000.0,11366000000.0,,36000000.0,268000000.0,759000000.0,19758000000.0,3702000000.0,-3793000000.0,5434000000.0,25252000000.0,,228000000.0,,-289000000.0,,,,,,,1475000000.0,,,,47000000.0,198000000.0,153000000.0,,,-371000000.0,,,-1015000000.0,99000000.0,153000000.0
2016-12-31,11627000000.0,,,,,9721000000.0,1906000000.0,36000000.0,1669000000.0,239000000.0,,5.21,5.16,268100000.0,270300000.0,431000000.0,,2589000000.0,,221000000.0,,351000000.0,13146000000.0,,765000000.0,8747000000.0,2223000000.0,554000000.0,26615000000.0,,873000000.0,393000000.0,12495000000.0,,101000000.0,288000000.0,844000000.0,21083000000.0,3807000000.0,-3912000000.0,5475000000.0,26615000000.0,232000000.0,331000000.0,-24000000.0,86000000.0,,,,,,,2326000000.0,,,,64000000.0,879000000.0,222000000.0,,,-954000000.0,,,-1286000000.0,47000000.0,218000000.0
2017-03-31,2381000000.0,,,,,2038000000.0,343000000.0,,,0.0,,1.1,1.09,264800000.0,267000000.0,433000000.0,,2103000000.0,,,,309000000.0,15393000000.0,,536000000.0,7544000000.0,1886000000.0,379000000.0,26982000000.0,,773000000.0,338000000.0,12970000000.0,,,317000000.0,733000000.0,21156000000.0,3934000000.0,-3750000000.0,5754000000.0,26982000000.0,,78000000.0,,-38000000.0,,,,,,,240000000.0,,,,9000000.0,46000000.0,34000000.0,,,13000000.0,,,-258000000.0,20000000.0,58000000.0
2017-06-30,4749000000.0,,,,,4524000000.0,225000000.0,,,-143000000.0,,4.02,3.99,263600000.0,265700000.0,684000000.0,,2191000000.0,,,,399000000.0,15602000000.0,,556000000.0,7745000000.0,1402000000.0,368000000.0,27189000000.0,,2078000000.0,377000000.0,13375000000.0,,,326000000.0,858000000.0,21636000000.0,3574000000.0,-3677000000.0,5487000000.0,27189000000.0,,148000000.0,,25000000.0,,,,,,,500000000.0,,,,32000000.0,149000000.0,82000000.0,,,1489000000.0,,,-1770000000.0,253000000.0,108000000.0
2017-09-30,7089000000.0,,,,,6599000000.0,490000000.0,,,-139000000.0,,4.77,4.74,260900000.0,262900000.0,749000000.0,,2068000000.0,,,,518000000.0,14267000000.0,,545000000.0,7888000000.0,1341000000.0,298000000.0,25924000000.0,,1289000000.0,331000000.0,12474000000.0,,,333000000.0,846000000.0,20677000000.0,2914000000.0,-3412000000.0,5175000000.0,25924000000.0,,214000000.0,,-144000000.0,,,,,,,353000000.0,,,,55000000.0,172000000.0,125000000.0,,,2522000000.0,,,-2648000000.0,318000000.0,854000000.0
2017-12-31,9998000000.0,,,,,9019000000.0,979000000.0,-39000000.0,685000000.0,250000000.0,,4.74,4.7,258500000.0,260700000.0,756000000.0,,2478000000.0,,262000000.0,,289000000.0,13677000000.0,,564000000.0,8358000000.0,1733000000.0,307000000.0,26088000000.0,,870000000.0,311000000.0,12755000000.0,,127000000.0,529000000.0,1102000000.0,21440000000.0,2302000000.0,-3496000000.0,4583000000.0,26088000000.0,187000000.0,319000000.0,-18000000.0,254000000.0,,,,,,,734000000.0,,,,64000000.0,1029000000.0,183000000.0,,,2787000000.0,,,-3265000000.0,325000000.0,1182000000.0
2018-03-31,3090000000.0,,,,,2291000000.0,799000000.0,,,114000000.0,,2.39,2.37,248500000.0,250200000.0,597000000.0,,3053000000.0,,,,609000000.0,15115000000.0,,578000000.0,8550000000.0,1662000000.0,439000000.0,27847000000.0,,972000000.0,329000000.0,13658000000.0,,,538000000.0,1105000000.0,22462000000.0,2747000000.0,-3191000000.0,5301000000.0,27847000000.0,,77000000.0,,269000000.0,,,,,,,140000000.0,,,,11000000.0,29000000.0,45000000.0,,,346000000.0,,,-663000000.0,-159000000.0,58000000.0
2018-06-30,5651000000.0,,,,,4868000000.0,783000000.0,,,-144000000.0,,2.6,2.58,247200000.0,248800000.0,487000000.0,,2992000000.0,,,,732000000.0,14860000000.0,,575000000.0,8291000000.0,1363000000.0,404000000.0,27217000000.0,,1121000000.0,332000000.0,13843000000.0,,,535000000.0,1088000000.0,22599000000.0,2295000000.0,-3524000000.0,4545000000.0,27217000000.0,,147000000.0,,371000000.0,,,,,,,413000000.0,,,,36000000.0,50000000.0,111000000.0,,,179000000.0,,,-798000000.0,-269000000.0,207000000.0
2018-09-30,8000000000.0,,,,,6955000000.0,1045000000.0,,,39000000.0,,3.2,3.19,246200000.0,247700000.0,484000000.0,,2656000000.0,,,,727000000.0,13348000000.0,,594000000.0,8282000000.0,1260000000.0,434000000.0,25602000000.0,,988000000.0,266000000.0,12643000000.0,,,563000000.0,1090000000.0,21274000000.0,2042000000.0,-3632000000.0,4262000000.0,25602000000.0,,214000000.0,,11000000.0,,,,,,,975000000.0,,,,65000000.0,50000000.0,179000000.0,,,84000000.0,,,-1255000000.0,-272000000.0,274000000.0
2018-12-31,10770000000.0,,,,,9226000000.0,1544000000.0,-25000000.0,1246000000.0,146000000.0,,4.62,4.59,245200000.0,247000000.0,656000000.0,,2760000000.0,,380000000.0,,618000000.0,14372000000.0,,588000000.0,8171000000.0,1149000000.0,448000000.0,26422000000.0,,936000000.0,251000000.0,13296000000.0,,181000000.0,585000000.0,1097000000.0,22203000000.0,2093000000.0,-3909000000.0,4151000000.0,26422000000.0,176000000.0,338000000.0,-225000000.0,127000000.0,,,,,,,1686000000.0,,,,80000000.0,58000000.0,240000000.0,,,31000000.0,,,-1699000000.0,-100000000.0,337000000.0
2019-03-31,3143000000.0,,,,,2271000000.0,872000000.0,,,126000000.0,,2.72,2.7,242200000.0,243700000.0,600000000.0,,3242000000.0,,,,531000000.0,15919000000.0,,606000000.0,8219000000.0,1077000000.0,509000000.0,29135000000.0,,1220000000.0,305000000.0,14537000000.0,,,596000000.0,973000000.0,24273000000.0,2555000000.0,-3740000000.0,4775000000.0,29135000000.0,,89000000.0,,458000000.0,,,,,,,74000000.0,,,,14000000.0,15000000.0,57000000.0,,,-27000000.0,,,-140000000.0,-56000000.0,33000000.0
2019-06-30,5749000000.0,,,,,4464000000.0,1285000000.0,,,182000000.0,,3.88,3.85,241400000.0,243200000.0,581000000.0,,3227000000.0,,,,631000000.0,16745000000.0,,599000000.0,8198000000.0,973000000.0,521000000.0,29807000000.0,,1197000000.0,337000000.0,15481000000.0,,,576000000.0,924000000.0,25894000000.0,1669000000.0,-3837000000.0,3836000000.0,29807000000.0,,180000000.0,,477000000.0,,,,,,,361000000.0,,,,60000000.0,15000000.0,106000000.0,,,-222000000.0,,,-232000000.0,-75000000.0,197000000.0
2019-09-30,8128000000.0,,,,,6483000000.0,1645000000.0,,,238000000.0,,4.83,4.79,239900000.0,241900000.0,602000000.0,,2866000000.0,,,,631000000.0,15317000000.0,,606000000.0,8071000000.0,874000000.0,562000000.0,28167000000.0,,1163000000.0,256000000.0,14851000000.0,,,578000000.0,953000000.0,24606000000.0,1436000000.0,-4030000000.0,3492000000.0,28167000000.0,,252000000.0,,167000000.0,,,,,,,1163000000.0,,,,94000000.0,39000000.0,167000000.0,,,-231000000.0,,,-968000000.0,-54000000.0,279000000.0
2019-12-31,11013000000.0,,,,,8844000000.0,2169000000.0,1000000.0,1871000000.0,297000000.0,,6.42,6.37,238600000.0,240600000.0,790000000.0,,3112000000.0,,446000000.0,,602000000.0,16476000000.0,,621000000.0,8165000000.0,783000000.0,570000000.0,29405000000.0,,1086000000.0,270000000.0,15571000000.0,,,525000000.0,877000000.0,25956000000.0,1254000000.0,-4033000000.0,3375000000.0,29405000000.0,,317000000.0,-36000000.0,371000000.0,,,,,,,1835000000.0,,,,113000000.0,39000000.0,225000000.0,,,-229000000.0,,,-1493000000.0,134000000.0,353000000.0
2020-03-31,3219000000.0,,,,,2186000000.0,1033000000.0,,,189000000.0,,3.31,3.29,233200000.0,234500000.0,690000000.0,,3554000000.0,,,,530000000.0,17345000000.0,,666000000.0,8293000000.0,746000000.0,533000000.0,30282000000.0,,1277000000.0,309000000.0,17111000000.0,,,544000000.0,930000000.0,27022000000.0,1455000000.0,-4409000000.0,3169000000.0,30282000000.0,,76000000.0,,543000000.0,,,,,,,338000000.0,,,,43000000.0,334000000.0,59000000.0,,,-438000000.0,,,82000000.0,-100000000.0,53000000.0
2020-06-30,5716000000.0,,,,,4089000000.0,1627000000.0,,,274000000.0,,5.02,5.0,233000000.0,234100000.0,757000000.0,,3314000000.0,,,,471000000.0,18990000000.0,,615000000.0,8356000000.0,699000000.0,548000000.0,31995000000.0,,1319000000.0,294000000.0,17383000000.0,,,548000000.0,900000000.0,28300000000.0,1751000000.0,-4296000000.0,3601000000.0,31995000000.0,,140000000.0,,262000000.0,,,,,,,1219000000.0,,,,60000000.0,368000000.0,89000000.0,,,-992000000.0,,,-204000000.0,-33000000.0,102000000.0
2020-09-30,8101000000.0,,,,,6033000000.0,2068000000.0,,,356000000.0,,6.21,6.18,232800000.0,233900000.0,821000000.0,,2906000000.0,,,,525000000.0,18249000000.0,,609000000.0,8462000000.0,,556000000.0,31359000000.0,,1241000000.0,251000000.0,16870000000.0,,,554000000.0,888000000.0,27739000000.0,1423000000.0,-4099000000.0,3542000000.0,31359000000.0,,207000000.0,,-193000000.0,,,,,,,2023000000.0,,,,80000000.0,368000000.0,119000000.0,,,-815000000.0,,,-1146000000.0,31000000.0,326000000.0
2020-12-31,11066000000.0,,,,,8285000000.0,2781000000.0,12000000.0,2465000000.0,448000000.0,,8.49,8.45,231900000.0,233100000.0,884000000.0,,3070000000.0,,462000000.0,,624000000.0,18684000000.0,,599000000.0,8666000000.0,640000000.0,610000000.0,32114000000.0,,1171000000.0,296000000.0,17433000000.0,,,561000000.0,895000000.0,28531000000.0,1042000000.0,-3861000000.0,3495000000.0,32114000000.0,,312000000.0,9000000.0,-108000000.0,,,,,,,2783000000.0,,,,97000000.0,368000000.0,141000000.0,,,-679000000.0,,,-2088000000.0,94000000.0,455000000.0
2021-03-31,3525000000.0,,,,,2280000000.0,1245000000.0,,1167000000.0,234000000.0,,4.02,4.0,227100000.0,228100000.0,822000000.0,,3526000000.0,,,,492000000.0,18905000000.0,,584000000.0,8587000000.0,,596000000.0,32175000000.0,,1301000000.0,340000000.0,16823000000.0,,,589000000.0,905000000.0,27814000000.0,1801000000.0,-3891000000.0,4260000000.0,32175000000.0,,131000000.0,,485000000.0,,,,,,,561000000.0,,,,18000000.0,0.0,29000000.0,,,102000000.0,,,-709000000.0,-62000000.0,74000000.0
2021-06-30,6411000000.0,,,,,4494000000.0,1917000000.0,,1763000000.0,437000000.0,,5.69,5.66,227000000.0,228100000.0,1091000000.0,,3545000000.0,,,,547000000.0,21276000000.0,,585000000.0,8659000000.0,,546000000.0,34580000000.0,,1418000000.0,355000000.0,18927000000.0,,,586000000.0,912000000.0,30013000000.0,1823000000.0,-3744000000.0,4462000000.0,34580000000.0,,216000000.0,,477000000.0,,,,,,,1345000000.0,,,,29000000.0,0.0,70000000.0,,,-27000000.0,,,-1122000000.0,207000000.0,239000000.0
2021-09-30,9113000000.0,,,,,7997000000.0,1116000000.0,,895000000.0,460000000.0,,-3.99,-3.99,226500000.0,227700000.0,609000000.0,,3117000000.0,,,,687000000.0,18740000000.0,,541000000.0,8547000000.0,,525000000.0,31816000000.0,,1348000000.0,334000000.0,17510000000.0,,,592000000.0,919000000.0,29517000000.0,-445000000.0,-3877000000.0,2209000000.0,31816000000.0,,346000000.0,,79000000.0,,,,,,,1251000000.0,,,,68000000.0,3000000.0,102000000.0,,,-116000000.0,,,-1380000000.0,-275000000.0,330000000.0
2021-12-31,12193000000.0,,,,,10103000000.0,2090000000.0,152000000.0,1931000000.0,623000000.0,1255000000.0,5.59,5.55,224700000.0,226100000.0,544000000.0,,3094000000.0,,365000000.0,,716000000.0,19032000000.0,,529000000.0,8434000000.0,492000000.0,512000000.0,31917000000.0,,1331000000.0,321000000.0,19073000000.0,,,609000000.0,910000000.0,30759000000.0,-1694000000.0,-3871000000.0,1061000000.0,31917000000.0,,449000000.0,11000000.0,119000000.0,,,,,,,2182000000.0,,,,91000000.0,14000000.0,137000000.0,,,49000000.0,,,-1924000000.0,72000000.0,412000000.0
2022-03-31,3670000000.0,,,,,2303000000.0,1367000000.0,25000000.0,1304000000.0,256000000.0,1023000000.0,4.75,4.73,215300000.0,216400000.0,595000000.0,,3625000000.0,,,,593000000.0,20545000000.0,,515000000.0,8496000000.0,530000000.0,520000000.0,33491000000.0,,1585000000.0,323000000.0,19189000000.0,,,631000000.0,871000000.0,32200000000.0,-1609000000.0,-3843000000.0,1177000000.0,33491000000.0,,119000000.0,,544000000.0,,,,,,,463000000.0,,,,9000000.0,134000000.0,23000000.0,,,-263000000.0,,,500000000.0,650000000.0,121000000.0
2022-06-30,6653000000.0,,,,,4586000000.0,2067000000.0,55000000.0,1937000000.0,375000000.0,1524000000.0,7.11,7.07,214300000.0,215600000.0,740000000.0,,3648000000.0,,,,672000000.0,22167000000.0,,505000000.0,8295000000.0,491000000.0,503000000.0,34720000000.0,,1746000000.0,327000000.0,21077000000.0,,,621000000.0,857000000.0,33932000000.0,-1727000000.0,-4260000000.0,684000000.0,34720000000.0,,211000000.0,,674000000.0,,,,,,,1131000000.0,,,,39000000.0,143000000.0,68000000.0,,,-125000000.0,,,-37000000.0,546000000.0,275000000.0
2022-09-30,9349000000.0,,,,,6692000000.0,2657000000.0,71000000.0,2447000000.0,467000000.0,1932000000.0,9.06,9.0,213200000.0,214600000.0,692000000.0,,2971000000.0,,,,563000000.0,19176000000.0,,510000000.0,7979000000.0,456000000.0,475000000.0,31223000000.0,,1480000000.0,250000000.0,18688000000.0,,,628000000.0,853000000.0,31893000000.0,-2638000000.0,-4919000000.0,-783000000.0,31223000000.0,,304000000.0,,146000000.0,,,,,,,2177000000.0,,,,95000000.0,154000000.0,126000000.0,,,-209000000.0,,,-339000000.0,550000000.0,418000000.0
2022-12-31,12479000000.0,,,,,8810000000.0,3669000000.0,,3156000000.0,510000000.0,2589000000.0,12.23,12.14,211700000.0,213200000.0,690000000.0,,3035000000.0,,725000000.0,,646000000.0,20723000000.0,,558000000.0,8292000000.0,447000000.0,509000000.0,32704000000.0,,1347000000.0,250000000.0,20306000000.0,,,795000000.0,1024000000.0,33133000000.0,-2772000000.0,-4623000000.0,-529000000.0,32704000000.0,,397000000.0,-252000000.0,96000000.0,,,,,,,3219000000.0,,,,107000000.0,162000000.0,196000000.0,,,-449000000.0,58000000.0,,-1790000000.0,431000000.0,546000000.0
2023-03-31,3871000000.0,,,,,2398000000.0,1473000000.0,-25000000.0,1342000000.0,263000000.0,1050000000.0,5.09,5.07,206100000.0,207100000.0,1119000000.0,,3713000000.0,,,,511000000.0,22144000000.0,,605000000.0,8319000000.0,425000000.0,507000000.0,34253000000.0,,1510000000.0,337000000.0,20595000000.0,,,835000000.0,1063000000.0,34195000000.0,-2388000000.0,-4544000000.0,-70000000.0,34253000000.0,,127000000.0,,664000000.0,,,,,,,443000000.0,,,,11000000.0,2000000.0,76000000.0,,,205000000.0,25000000.0,,404000000.0,1110000000.0,206000000.0
2023-06-30,7048000000.0,,,,,4733000000.0,2315000000.0,-84000000.0,2000000000.0,346000000.0,1610000000.0,7.84,7.79,205400000.0,206700000.0,952000000.0,,3764000000.0,,,,840000000.0,23949000000.0,,639000000.0,8360000000.0,,501000000.0,36049000000.0,,1793000000.0,355000000.0,22949000000.0,,,793000000.0,995000000.0,35887000000.0,-2505000000.0,-4338000000.0,65000000.0,36049000000.0,,226000000.0,,704000000.0,,,,,,,1131000000.0,,,,29000000.0,8000000.0,145000000.0,,,128000000.0,33000000.0,,-39000000.0,1423000000.0,461000000.0
2023-09-30,10001000000.0,,,,,6995000000.0,3006000000.0,,2560000000.0,439000000.0,2066000000.0,10.1,10.03,204600000.0,206000000.0,808000000.0,,3300000000.0,,,,877000000.0,21125000000.0,,652000000.0,8245000000.0,,497000000.0,33112000000.0,,1726000000.0,282000000.0,20722000000.0,,,812000000.0,1004000000.0,33598000000.0,-3024000000.0,-4579000000.0,-586000000.0,33112000000.0,,321000000.0,,290000000.0,,,,,,,2174000000.0,,,,61000000.0,18000000.0,203000000.0,,,52000000.0,63000000.0,,-1201000000.0,968000000.0,613000000.0
2023-12-31,13376000000.0,,,,,9591000000.0,3785000000.0,,3169000000.0,541000000.0,2564000000.0,12.6,12.51,203500000.0,205000000.0,778000000.0,,3254000000.0,,1080000000.0,,996000000.0,21704000000.0,,638000000.0,8414000000.0,,506000000.0,33959000000.0,,1878000000.0,270000000.0,21651000000.0,,,827000000.0,1074000000.0,34701000000.0,-3399000000.0,-4373000000.0,-826000000.0,33959000000.0,,438000000.0,-373000000.0,188000000.0,,,,,,,3435000000.0,,,,67000000.0,35000000.0,252000000.0,,,-188000000.0,72000000.0,,-2865000000.0,646000000.0,740000000.0
2024-03-31,4070000000.0,,,,,2605000000.0,1465000000.0,,1424000000.0,331000000.0,1071000000.0,5.38,5.35,199100000.0,200100000.0,995000000.0,,4035000000.0,,,,1020000000.0,28624000000.0,,590000000.0,8302000000.0,,525000000.0,40767000000.0,,2146000000.0,360000000.0,21838000000.0,,,866000000.0,1103000000.0,40795000000.0,-2700000000.0,-4404000000.0,-133000000.0,40767000000.0,,130000000.0,,826000000.0,,,,,,,309000000.0,,,,56000000.0,4000000.0,48000000.0,,,-4961000000.0,25000000.0,,5261000000.0,463000000.0,244000000.0
2024-06-30,7830000000.0,,,,,5709000000.0,2121000000.0,,2122000000.0,491000000.0,1595000000.0,7.75,7.72,212500000.0,213300000.0,974000000.0,,4459000000.0,,,,1063000000.0,25543000000.0,,636000000.0,15281000000.0,,629000000.0,51453000000.0,,2310000000.0,391000000.0,23498000000.0,,,848000000.0,1135000000.0,45295000000.0,-2574000000.0,-4478000000.0,5860000000.0,51453000000.0,,247000000.0,,959000000.0,,,,,,,822000000.0,,,,91000000.0,2780000000.0,101000000.0,,,-2285000000.0,27000000.0,,2264000000.0,599000000.0,553000000.0
2024-09-30,11551000000.0,,,,,8807000000.0,2744000000.0,,2571000000.0,585000000.0,1938000000.0,9.24,9.2,217400000.0,218400000.0,1103000000.0,,4004000000.0,,,,754000000.0,23653000000.0,,650000000.0,15612000000.0,,585000000.0,49885000000.0,,1914000000.0,312000000.0,22098000000.0,,,872000000.0,1178000000.0,43332000000.0,-2682000000.0,-4121000000.0,6244000000.0,49885000000.0,,361000000.0,,384000000.0,,,,,,,1835000000.0,,,,136000000.0,3011000000.0,163000000.0,,,-2256000000.0,61000000.0,,1565000000.0,1321000000.0,850000000.0
