Date,Net sales,Cost of sales,Gross margin,Research and development,"Selling, general and administrative",Total operating expenses,Operating income,"Other income/(expense), net",Income before provision for income taxes,Provision for income taxes,Net income,Earnings per share basic,Earnings per share diluted,Weighted-average basic,Weighted-average diluted,Cash and cash equivalents,Short-term marketable securities,"Accounts receivable, net",Inventories,Deferred tax assets,Vendor non-trade receivables,Other current assets,Total current assets,Long-term marketable securities,"Property, Plant and Equipment, Net",Goodwill,"Acquired intangible assets, net","Other Assets, Noncurrent",Total assets,accounts payable,Accrued expenses,Deferred revenue,Total current liabilities,Deferred revenue - non-current,deferred tax liabilities,long term taxes payable,Total other non-current liabilities,Total liabilities,Retained Earnings (Accumulated Deficit),Accumulated other comprehensive (loss)/income,Total shareholders equity,Total liabilities and shareholders' equity,"Depreciation, amortization and accretion",Stock-based compensation expense,Deferred income tax expense,"Increase (Decrease) in Accounts receivable, net",Increase (Decrease) in Inventories,Increase (Decrease) in Other Receivables,Increase (Decrease) in Other Operating Assets,Increase (Decrease) in Accounts Payable,Increase (Decrease) in Deferred Revenue,Increase (Decrease) Other liabilities,Cash generated by operating activities,Purchases of marketable securities,Proceeds from maturities of marketable securities,Proceeds from sales of marketable securities,Purchases of other long-term investments,"Business acquisitions, net of cash acquired",Cash payments for capital asset purchases,Payments for acquisition of intangible assets,Payments for (Proceeds from) Other Investing Activities,Cash used in investing activities,Proceeds from issuance of common stock,Excess tax benefits from stock-based compensation,Cash generated/used in financing activities,Increase/(decrease) in cash and cash equivalents,"Cash paid for income taxes, net"
2009-12-31,2173500000.0,1568600000.0,,27200000.0,244100000.0,,345000000.0,,,83500000.0,251800000.0,1.19,1.16,211700000.0,217000000.0,323000000.0,,1377800000.0,522600000.0,,,,2783200000.0,,6945200000.0,912200000.0,259500000.0,418500000.0,12914500000.0,,,,2144900000.0,,371000000.0,,,7730400000.0,7389800000.0,-1115200000.0,5033900000.0,12914500000.0,217100000.0,7700000.0,115300000.0,-27000000.0,-18100000.0,11800000.0,,,,,193900000.0,,,,,9900000.0,288800000.0,,,-275400000.0,,,-83700000.0,-165200000.0,
2010-03-31,4422500000.0,3197300000.0,,53500000.0,484500000.0,,685600000.0,,,168400000.0,503800000.0,2.38,2.32,212100000.0,217000000.0,230900000.0,,1458800000.0,504700000.0,,,,2822000000.0,,6941500000.0,913900000.0,293700000.0,540400000.0,13152600000.0,,,,2345700000.0,,440100000.0,,,7734300000.0,7537000000.0,-1054400000.0,5265600000.0,13152600000.0,434400000.0,22700000.0,133200000.0,-129900000.0,-3900000.0,,,,,,542700000.0,,,,,34900000.0,516900000.0,,,-578700000.0,,9700000.0,-219100000.0,-257300000.0,
2010-06-30,6674800000.0,4808300000.0,,82800000.0,725700000.0,,1022000000.0,,,246000000.0,757000000.0,3.57,3.49,212300000.0,216900000.0,405300000.0,,1416400000.0,499200000.0,,,,2945400000.0,,6770800000.0,842500000.0,263900000.0,581800000.0,12999400000.0,,,,2312800000.0,,473600000.0,,,7627500000.0,7685500000.0,-1230500000.0,5231400000.0,12999400000.0,648800000.0,36600000.0,80700000.0,-151300000.0,-9500000.0,,,,,,1033200000.0,93800000.0,,,,37200000.0,757200000.0,,,-807900000.0,,11100000.0,-300000000.0,-82900000.0,
2010-09-30,9026000000.0,6503000000.0,2523000000.0,114700000.0,956900000.0,,1389000000.0,,,339500000.0,1029100000.0,4.85,4.74,212200000.0,217100000.0,374300000.0,,1481900000.0,571600000.0,125900000.0,,45600000.0,3033800000.0,,7051300000.0,914600000.0,285700000.0,537300000.0,13505900000.0,,171200000.0,,2244100000.0,69600000.0,335100000.0,,1569300000.0,7808300000.0,7852200000.0,-1159400000.0,5546900000.0,13505900000.0,863400000.0,48600000.0,96200000.0,-142500000.0,-65900000.0,41500000.0,,,,,1522400000.0,,,,,37200000.0,1030900000.0,,,-1056500000.0,,23900000.0,-579700000.0,-113900000.0,192000000.0
2010-12-31,2391700000.0,1720500000.0,,29200000.0,244600000.0,,360600000.0,,,81500000.0,268600000.0,1.25,1.23,214200000.0,219200000.0,247200000.0,,1485700000.0,584500000.0,,,,2870200000.0,,7157500000.0,912200000.0,277100000.0,520000000.0,13459700000.0,,,,1937100000.0,,392300000.0,,1535700000.0,7482500000.0,8014600000.0,-1107300000.0,5810000000.0,13459700000.0,217600000.0,10200000.0,-2300000.0,-11500000.0,-10200000.0,11600000.0,,,,,336600000.0,,,,,,306900000.0,,,-276800000.0,,8500000.0,-190600000.0,-127100000.0,
2011-06-30,7470800000.0,5405100000.0,,86400000.0,756900000.0,,1196900000.0,,1209200000.0,295700000.0,899400000.0,4.21,4.12,213500000.0,218400000.0,430100000.0,,1649800000.0,639600000.0,,,,3276500000.0,,7524200000.0,969100000.0,295000000.0,403000000.0,14451500000.0,,,,2103800000.0,,470800000.0,,1425600000.0,8054500000.0,8397400000.0,-865400000.0,6232200000.0,14451500000.0,657300000.0,33100000.0,74200000.0,105500000.0,43900000.0,-3000000.0,,,,,1128700000.0,,,94700000.0,,9900000.0,965300000.0,,,-851200000.0,,40300000.0,-232400000.0,55800000.0,
2011-09-30,10082000000.0,7315300000.0,2766700000.0,118800000.0,1014400000.0,,1622200000.0,,1661000000.0,408400000.0,1224200000.0,5.75,5.63,213000000.0,217600000.0,422500000.0,,1575000000.0,681400000.0,-347700000.0,,1100000.0,3189800000.0,,7412000000.0,892400000.0,260700000.0,481400000.0,14290700000.0,,165800000.0,,2342000000.0,46200000.0,570100000.0,,1512400000.0,8352000000.0,8599500000.0,-1253400000.0,5795800000.0,14290700000.0,873900000.0,44800000.0,185700000.0,103500000.0,101800000.0,-14200000.0,,,,,1753200000.0,,,94700000.0,,10800000.0,1351700000.0,,,-1212200000.0,,47600000.0,-484500000.0,48200000.0,
2011-12-31,2423100000.0,1774300000.0,,28100000.0,248900000.0,,384700000.0,,392400000.0,136100000.0,248100000.0,1.18,1.16,210300000.0,213900000.0,407300000.0,,1529500000.0,704100000.0,,,,3176200000.0,,7525900000.0,877500000.0,249800000.0,448000000.0,14391300000.0,,,,2337200000.0,,599500000.0,,1513300000.0,8334200000.0,8723800000.0,-1275600000.0,5909000000.0,14391300000.0,212500000.0,11800000.0,26300000.0,-27800000.0,23300000.0,-8200000.0,,,,,430700000.0,,,,,,349700000.0,,,-357000000.0,,2800000.0,-88300000.0,-15200000.0,
2012-06-30,7005900000.0,5128900000.0,,90300000.0,698800000.0,,1124500000.0,,1154000000.0,269500000.0,1028600000.0,4.87,4.79,211500000.0,214700000.0,361200000.0,,1418500000.0,699500000.0,,,,3033100000.0,,7708100000.0,927900000.0,356800000.0,444200000.0,14880900000.0,,,,2135400000.0,,675100000.0,,1627200000.0,8233500000.0,9232600000.0,-1253800000.0,6513600000.0,14880900000.0,620500000.0,36200000.0,113100000.0,71900000.0,18800000.0,-8600000.0,,,,,1244600000.0,,,,,173800000.0,1166500000.0,,,-1441300000.0,,20200000.0,-637600000.0,-61300000.0,
2012-09-30,9611700000.0,7051900000.0,2559800000.0,126400000.0,946800000.0,,1282400000.0,,1312500000.0,287300000.0,1167300000.0,5.53,5.44,211200000.0,214700000.0,454400000.0,,1544700000.0,786600000.0,-475700000.0,,10000000.0,3415800000.0,,8240600000.0,1598400000.0,761600000.0,393600000.0,16941800000.0,,171100000.0,,2689900000.0,,670800000.0,,1980900000.0,9926000000.0,9234500000.0,-1348800000.0,6477200000.0,16941800000.0,840800000.0,43800000.0,65200000.0,55100000.0,-1300000.0,18300000.0,,,,,1765100000.0,,,0.0,,863400000.0,1521000000.0,,4000000.0,-2435200000.0,,31000000.0,-78400000.0,31900000.0,
2012-12-31,2562400000.0,1900100000.0,,33300000.0,268200000.0,,372400000.0,,378000000.0,92200000.0,278300000.0,1.33,1.31,210000000.0,212600000.0,545600000.0,,1508000000.0,746500000.0,,,,3563100000.0,,8482300000.0,1610700000.0,754800000.0,360100000.0,17393100000.0,,,,2966900000.0,,723900000.0,,1752800000.0,10551200000.0,9379700000.0,-1245400000.0,6299300000.0,17393100000.0,218500000.0,10100000.0,37400000.0,-51000000.0,-42500000.0,64400000.0,,,,,278400000.0,,,,,,357000000.0,,1600000.0,-355800000.0,,8100000.0,157100000.0,91200000.0,
2013-03-31,5046600000.0,3713700000.0,,65600000.0,534800000.0,,762100000.0,,772300000.0,188000000.0,568700000.0,2.72,2.68,209200000.0,211800000.0,401600000.0,,1519400000.0,728100000.0,,,,3379200000.0,,8488800000.0,1595700000.0,734300000.0,373300000.0,17221200000.0,,,,3221600000.0,,715300000.0,,1723500000.0,10305100000.0,9521400000.0,-1377100000.0,6365500000.0,17221200000.0,444700000.0,22400000.0,32800000.0,-17800000.0,-53100000.0,55700000.0,,,,,598200000.0,,,,,0.0,707300000.0,,1500000.0,-702200000.0,,14300000.0,42700000.0,-52800000.0,
2013-06-30,7593900000.0,5589200000.0,,99100000.0,806100000.0,,1145200000.0,,1164200000.0,282100000.0,857100000.0,4.1,4.04,209400000.0,211900000.0,418800000.0,,1616000000.0,705900000.0,,,,3480700000.0,,8665700000.0,1615100000.0,716900000.0,348300000.0,17491300000.0,,,,3357700000.0,,714700000.0,,1707500000.0,10428100000.0,9660100000.0,-1433300000.0,6540800000.0,17491300000.0,674400000.0,33000000.0,8400000.0,88900000.0,-68500000.0,65900000.0,,,,,1051200000.0,,,,,125600000.0,1115400000.0,,2800000.0,-1218200000.0,,24600000.0,125100000.0,-35600000.0,
2013-09-30,10180400000.0,7472100000.0,2708300000.0,133700000.0,1066300000.0,,1324400000.0,,1350400000.0,307900000.0,994200000.0,4.74,4.68,209700000.0,212300000.0,450400000.0,,1544300000.0,706100000.0,168400000.0,,14000000.0,3439100000.0,,8974000000.0,1653800000.0,717300000.0,393500000.0,17850100000.0,,151200000.0,,3227600000.0,,827200000.0,,1164300000.0,10275400000.0,9646400000.0,-1020600000.0,7042100000.0,17850100000.0,907000000.0,43500000.0,12800000.0,-4800000.0,-75000000.0,77000000.0,,,,,1553100000.0,,,0.0,,224900000.0,1524200000.0,,2000000.0,-1697000000.0,,37900000.0,115400000.0,-4000000.0,
2013-12-31,2545500000.0,1865900000.0,,33500000.0,280900000.0,,385600000.0,,390500000.0,94500000.0,290200000.0,1.37,1.35,211800000.0,214300000.0,387600000.0,,1561200000.0,693400000.0,,,,3330100000.0,,9152000000.0,1642900000.0,700500000.0,398900000.0,17915200000.0,,,,3145200000.0,,831600000.0,,1136200000.0,10133800000.0,9785400000.0,-966900000.0,7264000000.0,17915200000.0,234200000.0,11800000.0,33000000.0,17700000.0,-11900000.0,900000.0,,,,,546200000.0,,,,,,391100000.0,,0.0,-385600000.0,,4100000.0,-238200000.0,-62800000.0,
2014-03-31,5127400000.0,3783500000.0,,66700000.0,544300000.0,,770300000.0,,774100000.0,186600000.0,573700000.0,2.7,2.67,212400000.0,214900000.0,356900000.0,,1613700000.0,665300000.0,,,,3299900000.0,,9312300000.0,1614000000.0,674100000.0,392600000.0,17963000000.0,,,,3110300000.0,,826500000.0,,1161600000.0,10091600000.0,9904400000.0,-1034600000.0,7370900000.0,17963000000.0,463300000.0,23400000.0,36400000.0,82000000.0,-33600000.0,3700000.0,,,,,1024700000.0,,,,,,802200000.0,,400000.0,-791400000.0,,12600000.0,-337700000.0,-93500000.0,
2014-06-30,7762000000.0,5702200000.0,,100500000.0,816300000.0,,1184100000.0,,1199700000.0,288700000.0,887700000.0,4.18,4.13,212900000.0,215400000.0,337600000.0,,1612700000.0,690200000.0,,,,3339800000.0,,9579100000.0,1612500000.0,665600000.0,426300000.0,18316200000.0,,,,3156100000.0,,858300000.0,,1153200000.0,10118600000.0,10053500000.0,-924500000.0,7696700000.0,18316200000.0,702300000.0,32500000.0,69800000.0,77100000.0,-12600000.0,3100000.0,,,,,1584000000.0,,,,,0.0,1264900000.0,,-800000.0,-1230100000.0,,22500000.0,-482700000.0,-112800000.0,
2014-09-30,10439000000.0,7634600000.0,2804400000.0,141400000.0,1059300000.0,,1328200000.0,,1354500000.0,366000000.0,991700000.0,4.66,4.61,212700000.0,215200000.0,336600000.0,,1486000000.0,706000000.0,192600000.0,,523000000.0,3294800000.0,,9532100000.0,1237300000.0,615800000.0,426300000.0,17779100000.0,,132800000.0,,2963000000.0,,995500000.0,,1187500000.0,9970500000.0,9993200000.0,-1241900000.0,7365800000.0,17779100000.0,956900000.0,44000000.0,125500000.0,2700000.0,23500000.0,33000000.0,,,,,2186400000.0,,,,,0.0,1684200000.0,,1400000.0,-1638000000.0,,28300000.0,-504300000.0,-113800000.0,
2014-12-31,2560800000.0,1831000000.0,,35400000.0,258200000.0,,430000000.0,,444000000.0,106500000.0,324600000.0,1.52,1.5,214200000.0,216600000.0,238800000.0,,1430400000.0,709700000.0,,,538900000.0,3137200000.0,,9607600000.0,1200700000.0,585200000.0,454900000.0,17635400000.0,,,,3001900000.0,,1019500000.0,,1070700000.0,9843400000.0,10152000000.0,-1470600000.0,7351500000.0,17635400000.0,235500000.0,11900000.0,,-22300000.0,16000000.0,27300000.0,,,,,486600000.0,,,,,22600000.0,446500000.0,,-2200000.0,-463200000.0,,13400000.0,-111900000.0,-97800000.0,62500000.0
2015-03-31,4975300000.0,3530600000.0,,71700000.0,499100000.0,,804400000.0,,828000000.0,193600000.0,614600000.0,2.87,2.83,214900000.0,217400000.0,195700000.0,,1381400000.0,693300000.0,,,569900000.0,3114500000.0,,9485900000.0,1155400000.0,553400000.0,586800000.0,17493800000.0,,,,3081300000.0,,1101800000.0,,1042900000.0,9737500000.0,10267200000.0,-1662100000.0,7332500000.0,17493800000.0,468800000.0,24800000.0,,-23600000.0,14000000.0,75200000.0,,,,,967200000.0,,,,,34500000.0,817600000.0,,-1500000.0,-839800000.0,,22700000.0,-256600000.0,-140900000.0,155800000.0
2015-06-30,7445500000.0,5247000000.0,,105500000.0,741300000.0,,1226900000.0,,1264700000.0,297100000.0,933400000.0,4.35,4.3,215200000.0,217400000.0,215300000.0,,1440800000.0,681900000.0,,,551900000.0,3102300000.0,,9720800000.0,1163800000.0,541500000.0,523800000.0,17671500000.0,,,,2918900000.0,,1030400000.0,,1022500000.0,9662300000.0,10411100000.0,-1578400000.0,7586000000.0,17671500000.0,701800000.0,37300000.0,,25600000.0,-2400000.0,52300000.0,,,,,1657900000.0,,,,,34500000.0,1214700000.0,,600000.0,-1239000000.0,,26700000.0,-528700000.0,-121300000.0,261900000.0
2015-09-30,9894900000.0,6944100000.0,2950800000.0,138800000.0,941700000.0,,1699100000.0,,1733500000.0,415900000.0,1277900000.0,5.95,5.88,214900000.0,217300000.0,206400000.0,,1406200000.0,657800000.0,186200000.0,,462300000.0,2910800000.0,,9636900000.0,1131300000.0,508300000.0,634900000.0,17438100000.0,,143200000.0,,3648100000.0,,903300000.0,,1556500000.0,10057000000.0,10580400000.0,-2125900000.0,7249000000.0,17438100000.0,936400000.0,45700000.0,2900000.0,29700000.0,-8300000.0,-49300000.0,,,,,2437800000.0,,,,,34500000.0,1614800000.0,,1400000.0,-1599700000.0,,31900000.0,-945400000.0,-130200000.0,392900000.0
2015-12-31,2355800000.0,1598000000.0,,32400000.0,212000000.0,,493000000.0,,504500000.0,132500000.0,363600000.0,1.68,1.67,215800000.0,217600000.0,279100000.0,,1288500000.0,665600000.0,,,357500000.0,2779000000.0,,9619000000.0,1115400000.0,491000000.0,674100000.0,17260300000.0,,,,3572400000.0,,831200000.0,,1487200000.0,9761300000.0,10768700000.0,-2208600000.0,7367100000.0,17260300000.0,232700000.0,10200000.0,,-97100000.0,14000000.0,23700000.0,,,,,573500000.0,,,,,0.0,350600000.0,,-2000000.0,-301400000.0,,4900000.0,-198000000.0,72700000.0,66900000.0
2016-03-31,4627000000.0,3114700000.0,,64700000.0,418500000.0,,1023900000.0,,1042200000.0,268400000.0,-473300000.0,-2.19,-2.17,216100000.0,217900000.0,313100000.0,,1373300000.0,649800000.0,,,444900000.0,3031200000.0,,8854100000.0,1150600000.0,499900000.0,719200000.0,16810800000.0,,,,3839100000.0,,882600000.0,,1462800000.0,9757700000.0,10108800000.0,-2046700000.0,6916600000.0,16810800000.0,464800000.0,19500000.0,,-33200000.0,-10500000.0,57400000.0,,,,,1087500000.0,,,,,0.0,534800000.0,,2500000.0,-466700000.0,,9700000.0,-398900000.0,106700000.0,177900000.0
2016-06-30,7061400000.0,4754000000.0,,98800000.0,630500000.0,,1559000000.0,,1584700000.0,447900000.0,346800000.0,1.6,1.59,216600000.0,218500000.0,514800000.0,,1563200000.0,611100000.0,,,479700000.0,3378800000.0,,8798600000.0,1135200000.0,491200000.0,763700000.0,17083500000.0,,,,3658900000.0,,904600000.0,,1414200000.0,9903300000.0,10268700000.0,-2125700000.0,7045400000.0,17083500000.0,695400000.0,28600000.0,,188400000.0,-39800000.0,74100000.0,,,,,1834300000.0,,,,,0.0,797300000.0,,1700000.0,-722400000.0,,16500000.0,-650800000.0,308400000.0,330100000.0
2016-09-30,9524400000.0,6402700000.0,3121700000.0,132000000.0,849300000.0,,2106000000.0,,2132200000.0,586500000.0,631100000.0,2.92,2.89,216400000.0,218300000.0,1501300000.0,,1439900000.0,619900000.0,662400000.0,,555600000.0,4317300000.0,,8852700000.0,1150200000.0,488000000.0,737300000.0,18055300000.0,,123300000.0,,3283300000.0,,767100000.0,,1873400000.0,10841900000.0,10475500000.0,-2388300000.0,7079600000.0,18055300000.0,925900000.0,37600000.0,62900000.0,61700000.0,-32900000.0,12200000.0,,,,,2707400000.0,,,,,0.0,1055800000.0,,1700000.0,-972000000.0,,33200000.0,-271100000.0,1294900000.0,440800000.0
2016-12-31,1882500000.0,1318100000.0,,15100000.0,165700000.0,,328100000.0,,336600000.0,78400000.0,299800000.0,1.38,1.37,217700000.0,219700000.0,655500000.0,,1063300000.0,330700000.0,,,485900000.0,3548800000.0,,8030300000.0,811100000.0,376700000.0,772000000.0,15956200000.0,,,,2929800000.0,,679000000.0,,1797300000.0,8695100000.0,10771700000.0,-2611700000.0,7161500000.0,15956200000.0,206100000.0,9000000.0,,-42300000.0,-9900000.0,7200000.0,,,,,574300000.0,,,,,,239200000.0,,1500000.0,-238100000.0,,,-974500000.0,-664000000.0,96700000.0
2017-03-31,3862600000.0,2721900000.0,,29900000.0,343600000.0,,719300000.0,,741200000.0,172900000.0,2429800000.0,11.16,11.06,217900000.0,219700000.0,1869300000.0,,1176300000.0,322800000.0,,,362000000.0,5294100000.0,,8198200000.0,827200000.0,377600000.0,730200000.0,17871500000.0,,,,2602300000.0,,650700000.0,,1897900000.0,8451300000.0,12692500000.0,-2393700000.0,9317400000.0,17871500000.0,417900000.0,18500000.0,,53800000.0,-20700000.0,-118400000.0,,,,,861200000.0,,,,,,532200000.0,,1600000.0,-1952400000.0,,,-1661800000.0,538500000.0,784700000.0
2017-06-30,5984500000.0,4208100000.0,,44500000.0,528100000.0,,971900000.0,,936900000.0,262200000.0,2531700000.0,11.62,11.52,218100000.0,219800000.0,2332600000.0,,1101200000.0,293300000.0,,,431700000.0,5347000000.0,,8317000000.0,705100000.0,363800000.0,736900000.0,17853800000.0,,,,2433200000.0,,634100000.0,,1910000000.0,8343900000.0,12584200000.0,-2217100000.0,9412400000.0,17853800000.0,634800000.0,27400000.0,,25700000.0,-44800000.0,-80000000.0,,,,,1613400000.0,,,,,,806800000.0,,1500000.0,-1810800000.0,,,-1854400000.0,1001800000.0,1109800000.0
2017-09-30,8187600000.0,5753400000.0,2434200000.0,57800000.0,715600000.0,,1427600000.0,,1416100000.0,260900000.0,3000400000.0,13.76,13.65,218000000.0,219800000.0,3273600000.0,,1174000000.0,335400000.0,549100000.0,,403300000.0,5876700000.0,,8440200000.0,721500000.0,368300000.0,641800000.0,18467200000.0,,114600000.0,,2489000000.0,,778400000.0,,1611900000.0,8281700000.0,12846600000.0,-1847400000.0,10086200000.0,18467200000.0,865800000.0,39900000.0,-38000000.0,73600000.0,-6400000.0,-124700000.0,,,,,2534100000.0,,,,,8200000.0,1039700000.0,,2300000.0,-1417700000.0,,,-2040900000.0,1942800000.0,1348800000.0
2017-12-31,2216600000.0,1571800000.0,,14600000.0,191600000.0,,460700000.0,,454500000.0,291800000.0,154600000.0,0.71,0.7,218900000.0,220400000.0,2722600000.0,,1233400000.0,347400000.0,,,371700000.0,5355500000.0,,8631900000.0,790800000.0,429100000.0,617500000.0,18208800000.0,,,,1831600000.0,,719200000.0,,1921900000.0,7887600000.0,12792300000.0,-1695600000.0,10215300000.0,18208800000.0,227900000.0,11800000.0,,34200000.0,8400000.0,-23800000.0,,,,,564100000.0,,,,,237100000.0,256600000.0,,-1500000.0,-484900000.0,,,-641100000.0,-551000000.0,61000000.0
2018-03-31,4372300000.0,3078300000.0,,29100000.0,386200000.0,,916100000.0,,934300000.0,348000000.0,571000000.0,2.61,2.59,219400000.0,220800000.0,3066900000.0,,1252300000.0,339900000.0,,,370500000.0,5396300000.0,,8817700000.0,815000000.0,444400000.0,603600000.0,18511100000.0,,,,1752300000.0,,,,1923500000.0,7817900000.0,12966500000.0,-1535300000.0,10580800000.0,18511100000.0,467900000.0,22500000.0,-94400000.0,30200000.0,-5500000.0,-23200000.0,,,,,1110100000.0,,,,,271400000.0,572500000.0,,2600000.0,-544900000.0,,,-815600000.0,-206700000.0,153700000.0
2018-06-30,6631300000.0,4623700000.0,,44100000.0,574800000.0,,1431900000.0,,1486100000.0,455100000.0,1044900000.0,4.76,4.73,219500000.0,220900000.0,2986500000.0,,1227600000.0,322100000.0,,,314000000.0,5055500000.0,,9902000000.0,794100000.0,449000000.0,687900000.0,19206000000.0,,,,2109800000.0,,,,1831800000.0,8396000000.0,13200200000.0,-1877800000.0,10486000000.0,19206000000.0,713500000.0,30400000.0,-86900000.0,50500000.0,-16000000.0,-95900000.0,,,,,1863300000.0,,,,,320200000.0,1158100000.0,,1800000.0,-1038900000.0,,,-1097800000.0,-287100000.0,319100000.0
2018-09-30,8930200000.0,6189500000.0,2740700000.0,64500000.0,760800000.0,,1965600000.0,,2015000000.0,524300000.0,1497800000.0,6.83,6.78,219300000.0,220800000.0,2791300000.0,,1207200000.0,396100000.0,300400000.0,,295800000.0,5082200000.0,,9923700000.0,788900000.0,438500000.0,654500000.0,19178300000.0,,136900000.0,,2338300000.0,,,,1536900000.0,8002000000.0,13409900000.0,-1741900000.0,10857500000.0,19178300000.0,970700000.0,38800000.0,-55400000.0,42800000.0,64200000.0,-123600000.0,,,,,2554700000.0,,,,,345400000.0,1568400000.0,,2000000.0,-1649100000.0,,,-1359800000.0,-482300000.0,372000000.0
2018-12-31,2224000000.0,1544000000.0,,15000000.0,189600000.0,,455000000.0,,489100000.0,132100000.0,347500000.0,1.58,1.57,219900000.0,221000000.0,2923300000.0,,1268200000.0,403400000.0,,,407800000.0,5089900000.0,,9959800000.0,780400000.0,416900000.0,666700000.0,19142000000.0,,,152400000.0,2303500000.0,,,,1551600000.0,7938600000.0,13497900000.0,-1811200000.0,10882900000.0,19142000000.0,258000000.0,9300000.0,-1000000.0,73600000.0,10400000.0,-10300000.0,,,,,655200000.0,,,,,0.0,403400000.0,,-3100000.0,-226500000.0,,,-289800000.0,132000000.0,28700000.0
2019-03-31,4411700000.0,3018700000.0,,31900000.0,379600000.0,,971500000.0,,1030100000.0,239600000.0,768800000.0,3.49,3.48,220200000.0,221400000.0,2735900000.0,,1258500000.0,408300000.0,,,387500000.0,4895200000.0,,10193800000.0,811900000.0,418600000.0,671000000.0,19244500000.0,,,194200000.0,2073000000.0,,,,1560500000.0,7741100000.0,13662000000.0,-1744800000.0,11165700000.0,19244500000.0,520100000.0,21200000.0,27500000.0,55400000.0,14200000.0,-49600000.0,,,,,1285800000.0,,,,,106300000.0,963500000.0,,-2700000.0,-882100000.0,,,-459800000.0,-55400000.0,165600000.0
2019-06-30,6635700000.0,4484700000.0,,50000000.0,568100000.0,,1541200000.0,,1639600000.0,348900000.0,1256800000.0,5.71,5.68,220600000.0,221900000.0,2696800000.0,,1340700000.0,408300000.0,,,372200000.0,4915200000.0,,10427600000.0,820400000.0,441100000.0,698800000.0,19531900000.0,,,181100000.0,2155200000.0,,,,1553600000.0,7805300000.0,13891900000.0,-1781400000.0,11386100000.0,19531900000.0,789200000.0,31000000.0,37800000.0,139500000.0,13500000.0,-70600000.0,,,,,2003400000.0,,,,,107000000.0,1507600000.0,,-800000.0,-1435500000.0,,,-660800000.0,-94500000.0,250800000.0
2019-09-30,8918900000.0,5975500000.0,2914400000.0,72900000.0,750000000.0,,2144400000.0,,2289500000.0,480100000.0,1760000000.0,7.99,7.94,220300000.0,221600000.0,2248700000.0,,1260200000.0,388300000.0,434000000.0,,477700000.0,4618300000.0,,10337600000.0,797100000.0,419500000.0,604100000.0,18942800000.0,,206700000.0,247400000.0,1820900000.0,,,,1712400000.0,7554500000.0,14138400000.0,-2375600000.0,11053600000.0,18942800000.0,1082800000.0,41200000.0,57600000.0,69000000.0,3000000.0,-79800000.0,,,,,2969900000.0,,,,,123200000.0,1989700000.0,,14300000.0,-2113400000.0,,,-1370500000.0,-542600000.0,324300000.0
2019-12-31,2254700000.0,1486600000.0,,17700000.0,201700000.0,,561000000.0,,609600000.0,120700000.0,475600000.0,2.15,2.14,220900000.0,222200000.0,2406100000.0,,1288600000.0,400600000.0,,,526100000.0,4719700000.0,,10692200000.0,816100000.0,415900000.0,784600000.0,19651600000.0,,,284900000.0,1819000000.0,,,,1826700000.0,7721800000.0,14356900000.0,-2088600000.0,11556000000.0,19651600000.0,289200000.0,13900000.0,24400000.0,-900000.0,8400000.0,-1400000.0,,,,,667000000.0,,,,,,447700000.0,,-1900000.0,-260700000.0,,,-270300000.0,157400000.0,66200000.0
2020-03-31,4471000000.0,2946700000.0,,36900000.0,403400000.0,,1138200000.0,,1262800000.0,269200000.0,953400000.0,4.31,4.29,221200000.0,222300000.0,2220100000.0,,1399400000.0,399700000.0,,,539700000.0,4688500000.0,,10623700000.0,785300000.0,377900000.0,870400000.0,19501200000.0,,,284100000.0,1806900000.0,,,,1881000000.0,7777500000.0,14537200000.0,-2478200000.0,11371900000.0,19501200000.0,583900000.0,26900000.0,55000000.0,111900000.0,16500000.0,700000.0,,,,,1238500000.0,,,,,0.0,930600000.0,,-1900000.0,-706400000.0,,,-537800000.0,-28600000.0,253500000.0
2020-06-30,6536200000.0,4291600000.0,,56800000.0,580300000.0,,1677400000.0,,1829200000.0,378500000.0,1399900000.0,6.33,6.3,221200000.0,222400000.0,3921400000.0,,1409700000.0,410900000.0,,,562900000.0,9006500000.0,,11468900000.0,799300000.0,380900000.0,959800000.0,24782100000.0,,,315500000.0,2591000000.0,,,,1866900000.0,12758700000.0,14686600000.0,-2353100000.0,11659300000.0,24782100000.0,874500000.0,39400000.0,160000000.0,106200000.0,25300000.0,23200000.0,,,,,2013200000.0,,,,,0.0,2045200000.0,,-2900000.0,-4330900000.0,,,4005500000.0,1672700000.0,329600000.0
2020-09-30,8856300000.0,5858100000.0,2998200000.0,83900000.0,775900000.0,,2237600000.0,,2423800000.0,478400000.0,1886700000.0,8.53,8.49,221200000.0,222300000.0,5253000000.0,,1274800000.0,404800000.0,428900000.0,,482900000.0,8684900000.0,,11964700000.0,891500000.0,435800000.0,943100000.0,25168500000.0,,246300000.0,313800000.0,2416700000.0,,,,1916000000.0,12725400000.0,14875700000.0,-2140100000.0,12079800000.0,25168500000.0,1185000000.0,53500000.0,165000000.0,-43200000.0,5200000.0,-84400000.0,,,,,3264700000.0,,,,,183300000.0,2509000000.0,,-3900000.0,-3560000000.0,,,3284700000.0,3004300000.0,379900000.0
2020-12-31,2375200000.0,1632400000.0,,23500000.0,202700000.0,,539100000.0,,590300000.0,113900000.0,482000000.0,2.18,2.17,221500000.0,222600000.0,5788000000.0,,1419700000.0,422900000.0,,,588700000.0,8809800000.0,,12517100000.0,923900000.0,452500000.0,1048200000.0,26088100000.0,,,434000000.0,2985900000.0,,,,1935700000.0,13016200000.0,15060500000.0,-1713300000.0,12683600000.0,26088100000.0,323700000.0,9800000.0,47600000.0,44100000.0,9900000.0,30100000.0,,,,,774700000.0,,,,,,664200000.0,,-3300000.0,18200000.0,,,-307100000.0,535000000.0,73400000.0
2021-03-31,4877200000.0,3377900000.0,,44600000.0,413000000.0,,1087600000.0,,1189300000.0,235800000.0,955100000.0,4.31,4.29,221600000.0,222500000.0,5786300000.0,,1388900000.0,430300000.0,,,545100000.0,8766600000.0,,12628300000.0,914700000.0,449100000.0,1072800000.0,26158900000.0,,,413000000.0,3017400000.0,,,,1840000000.0,13024100000.0,15200000000.0,-1824400000.0,12726200000.0,26158900000.0,653000000.0,22400000.0,76100000.0,74800000.0,25400000.0,-15700000.0,,,,,1580300000.0,,,,,,1227800000.0,,-3100000.0,-583200000.0,,,-503200000.0,533300000.0,223800000.0
2021-06-30,7481900000.0,5179800000.0,,67800000.0,626300000.0,,1664700000.0,,1815100000.0,337500000.0,1488700000.0,6.72,6.69,221600000.0,222500000.0,4291600000.0,,1419300000.0,447200000.0,,,561500000.0,8376800000.0,,13035600000.0,931500000.0,444000000.0,1122700000.0,26252100000.0,,,447200000.0,2697100000.0,,,,1819000000.0,12760500000.0,15400200000.0,-1681900000.0,13082900000.0,26252100000.0,988700000.0,34600000.0,87000000.0,84300000.0,36400000.0,-53600000.0,,,,,2508900000.0,,,,,9800000.0,1847800000.0,,-4100000.0,-2318000000.0,,,-1203100000.0,-961400000.0,284800000.0
2021-09-30,10323000000.0,7186100000.0,,93500000.0,828400000.0,,2281400000.0,,2507400000.0,462800000.0,2099100000.0,9.47,9.43,221600000.0,222500000.0,4468900000.0,,1451300000.0,453900000.0,268900000.0,,550900000.0,8376300000.0,,13254600000.0,911500000.0,420700000.0,1506500000.0,26859200000.0,,238400000.0,366800000.0,2799100000.0,,,,1640900000.0,12771200000.0,15678300000.0,-1515900000.0,13539700000.0,26859200000.0,1321300000.0,44500000.0,94000000.0,130500000.0,47200000.0,-75500000.0,,,,,3335200000.0,,,,,10500000.0,2464200000.0,,-5800000.0,-2732900000.0,,,-1420900000.0,-784100000.0,383800000.0
2021-12-31,2994200000.0,2223600000.0,,23300000.0,232800000.0,,523000000.0,,662900000.0,113300000.0,560400000.0,2.53,2.52,221900000.0,222600000.0,2953700000.0,,1693800000.0,487200000.0,,,484900000.0,6483500000.0,,13624700000.0,923300000.0,418800000.0,1621500000.0,27125300000.0,,,519400000.0,2630100000.0,,,,1731700000.0,12749700000.0,15905200000.0,-1452300000.0,13825100000.0,27125300000.0,332300000.0,15800000.0,15700000.0,132700000.0,33700000.0,-14000000.0,,,,,785200000.0,,,,,34600000.0,663800000.0,,-6400000.0,-1719100000.0,,,-585100000.0,-1515200000.0,50300000.0
2022-03-31,5939300000.0,4375200000.0,,47000000.0,459800000.0,,1084900000.0,,1322400000.0,236000000.0,1090900000.0,4.91,4.9,222000000.0,222500000.0,2348700000.0,,1728200000.0,507500000.0,,,620600000.0,6249400000.0,,14095200000.0,912800000.0,419200000.0,1657000000.0,27449700000.0,,,565800000.0,3205100000.0,,,,1736800000.0,12939000000.0,16075900000.0,-1505600000.0,13955100000.0,27449700000.0,668200000.0,26500000.0,51300000.0,203100000.0,57300000.0,-13800000.0,,,,,1305000000.0,,,,,65100000.0,1433600000.0,,-6500000.0,-2635800000.0,,,-785600000.0,-2120200000.0,236900000.0
2022-06-30,9128600000.0,6717300000.0,,71800000.0,676700000.0,,1712300000.0,,2043700000.0,370200000.0,1673000000.0,7.54,7.52,222000000.0,222500000.0,2957400000.0,,1768600000.0,514000000.0,,,590400000.0,6367300000.0,,14131700000.0,866800000.0,376800000.0,1765000000.0,27489000000.0,,,477100000.0,3406900000.0,,,,1726200000.0,13273300000.0,16297900000.0,-2050600000.0,13643900000.0,27489000000.0,1005400000.0,37000000.0,69000000.0,389700000.0,80800000.0,22800000.0,,,,,2213200000.0,,,,,65100000.0,2139100000.0,,-6900000.0,-2844100000.0,,,-812100000.0,-1511500000.0,341300000.0
2022-09-30,12698600000.0,9338500000.0,,102900000.0,900600000.0,,2338800000.0,,2754700000.0,500800000.0,2256100000.0,10.16,10.14,222000000.0,222500000.0,2711000000.0,,1794400000.0,514200000.0,266300000.0,,515800000.0,6282900000.0,,14160500000.0,823000000.0,347500000.0,1641800000.0,27192600000.0,,273900000.0,439100000.0,3465800000.0,,,,1691200000.0,13490200000.0,16520300000.0,-2786100000.0,13144000000.0,27192600000.0,1338200000.0,48400000.0,32300000.0,475200000.0,94300000.0,1800000.0,,,,,3170600000.0,,,,,65100000.0,2926500000.0,,-7000000.0,-3857200000.0,,,-1000600000.0,-1757900000.0,369200000.0
2022-12-31,3174700000.0,2272300000.0,,24400000.0,234400000.0,,652000000.0,,720200000.0,136400000.0,572200000.0,2.58,2.57,222200000.0,222600000.0,3131000000.0,,1827200000.0,635300000.0,,,542900000.0,6321100000.0,,15039200000.0,876300000.0,363100000.0,953000000.0,28278300000.0,,,424600000.0,3276900000.0,,,,1117700000.0,13760900000.0,16731400000.0,-2218300000.0,13935700000.0,28278300000.0,321500000.0,16100000.0,13800000.0,-40400000.0,102800000.0,6700000.0,,,,,719300000.0,,,,,0.0,834200000.0,,-1700000.0,-256200000.0,,,-85600000.0,420000000.0,88500000.0
2023-03-31,6374800000.0,4555100000.0,,51600000.0,485600000.0,,1111800000.0,,1291100000.0,257400000.0,1012000000.0,4.55,4.54,222300000.0,222700000.0,2242400000.0,,1714700000.0,645600000.0,,,622900000.0,5721600000.0,,15698400000.0,883900000.0,367200000.0,1015500000.0,29435400000.0,,,396000000.0,2797900000.0,,,,1096300000.0,14745200000.0,16781300000.0,-2163300000.0,14058300000.0,29435400000.0,661100000.0,31200000.0,29000000.0,-162000000.0,112300000.0,63000000.0,,,,,1358000000.0,,,,,0.0,1841100000.0,,51200000.0,-2476000000.0,,,603400000.0,-468600000.0,327000000.0
2023-06-30,9408700000.0,6625800000.0,,80900000.0,724300000.0,,1756000000.0,,2041200000.0,397000000.0,1607600000.0,7.23,7.22,222400000.0,222800000.0,1637700000.0,,1934200000.0,663900000.0,,,670300000.0,5354000000.0,,16512800000.0,891600000.0,358900000.0,1010700000.0,30929500000.0,,,473600000.0,3947700000.0,,,,1144600000.0,15558800000.0,16986900000.0,-2304800000.0,14138000000.0,30929500000.0,1001000000.0,45800000.0,-14100000.0,49200000.0,133500000.0,98500000.0,,,,,2203400000.0,,,,,0.0,3163500000.0,,-4800000.0,-4399800000.0,,,1098900000.0,-1073300000.0,487600000.0
2023-09-30,12600000000.0,8833000000.0,,105600000.0,957000000.0,,2494600000.0,,2882400000.0,551200000.0,2300200000.0,10.35,10.33,222300000.0,222700000.0,1617000000.0,,1700400000.0,651800000.0,256400000.0,,722100000.0,5200500000.0,,17472100000.0,861700000.0,334600000.0,1229900000.0,32002500000.0,,281500000.0,413000000.0,3895800000.0,,,,1118000000.0,16342200000.0,17289700000.0,-2449400000.0,14312900000.0,32002500000.0,1358300000.0,59900000.0,-24700000.0,-130700000.0,129400000.0,93800000.0,,,,,3205700000.0,,,,,0.0,4626400000.0,,-4800000.0,-5916400000.0,,,1609600000.0,-1094000000.0,645200000.0
2023-12-31,2997400000.0,2067200000.0,,25700000.0,238400000.0,,666900000.0,,757000000.0,135400000.0,609300000.0,2.74,2.73,222500000.0,222800000.0,1962600000.0,,1725400000.0,709300000.0,,,773600000.0,5649500000.0,,18935500000.0,899400000.0,339100000.0,1025700000.0,34118200000.0,,,386000000.0,3119200000.0,,,,1111500000.0,17989100000.0,17510000000.0,-2120300000.0,14873000000.0,34118200000.0,349200000.0,13800000.0,13500000.0,-11800000.0,48600000.0,64500000.0,,,,,626600000.0,,,,,,1445500000.0,,-12900000.0,-1665600000.0,,,1362800000.0,345600000.0,90100000.0
2024-03-31,5927600000.0,4058700000.0,,51100000.0,479000000.0,,1304100000.0,,1468400000.0,265900000.0,1181700000.0,5.31,5.3,222500000.0,222800000.0,2535000000.0,,1715800000.0,721200000.0,,,719200000.0,6057300000.0,,20000500000.0,883200000.0,318400000.0,1236400000.0,35921700000.0,,,396100000.0,4061000000.0,,,,1092500000.0,19586800000.0,17690000000.0,-2275900000.0,14913400000.0,35921700000.0,710000000.0,28500000.0,6900000.0,-30900000.0,72700000.0,31600000.0,,,,,1428300000.0,,,,,,3114900000.0,,-30100000.0,-3226000000.0,,,2712500000.0,918000000.0,321800000.0
2024-06-30,8913100000.0,6064300000.0,,78100000.0,714400000.0,,2041700000.0,,2317900000.0,406500000.0,1878300000.0,8.44,8.43,222500000.0,222800000.0,2375700000.0,,1712200000.0,755600000.0,,,601400000.0,5677400000.0,,21482100000.0,879000000.0,310500000.0,1278000000.0,36974300000.0,,,365800000.0,4474500000.0,,,,1108700000.0,20287300000.0,17989900000.0,-2391100000.0,15101300000.0,36974300000.0,1070300000.0,46200000.0,-74300000.0,10400000.0,111000000.0,-82400000.0,,,,,2689700000.0,,,,,,4721500000.0,,-45900000.0,-4773800000.0,,,2847700000.0,758700000.0,502200000.0
2024-09-30,12100600000.0,8168700000.0,,100200000.0,942400000.0,,4466100000.0,,4821200000.0,944900000.0,3828200000.0,17.21,17.18,222500000.0,222800000.0,2979700000.0,,1821600000.0,766000000.0,322400000.0,,610800000.0,6363000000.0,,23370900000.0,905100000.0,311600000.0,1171500000.0,39574600000.0,,307000000.0,240000000.0,4179600000.0,,,,1350500000.0,20900900000.0,19545700000.0,-2027700000.0,17036500000.0,39574600000.0,1451100000.0,61800000.0,-69300000.0,111000000.0,137800000.0,-34400000.0,,,,,3646700000.0,,,,,0.0,6796700000.0,,-72400000.0,-4919200000.0,,,2615400000.0,1362700000.0,615900000.0
