Date,Net sales,Cost of sales,Gross margin,Research and development,"Selling, general and administrative",Total operating expenses,Operating income,"Other income/(expense), net",Income before provision for income taxes,Provision for income taxes,Net income,Earnings per share basic,Earnings per share diluted,Weighted-average basic,Weighted-average diluted,Cash and cash equivalents,Short-term marketable securities,"Accounts receivable, net",Inventories,Deferred tax assets,Vendor non-trade receivables,Other current assets,Total current assets,Long-term marketable securities,"Property, Plant and Equipment, Net",Goodwill,"Acquired intangible assets, net","Other Assets, Noncurrent",Total assets,accounts payable,Accrued expenses,Deferred revenue,Total current liabilities,Deferred revenue - non-current,deferred tax liabilities,long term taxes payable,Total other non-current liabilities,Total liabilities,Retained Earnings (Accumulated Deficit),Accumulated other comprehensive (loss)/income,Total shareholders equity,Total liabilities and shareholders' equity,"Depreciation, amortization and accretion",Stock-based compensation expense,Deferred income tax expense,"Increase (Decrease) in Accounts receivable, net",Increase (Decrease) in Inventories,Increase (Decrease) in Other Receivables,Increase (Decrease) in Other Operating Assets,Increase (Decrease) in Accounts Payable,Increase (Decrease) in Deferred Revenue,Increase (Decrease) Other liabilities,Cash generated by operating activities,Purchases of marketable securities,Proceeds from maturities of marketable securities,Proceeds from sales of marketable securities,Purchases of other long-term investments,"Business acquisitions, net of cash acquired",Cash payments for capital asset purchases,Payments for acquisition of intangible assets,Payments for (Proceeds from) Other Investing Activities,Cash used in investing activities,Proceeds from issuance of common stock,Excess tax benefits from stock-based compensation,Cash generated/used in financing activities,Increase/(decrease) in cash and cash equivalents,"Cash paid for income taxes, net"
2009-12-31,,,886554000.0,,397641000.0,,488913000.0,,446527000.0,119311000.0,317834000.0,1.85,1.83,171607643.0,173941752.0,384613000.0,,449591000.0,461750000.0,,,124441000.0,1420395000.0,,332875000.0,1368672000.0,,97242000.0,3219184000.0,292122000.0,81979000.0,,503159000.0,,,,27922000.0,,1774625000.0,-100090000.0,1746077000.0,3219184000.0,98524000.0,20240000.0,,-96588000.0,-76332000.0,,-6017000.0,-31709000.0,,,582297000.0,,,,,280014000.0,63058000.0,,,-373190000.0,,16085000.0,-34322000.0,169626000.0,117122000.0
2010-03-31,,,249192000.0,,104148000.0,,145044000.0,,135490000.0,35352000.0,98353000.0,0.57,0.56,173266113.0,175575002.0,431719000.0,,572616000.0,476097000.0,,,135913000.0,1616345000.0,,327211000.0,1371800000.0,,95160000.0,3410516000.0,319820000.0,83715000.0,,592881000.0,,,,26569000.0,,1870378000.0,-100989000.0,1849961000.0,3410516000.0,24344000.0,5443000.0,,,,,,,,,31843000.0,,,,,3000000.0,18353000.0,,,-29706000.0,,582000.0,48720000.0,47106000.0,
2010-06-30,,,538491000.0,,217822000.0,,320669000.0,,301911000.0,70764000.0,228024000.0,1.32,1.3,173519882.0,175885465.0,436677000.0,,645595000.0,498552000.0,,,176879000.0,1757703000.0,,325186000.0,1382363000.0,,91516000.0,3556768000.0,377618000.0,81279000.0,,596916000.0,,,,28011000.0,,1997445000.0,-135677000.0,1953161000.0,3556768000.0,49493000.0,11615000.0,,,,,,,,,135871000.0,,,,,13624000.0,43086000.0,,,-101301000.0,,1333000.0,29894000.0,52064000.0,
2010-09-30,,,848208000.0,,338405000.0,,509803000.0,,481728000.0,111782000.0,365292000.0,2.11,2.08,173813753.0,176224749.0,480528000.0,,727458000.0,539728000.0,,,102717000.0,1957676000.0,,352318000.0,1527824000.0,,130953000.0,3968771000.0,395999000.0,94085000.0,,687149000.0,,,,43112000.0,,2132101000.0,-86296000.0,2145959000.0,3968771000.0,76000000.0,18580000.0,,,,,,,,,264211000.0,,,,,164921000.0,72328000.0,,,-306369000.0,,3650000.0,137384000.0,95915000.0,
2010-12-31,,,1158228000.0,77570000.0,457871000.0,,700357000.0,,663688000.0,161275000.0,496405000.0,2.86,2.82,173785650.0,176325993.0,525888000.0,,718545000.0,549169000.0,,,100187000.0,1992130000.0,,366996000.0,1533299000.0,,123432000.0,4015857000.0,384963000.0,89566000.0,,654990000.0,,,,41876000.0,,2260581000.0,-84757000.0,2320855000.0,4015857000.0,102846000.0,25385000.0,4078000.0,157657000.0,65179000.0,,5637000.0,76932000.0,,,424893000.0,,,,,180402000.0,109458000.0,,,-348225000.0,,14692000.0,64721000.0,141275000.0,133068000.0
2011-03-31,,,304124000.0,,118039000.0,,186085000.0,,177773000.0,48888000.0,127958000.0,0.73,0.72,175168297.0,177850932.0,592999000.0,,744203000.0,602985000.0,,,107285000.0,2145894000.0,,371491000.0,1536506000.0,,117342000.0,4171233000.0,414296000.0,74855000.0,,682427000.0,,,,43037000.0,,2385897000.0,-61082000.0,2304146000.0,4171233000.0,27357000.0,6320000.0,,,,,,,,,107738000.0,,,,,,23178000.0,,,-23259000.0,,4625000.0,-25516000.0,67111000.0,30454000.0
2011-06-30,,,625346000.0,,242200000.0,,400959000.0,,383406000.0,105627000.0,275709000.0,1.59,1.57,173170408.0,175707345.0,611208000.0,,793418000.0,642273000.0,,,114434000.0,2246680000.0,,379731000.0,1576987000.0,,119337000.0,4322735000.0,426184000.0,77822000.0,,648378000.0,,,,35751000.0,,2170142000.0,-42521000.0,2296452000.0,4322735000.0,57208000.0,13381000.0,,,,,,,,,212347000.0,,,,,51889000.0,45780000.0,,,-84675000.0,,5493000.0,-56143000.0,85320000.0,83496000.0
2011-09-30,,,948823000.0,,366787000.0,,587018000.0,,561222000.0,147385000.0,,2.39,2.36,171411779.0,173728409.0,690179000.0,,803477000.0,634814000.0,,,108612000.0,2327812000.0,,359516000.0,1559958000.0,,114510000.0,4361796000.0,418201000.0,89070000.0,,662203000.0,,,,37433000.0,,2129274000.0,-91955000.0,2216574000.0,4361796000.0,88197000.0,21011000.0,,,,,,,,,396589000.0,,,,,52993000.0,72048000.0,,,-110296000.0,,5624000.0,-123221000.0,164291000.0,112845000.0
2011-12-31,,,1243660000.0,88877000.0,486316000.0,,751678000.0,,716752000.0,187910000.0,,3.09,3.05,169640115.0,171825588.0,515086000.0,,767181000.0,649862000.0,,,115260000.0,2181237000.0,,380501000.0,1746113000.0,,137374000.0,4445225000.0,377867000.0,93125000.0,,642415000.0,,,,34144000.0,,2102497000.0,-120057000.0,2171769000.0,4445225000.0,119439000.0,28679000.0,14533000.0,9664000.0,88486000.0,,8890000.0,-27547000.0,,,565207000.0,,,,,303273000.0,100222000.0,,,-430884000.0,,5995000.0,-151148000.0,,144175000.0
2012-03-31,,,309271000.0,,123992000.0,,185279000.0,,173717000.0,46469000.0,,0.78,0.77,162861863.0,165355138.0,620983000.0,,771400000.0,659108000.0,,,118060000.0,2291800000.0,,389873000.0,1754951000.0,,140756000.0,4577380000.0,402916000.0,102182000.0,,744979000.0,,,,43560000.0,,2130127000.0,-103647000.0,2251000000.0,4577380000.0,28999000.0,7491000.0,,,,,,,,,164204000.0,,,,,,31523000.0,,,-18909000.0,,5429000.0,-42918000.0,,45063000.0
2012-06-30,,,643432000.0,,251977000.0,,391455000.0,,367428000.0,98287000.0,,1.65,1.63,162186707.0,164613352.0,646014000.0,,840090000.0,675342000.0,,,130264000.0,2426160000.0,,396180000.0,1803710000.0,,140789000.0,4766839000.0,431954000.0,113725000.0,,801656000.0,,,,42189000.0,,2135047000.0,-133607000.0,2250574000.0,4766839000.0,58591000.0,15101000.0,,,,,,,,,291605000.0,,,,,82349000.0,63422000.0,,,-144069000.0,,9677000.0,-14237000.0,,89481000.0
2012-09-30,,,987761000.0,,380636000.0,,607125000.0,,570568000.0,152627000.0,,2.56,2.53,161905598.0,164333598.0,725546000.0,,903344000.0,712189000.0,,,132557000.0,2640981000.0,,407587000.0,1876539000.0,,145858000.0,5070965000.0,478100000.0,127425000.0,,864588000.0,,,,50940000.0,,2237109000.0,-112977000.0,2426841000.0,5070965000.0,89339000.0,23167000.0,,,,,,,,,467603000.0,,,,,179597000.0,96489000.0,,,-305409000.0,,17805000.0,44767000.0,,134479000.0
2012-12-31,,,1343212000.0,92480000.0,512867000.0,,828345000.0,,778841000.0,219333000.0,,3.44,3.39,161522080.0,163947111.0,690850000.0,,910711000.0,733718000.0,,,119983000.0,2706915000.0,,417436000.0,1932740000.0,,158372000.0,5215463000.0,496525000.0,108213000.0,,888514000.0,,,,33992000.0,,2210120000.0,-117004000.0,2429959000.0,5215463000.0,121779000.0,31412000.0,1624000.0,123870000.0,45934000.0,,71000.0,99416000.0,,,674679000.0,,,,,251523000.0,129099000.0,,,-493599000.0,,21648000.0,-13084000.0,,189677000.0
2013-03-31,,,337892000.0,,130935000.0,,206957000.0,,194285000.0,40672000.0,,0.96,0.94,159738168.0,162713002.0,734993000.0,,861598000.0,711581000.0,,,130590000.0,2725671000.0,,415943000.0,1919929000.0,,152418000.0,5213961000.0,445517000.0,111234000.0,,815014000.0,,,,39123000.0,,2261073000.0,-141760000.0,2505408000.0,5213961000.0,32592000.0,8283000.0,,,,,,,,,180254000.0,,,,,-201000.0,29685000.0,,,-63938000.0,,8720000.0,-65060000.0,,38852000.0
2013-06-30,,,697680000.0,,266710000.0,,430970000.0,,405710000.0,97229000.0,,1.92,1.89,159721503.0,162935428.0,723659000.0,,905823000.0,703489000.0,,,122606000.0,2874470000.0,,424844000.0,1952251000.0,,152736000.0,5404301000.0,447159000.0,118264000.0,,815559000.0,,,,42158000.0,,2302541000.0,-151798000.0,2585139000.0,5404301000.0,66762000.0,17175000.0,,,,,,,,,360806000.0,,,,,44036000.0,66037000.0,,,-275901000.0,,16023000.0,-42632000.0,,82639000.0
2013-09-30,,,1061528000.0,,403538000.0,,655453000.0,,617770000.0,147900000.0,,2.94,2.88,159365640.0,162477034.0,889366000.0,,926194000.0,732724000.0,,,135036000.0,3077535000.0,,441799000.0,1972428000.0,,148919000.0,5640681000.0,481022000.0,122249000.0,,893201000.0,,,,45720000.0,,2315841000.0,-120686000.0,2657249000.0,5640681000.0,101531000.0,26584000.0,,,,,,,,,557724000.0,,,,,44036000.0,105740000.0,,,-290254000.0,,18853000.0,-75331000.0,,126744000.0
2013-12-31,,,1450834000.0,103421000.0,548038000.0,,896813000.0,,846645000.0,207896000.0,,4.0,3.92,159092787.0,162274499.0,886838000.0,,1001012000.0,792644000.0,,,171749000.0,3157567000.0,,532425000.0,2289085000.0,,,6168028000.0,549942000.0,157252000.0,,1609878000.0,,,,66620000.0,,2424372000.0,-54951000.0,2859509000.0,6168028000.0,136482000.0,36070000.0,-1912000.0,37046000.0,7997000.0,,18375000.0,6908000.0,,,769050000.0,,,,,484907000.0,158448000.0,,,-693314000.0,,21045000.0,108589000.0,,176801000.0
2014-03-31,,,388856000.0,,154701000.0,,232135000.0,,217129000.0,57327000.0,,1.01,0.98,157528482.0,161177156.0,1023320000.0,,971576000.0,772710000.0,,,160728000.0,3204467000.0,,538715000.0,2302359000.0,,,6230203000.0,479786000.0,147054000.0,,1556204000.0,,,,71366000.0,,2430310000.0,-69541000.0,2875448000.0,6230203000.0,39873000.0,9276000.0,,,,,,,,,202659000.0,,,,,8978000.0,54176000.0,,,-38393000.0,,2652000.0,-20984000.0,,48827000.0
2014-06-30,,,805623000.0,,315658000.0,,487945000.0,,457151000.0,120932000.0,,2.12,2.07,157320441.0,160983079.0,1080083000.0,,1031071000.0,805452000.0,,,181962000.0,3462385000.0,,558652000.0,2318955000.0,,,6517300000.0,534381000.0,170880000.0,,1711793000.0,,,,79078000.0,,2444843000.0,-52105000.0,2977321000.0,6517300000.0,77618000.0,19249000.0,,,,,,,,,383340000.0,,,,,19467000.0,105910000.0,,,-186653000.0,,18103000.0,-2315000.0,,119332000.0
2014-09-30,,,1237278000.0,,476945000.0,,755766000.0,,708629000.0,188250000.0,,1.64,1.6,314183699.0,321518036.0,872999000.0,,1092424000.0,848072000.0,,,187459000.0,3372572000.0,,585353000.0,2592075000.0,,,6851769000.0,599754000.0,156436000.0,,1555397000.0,,,,,,2437281000.0,-97094000.0,2976160000.0,6851769000.0,117977000.0,29382000.0,,,,,,,,,607435000.0,,,,,468009000.0,162657000.0,,,-696918000.0,,29569000.0,92206000.0,,160948000.0
2014-12-31,,,1693800000.0,114800000.0,645100000.0,,1034600000.0,,972500000.0,257300000.0,,2.26,2.21,313136791.0,320430140.0,968900000.0,,1123700000.0,865600000.0,,,185200000.0,3504100000.0,,590700000.0,2616700000.0,,,7027000000.0,618400000.0,186200000.0,,1045600000.0,,,,,,2453500000.0,-205800000.0,2907400000.0,7027000000.0,168100000.0,41400000.0,10500000.0,111500000.0,51600000.0,,10000000.0,66800000.0,,,880900000.0,,,,,518200000.0,209100000.0,,,-781900000.0,,32300000.0,14100000.0,,209600000.0
2015-03-31,,,424600000.0,,164400000.0,,260200000.0,,247300000.0,65500000.0,,0.58,0.57,310046534.0,317985645.0,969900000.0,,1091800000.0,871400000.0,,,219500000.0,3533800000.0,,589500000.0,2594500000.0,,,7025600000.0,582900000.0,143300000.0,,925700000.0,,,,,,2532300000.0,-271500000.0,2949900000.0,7025600000.0,40100000.0,10100000.0,,,,,,,,,188300000.0,,,,,76100000.0,40000000.0,,,-136300000.0,,3600000.0,-37700000.0,,51900000.0
2015-06-30,,,857000000.0,,330400000.0,,520900000.0,,495100000.0,132700000.0,,1.16,1.13,309470068.0,317428813.0,1242800000.0,,1089500000.0,893000000.0,,,213100000.0,3592800000.0,,609900000.0,2709000000.0,,,7228700000.0,559500000.0,201200000.0,,984700000.0,,,,,,2591300000.0,-256100000.0,3065100000.0,7228700000.0,83500000.0,20200000.0,,,,,,,,,422800000.0,,,,,171800000.0,85200000.0,,,-48500000.0,,9100000.0,-89700000.0,273900000.0,128700000.0
2015-09-30,,,1321100000.0,,499700000.0,,815700000.0,,777100000.0,207400000.0,,1.82,1.78,309262335.0,316909091.0,1575600000.0,,1163300000.0,887700000.0,,,213600000.0,3862300000.0,,611700000.0,2706300000.0,,,7485600000.0,661500000.0,169800000.0,,1081300000.0,,,,,,2700700000.0,-303600000.0,3143300000.0,7485600000.0,128100000.0,32100000.0,,,,,,,,,708200000.0,,,,,199800000.0,130800000.0,,,13700000.0,,9400000.0,-82500000.0,606700000.0,182900000.0
2015-12-31,,,1779500000.0,124700000.0,669100000.0,,1104700000.0,,1052800000.0,280500000.0,,2.47,2.41,309100000.0,316500000.0,1737200000.0,,1104600000.0,851800000.0,166700000.0,,133200000.0,3850000000.0,,609500000.0,2692900000.0,,,7458400000.0,587800000.0,189700000.0,,1008400000.0,,,,,,2804400000.0,-349500000.0,3238500000.0,7458400000.0,171600000.0,44200000.0,12900000.0,22300000.0,5200000.0,,,-17500000.0,,,1030500000.0,,,,,199800000.0,172100000.0,,,-27300000.0,,16200000.0,-180100000.0,768300000.0,250700000.0
2016-03-31,,,459200000.0,,189500000.0,,239400000.0,,222300000.0,63900000.0,,0.51,0.5,307600000.0,314200000.0,687000000.0,,1201900000.0,933500000.0,,,140600000.0,2989600000.0,,693300000.0,3659800000.0,,,7890000000.0,615400000.0,193100000.0,,1069600000.0,,,,,,2868800000.0,-297400000.0,3386200000.0,7890000000.0,61900000.0,11600000.0,,,,,,,,,194200000.0,,,,,1185800000.0,41000000.0,,,-1227100000.0,,4200000.0,-29800000.0,-1050200000.0,47600000.0
2016-06-30,,,956600000.0,,386500000.0,,539800000.0,,506400000.0,139200000.0,363200000.0,1.18,1.15,308200000.0,315400000.0,794000000.0,,1257300000.0,926600000.0,,,149500000.0,3158100000.0,,692800000.0,3641700000.0,,,8027000000.0,645100000.0,219500000.0,,1100000000.0,,,,,,2972900000.0,-328800000.0,3534600000.0,8027000000.0,112400000.0,23200000.0,,,,,,,,,437800000.0,,,,,1185800000.0,89100000.0,,,-1279300000.0,,16500000.0,-99400000.0,-943200000.0,138700000.0
2016-09-30,,,1494000000.0,,591300000.0,,866100000.0,,816900000.0,222600000.0,587500000.0,1.91,1.86,308900000.0,315700000.0,853600000.0,,1319400000.0,926600000.0,,,142300000.0,3405200000.0,,717600000.0,3707800000.0,,,8369800000.0,650700000.0,233400000.0,,1513500000.0,,,,,,3032800000.0,-297300000.0,3708000000.0,8369800000.0,163600000.0,35500000.0,,,,,,,,,728700000.0,,,,,1272600000.0,136300000.0,,,-1544900000.0,,33200000.0,-68000000.0,-883600000.0,192400000.0
2016-12-31,,,2040000000.0,166100000.0,798200000.0,,1205200000.0,,1141100000.0,308500000.0,822900000.0,2.67,2.61,308300000.0,315200000.0,1034600000.0,,1349300000.0,928900000.0,211800000.0,,139800000.0,3591200000.0,,711400000.0,3678800000.0,,,8498700000.0,678200000.0,275600000.0,,1635200000.0,,77700000.0,,216500000.0,,3122700000.0,-469000000.0,3674900000.0,8498700000.0,217000000.0,47600000.0,-29900000.0,165900000.0,14200000.0,,,47800000.0,,,1077600000.0,,,,,1305100000.0,190800000.0,,,-1612700000.0,,44400000.0,-133500000.0,-702600000.0,246800000.0
2017-03-31,,,515900000.0,,201800000.0,,314100000.0,,298400000.0,71100000.0,224900000.0,0.73,0.71,306600000.0,316400000.0,1242900000.0,,1318300000.0,962300000.0,,,162100000.0,3722400000.0,,726900000.0,3748700000.0,,,8707400000.0,682400000.0,236000000.0,,1583300000.0,,,,222100000.0,,3049500000.0,-402300000.0,3704200000.0,8707400000.0,54100000.0,12100000.0,,,,,,,,,237800000.0,,,,,46600000.0,48700000.0,,,8900000.0,,,-53700000.0,208300000.0,77400000.0
2017-06-30,,,1068500000.0,,414200000.0,,650300000.0,,615500000.0,134600000.0,476400000.0,1.56,1.51,306200000.0,316300000.0,1316900000.0,,1407300000.0,1059200000.0,,,165800000.0,3992400000.0,,769400000.0,3902400000.0,,,9172900000.0,769900000.0,292600000.0,,1713900000.0,,,,226000000.0,,3101400000.0,-341000000.0,3874900000.0,9172900000.0,110600000.0,24400000.0,,,,,,,,,518200000.0,,,,,199000000.0,100200000.0,,,-200500000.0,,,-64700000.0,282300000.0,173700000.0
2017-09-30,,,1674600000.0,,642400000.0,,1028200000.0,,973800000.0,212700000.0,753900000.0,2.47,2.39,305800000.0,316100000.0,1452200000.0,,1575500000.0,1098200000.0,,,189600000.0,4352900000.0,,790100000.0,3969300000.0,,,9608800000.0,826800000.0,302500000.0,,1433700000.0,,,,221100000.0,,3165300000.0,-286200000.0,4067200000.0,9608800000.0,168500000.0,37100000.0,,,,,,,,,716400000.0,,,,,243500000.0,155800000.0,,,-293000000.0,,,-47700000.0,417600000.0,244100000.0
2017-12-31,,,2309900000.0,193700000.0,878300000.0,,1427600000.0,,1352400000.0,691700000.0,650500000.0,2.13,2.06,305700000.0,316500000.0,1719100000.0,,1598600000.0,1106900000.0,169000000.0,,196800000.0,4656000000.0,,816800000.0,4042600000.0,441600000.0,,10003900000.0,875600000.0,338800000.0,,1579400000.0,,241200000.0,,326400000.0,,2941500000.0,-201000000.0,3989800000.0,10003900000.0,226800000.0,49700000.0,186300000.0,146500000.0,100400000.0,,,140500000.0,,,1144200000.0,,,,,265500000.0,226600000.0,,,-380200000.0,,,-140100000.0,684500000.0,325200000.0
2018-03-31,1866900000.0,1260000000.0,606900000.0,,230000000.0,,376900000.0,,354700000.0,86400000.0,265600000.0,0.87,0.84,303700000.0,316000000.0,1000200000.0,,1515800000.0,1166800000.0,,,230200000.0,3937100000.0,,839300000.0,4146500000.0,434000000.0,,9403700000.0,798200000.0,271600000.0,,2184700000.0,,243300000.0,,327900000.0,,2770900000.0,-139700000.0,3913900000.0,9403700000.0,60500000.0,12700000.0,-200000.0,,,,,,,,130200000.0,,,,,99500000.0,54900000.0,,,-142300000.0,,,-728200000.0,-718900000.0,75900000.0
2018-06-30,3848300000.0,2596600000.0,1251700000.0,,466600000.0,,785100000.0,,737000000.0,180900000.0,550400000.0,1.82,1.75,302300000.0,314200000.0,964400000.0,,1627300000.0,1159800000.0,,,243200000.0,4021400000.0,,888200000.0,4128600000.0,421900000.0,,9510300000.0,903100000.0,293200000.0,,2340800000.0,,205000000.0,,306900000.0,,2723300000.0,-288700000.0,3761100000.0,9510300000.0,122200000.0,26000000.0,-36900000.0,,,,,,,,395300000.0,,,,,158800000.0,134100000.0,,,-283100000.0,,,-845900000.0,-754700000.0,234500000.0
2018-09-30,5977300000.0,4037400000.0,1939900000.0,,710600000.0,,1229300000.0,,1156500000.0,280800000.0,866900000.0,2.87,2.76,301700000.0,313600000.0,998300000.0,,1737600000.0,1245500000.0,,,278600000.0,4281500000.0,,886400000.0,4113700000.0,409800000.0,,9742600000.0,1014000000.0,323800000.0,,2543200000.0,,203100000.0,,303700000.0,,2935800000.0,-337300000.0,4008900000.0,9742600000.0,194500000.0,40400000.0,-41500000.0,,,,,,,,734500000.0,,,,,158900000.0,208200000.0,,,-350300000.0,,,-1068600000.0,-720800000.0,307700000.0
2018-12-31,8202000000.0,5547100000.0,2654900000.0,220900000.0,959500000.0,,1686900000.0,,1588400000.0,371500000.0,1205000000.0,4.0,3.85,301200000.0,312600000.0,1279300000.0,,1791800000.0,1233800000.0,189300000.0,,254300000.0,4571600000.0,,875800000.0,4103200000.0,397900000.0,,10044900000.0,890500000.0,367100000.0,,2451300000.0,,255600000.0,,277200000.0,,3028700000.0,-390200000.0,4017000000.0,10044900000.0,299700000.0,55600000.0,-12000000.0,237900000.0,173300000.0,,,48800000.0,,,1112700000.0,,,,,158900000.0,310600000.0,,,-441800000.0,,,-1070100000.0,-439800000.0,393200000.0
2019-03-31,1958500000.0,1330700000.0,627800000.0,,235100000.0,,376200000.0,,349500000.0,79600000.0,267500000.0,0.9,0.87,298100000.0,308600000.0,969700000.0,,1661900000.0,1224400000.0,,,253600000.0,4127500000.0,,932000000.0,4439900000.0,433600000.0,,10208100000.0,797100000.0,448900000.0,,1649200000.0,,255800000.0,,391800000.0,,3142100000.0,-384800000.0,4123100000.0,10208100000.0,85600000.0,14400000.0,-700000.0,,,,,,,,343600000.0,,,,,399300000.0,74500000.0,,,-475100000.0,,,-181600000.0,-309600000.0,104000000.0
2019-06-30,3973800000.0,2698400000.0,1275400000.0,,474300000.0,,775700000.0,,719100000.0,158300000.0,556000000.0,1.87,1.8,298100000.0,308700000.0,982300000.0,,1685000000.0,1275300000.0,,,264500000.0,4222100000.0,,970000000.0,4706100000.0,459500000.0,,10634000000.0,814600000.0,452000000.0,,2052900000.0,,,,386200000.0,,3104600000.0,-396900000.0,4148300000.0,10634000000.0,163400000.0,29800000.0,-23600000.0,,,,,,,,666000000.0,,,,,756200000.0,149900000.0,,,-903100000.0,,,-55000000.0,-297000000.0,241700000.0
2019-09-30,6074400000.0,4137100000.0,1937300000.0,,722500000.0,,1189400000.0,,1093200000.0,250000000.0,836300000.0,2.81,2.72,297600000.0,307800000.0,969300000.0,,1689100000.0,1273500000.0,,,282900000.0,4232200000.0,,965200000.0,4750000000.0,451400000.0,,10683600000.0,830700000.0,485000000.0,,2122600000.0,,,,397300000.0,,3158700000.0,-493700000.0,4155300000.0,10683600000.0,235400000.0,46400000.0,-37500000.0,,,,,,,,1078200000.0,,,,,891200000.0,223000000.0,,,-1111000000.0,,,-246400000.0,-310000000.0,333200000.0
2019-12-31,8225400000.0,5609400000.0,2616000000.0,234200000.0,971400000.0,,1619200000.0,,1495900000.0,331900000.0,1155000000.0,3.88,3.75,297500000.0,307900000.0,891200000.0,,1736400000.0,1310100000.0,235100000.0,,,4211200000.0,,999000000.0,4867100000.0,442000000.0,296200000.0,10815500000.0,866800000.0,488500000.0,,2132700000.0,,,,424000000.0,,3348400000.0,-430900000.0,4530300000.0,10815500000.0,312100000.0,63000000.0,15200000.0,-117300000.0,3400000.0,,,-60200000.0,,,1502300000.0,,,,,937400000.0,295000000.0,,,-1228800000.0,,,-648400000.0,-388100000.0,408300000.0
2020-03-31,1862000000.0,1302200000.0,559800000.0,,242900000.0,,316900000.0,,289200000.0,46000000.0,242100000.0,0.81,0.79,297400000.0,306500000.0,2372300000.0,,1540500000.0,1325000000.0,,,,5517500000.0,,982400000.0,4846200000.0,428200000.0,303400000.0,12077700000.0,817200000.0,498400000.0,,2170200000.0,,,,411000000.0,,3248500000.0,-525100000.0,4385800000.0,12077700000.0,72100000.0,15400000.0,13400000.0,,,,,,,,384300000.0,,,,,16500000.0,60800000.0,,,-70400000.0,,,1187400000.0,1481100000.0,64200000.0
2020-06-30,3849500000.0,2685900000.0,1163600000.0,,489300000.0,,674300000.0,,617700000.0,114000000.0,499800000.0,1.68,1.64,297000000.0,305200000.0,1288300000.0,,1658300000.0,1361900000.0,,,,4618000000.0,,1001700000.0,4867000000.0,416200000.0,301000000.0,11203900000.0,928000000.0,482200000.0,,1785200000.0,,,,396600000.0,,3419400000.0,-494600000.0,4738600000.0,11203900000.0,143600000.0,32000000.0,5100000.0,,,,,,,,752400000.0,,,,,16500000.0,128300000.0,,,-151700000.0,,,-191400000.0,397100000.0,141600000.0
2020-09-30,6172900000.0,4274400000.0,1898500000.0,,748400000.0,,1150100000.0,,1066400000.0,213300000.0,846400000.0,2.84,2.76,298800000.0,308200000.0,1420500000.0,,1880300000.0,1391000000.0,,,,5037000000.0,,1036900000.0,4955500000.0,408200000.0,316300000.0,11753900000.0,1075900000.0,528700000.0,,2215000000.0,,,,404800000.0,,3587100000.0,-388400000.0,5040200000.0,11753900000.0,218000000.0,51000000.0,-5800000.0,,,,,,,,1151000000.0,,,,,50300000.0,204800000.0,,,-262500000.0,,,-384200000.0,529300000.0,262900000.0
2020-12-31,8598900000.0,5934800000.0,2664100000.0,260700000.0,1014200000.0,,1638400000.0,,1526600000.0,313300000.0,1203400000.0,4.04,3.91,298000000.0,307500000.0,1702000000.0,,1951600000.0,1462200000.0,250200000.0,,,5490800000.0,,1054600000.0,5032100000.0,397500000.0,352300000.0,12327300000.0,1120700000.0,558500000.0,,2304300000.0,,,,407200000.0,,3705400000.0,-278100000.0,5384900000.0,12327300000.0,308100000.0,70500000.0,30800000.0,146300000.0,102000000.0,,,204300000.0,,,1592000000.0,,,,,50400000.0,276800000.0,,600000.0,-333500000.0,,,-516600000.0,810800000.0,337300000.0
2021-03-31,2377100000.0,1649600000.0,727500000.0,,262700000.0,,464800000.0,,435900000.0,104100000.0,329600000.0,0.55,0.53,598500000.0,624100000.0,2327600000.0,,1931800000.0,1565100000.0,,,,6186700000.0,,1076200000.0,5093000000.0,410300000.0,367300000.0,13133500000.0,1070700000.0,542900000.0,,2547900000.0,,,,414000000.0,,3807100000.0,-335000000.0,5461000000.0,13133500000.0,76700000.0,19100000.0,14200000.0,,,,,,,,321000000.0,,,,,185600000.0,78400000.0,,2400000.0,-263200000.0,,,586200000.0,625600000.0,75200000.0
2021-06-30,5031000000.0,3460300000.0,1570700000.0,,574300000.0,,941000000.0,,882900000.0,182200000.0,699300000.0,1.17,1.12,597900000.0,623900000.0,1209400000.0,,2072800000.0,1771400000.0,,,,6491200000.0,,1169300000.0,5891700000.0,620800000.0,386100000.0,14559100000.0,1204700000.0,634400000.0,,2996500000.0,,,,410200000.0,,3916400000.0,-300300000.0,5715500000.0,14559100000.0,179300000.0,39000000.0,12800000.0,,,,,,,,708700000.0,,,,,1531000000.0,183300000.0,,11200000.0,-1724700000.0,,,620000000.0,-405100000.0,209000000.0
2021-09-30,7849500000.0,5388900000.0,2460600000.0,,893000000.0,,1512200000.0,,1425200000.0,302800000.0,1125800000.0,1.88,1.8,597800000.0,625800000.0,1268100000.0,,2204500000.0,1952500000.0,,,,6919800000.0,,1175400000.0,5839400000.0,603600000.0,387900000.0,14926100000.0,1300000000.0,666100000.0,,2885000000.0,,,,408600000.0,,4080600000.0,-335500000.0,5945900000.0,14926100000.0,274500000.0,60200000.0,24900000.0,,,,,,,,1069500000.0,,,,,1531000000.0,274200000.0,,8500000.0,-1814700000.0,,,438300000.0,-322400000.0,305400000.0
2021-12-31,10876300000.0,7474500000.0,3401800000.0,317700000.0,1226300000.0,,2105100000.0,,1989200000.0,409100000.0,1590800000.0,2.66,2.54,597900000.0,625500000.0,1197100000.0,,2454800000.0,1894100000.0,252500000.0,,,5958200000.0,,1175300000.0,6376800000.0,756900000.0,411200000.0,14678400000.0,1312000000.0,556300000.0,,2447100000.0,,,,438700000.0,8299300000.0,4278900000.0,-286500000.0,6302000000.0,14678400000.0,395600000.0,83000000.0,-29600000.0,398400000.0,263000000.0,,,131700000.0,,,1540100000.0,,,,,2225400000.0,360400000.0,,13700000.0,-1887500000.0,,,-145200000.0,-504900000.0,445600000.0
2022-03-31,2951900000.0,2025300000.0,926600000.0,,336800000.0,,589800000.0,,563400000.0,134200000.0,425700000.0,0.71,0.68,598300000.0,625600000.0,1247500000.0,,2422100000.0,1989700000.0,,,,6108700000.0,,1175000000.0,6349100000.0,738400000.0,502400000.0,14873600000.0,1275900000.0,589200000.0,,2397200000.0,,,,454600000.0,8370100000.0,4391500000.0,-303500000.0,6426100000.0,14873600000.0,91100000.0,19700000.0,13400000.0,,,,,,,,350800000.0,,,,,0.0,78100000.0,,3300000.0,-144100000.0,,,-151200000.0,50400000.0,93800000.0
2022-06-30,6088600000.0,4157900000.0,1930700000.0,,692100000.0,,1238600000.0,,1184000000.0,278700000.0,898200000.0,1.5,1.44,597300000.0,622600000.0,1215200000.0,,2571600000.0,2043700000.0,,,,6311000000.0,,1155100000.0,6275000000.0,751200000.0,493800000.0,14986100000.0,1372900000.0,617200000.0,,2580700000.0,,,,421200000.0,8444200000.0,4553800000.0,-475900000.0,6464300000.0,14986100000.0,182000000.0,40600000.0,18500000.0,,,,,,,,893300000.0,,,,,74500000.0,169200000.0,,500000.0,-377300000.0,,,-439100000.0,18100000.0,247400000.0
2022-09-30,9383800000.0,6393100000.0,2990700000.0,,1059000000.0,,1919700000.0,,1835000000.0,429200000.0,1394800000.0,2.34,2.24,596600000.0,621500000.0,1189000000.0,,2640100000.0,2080100000.0,,,,6326900000.0,,1166900000.0,6337500000.0,753800000.0,512800000.0,15097900000.0,1393600000.0,645900000.0,,2654900000.0,,,,436100000.0,8449000000.0,4775100000.0,-672400000.0,6570900000.0,15097900000.0,284600000.0,64200000.0,17600000.0,,,,,,,,1469300000.0,,,,,288200000.0,290200000.0,,-7400000.0,-650500000.0,,,-701900000.0,-8100000.0,387800000.0
2022-12-31,12623000000.0,8594800000.0,4028200000.0,323600000.0,1420900000.0,,2585800000.0,,2467400000.0,550600000.0,1902300000.0,3.19,3.06,596200000.0,621000000.0,1373100000.0,,2631300000.0,2093600000.0,289900000.0,,,6479100000.0,,1204300000.0,6446100000.0,734100000.0,462600000.0,15326200000.0,1309100000.0,653200000.0,,2676100000.0,,,,443300000.0,8232100000.0,4979400000.0,-535000000.0,7015600000.0,15326200000.0,392900000.0,89500000.0,-4700000.0,273100000.0,278500000.0,,,62500000.0,,,2174600000.0,,,,,288200000.0,383800000.0,,-16500000.0,-731100000.0,,,-1196700000.0,176000000.0,477700000.0
2023-03-31,2974000000.0,2030600000.0,943400000.0,,346300000.0,,591700000.0,,559900000.0,117200000.0,439200000.0,0.74,0.71,595100000.0,619900000.0,1391100000.0,,2411900000.0,2105100000.0,,,,6394000000.0,,1243500000.0,6539600000.0,743200000.0,461200000.0,15381500000.0,1182100000.0,665800000.0,,2426200000.0,,,,464200000.0,7995000000.0,5121300000.0,-492600000.0,7308100000.0,15381500000.0,96300000.0,21700000.0,100000.0,,,,,,,,532400000.0,,,,,113200000.0,97700000.0,,-200000.0,-256600000.0,,,-265400000.0,18000000.0,116100000.0
2023-06-30,6028000000.0,4092900000.0,1935100000.0,,714100000.0,,1211600000.0,,1155800000.0,247800000.0,899700000.0,1.51,1.45,595000000.0,619100000.0,1325100000.0,,2443500000.0,1997800000.0,,,,6321300000.0,,1258900000.0,6518600000.0,723500000.0,415600000.0,15237900000.0,1116800000.0,679500000.0,,2709700000.0,,,,428300000.0,7645600000.0,5294800000.0,-592500000.0,7513700000.0,15237900000.0,190400000.0,45500000.0,-5400000.0,,,,,,,,1068800000.0,,,,,113200000.0,193100000.0,,-5000000.0,-375100000.0,,,-704000000.0,-48000000.0,324400000.0
2023-09-30,9227200000.0,6243500000.0,2983700000.0,,1095700000.0,,1869600000.0,,1789400000.0,363000000.0,1413600000.0,2.37,2.28,597700000.0,622000000.0,1481500000.0,,2571200000.0,2099100000.0,,,,6773300000.0,,1246600000.0,6574500000.0,744200000.0,420400000.0,15759000000.0,1248900000.0,704200000.0,,2908800000.0,,,,433400000.0,7820700000.0,5669700000.0,-657900000.0,7856800000.0,15759000000.0,291400000.0,72400000.0,-7100000.0,,,,,,,,1686900000.0,,,,,292600000.0,267800000.0,,-4900000.0,-704400000.0,,,-822400000.0,108400000.0,423800000.0
2023-12-31,12554700000.0,8470600000.0,4084100000.0,342200000.0,1489900000.0,,2559600000.0,,2454800000.0,509300000.0,1928000000.0,3.23,3.11,596500000.0,620600000.0,1475000000.0,,2618400000.0,2167100000.0,326800000.0,,,6835300000.0,,1314700000.0,7092400000.0,834800000.0,449200000.0,16526400000.0,1350900000.0,737500000.0,,3152700000.0,,,,453700000.0,8099900000.0,5921100000.0,-533600000.0,8346500000.0,16526400000.0,406400000.0,99000000.0,-58800000.0,-146400000.0,-71400000.0,,,-34600000.0,,,2528700000.0,,,,,970400000.0,372800000.0,,-4900000.0,-1393700000.0,,,-1012400000.0,101900000.0,560400000.0
2024-03-31,3256300000.0,2167300000.0,1089000000.0,,404200000.0,,684800000.0,,662700000.0,110700000.0,548700000.0,0.91,0.87,600000000.0,627900000.0,1857100000.0,,2501400000.0,2152900000.0,,,,7041700000.0,,1311600000.0,7100500000.0,785400000.0,483300000.0,16722500000.0,1264700000.0,771700000.0,,3423100000.0,,,,464800000.0,7957900000.0,6163500000.0,-602900000.0,8681500000.0,16722500000.0,103800000.0,23800000.0,1900000.0,,,,,,,,599500000.0,,,,,0.0,94300000.0,,-1100000.0,-17000000.0,,,-176200000.0,382100000.0,130100000.0
2024-06-30,6866000000.0,4563900000.0,2302100000.0,,848400000.0,,1383700000.0,,1326600000.0,245800000.0,1073500000.0,0.89,0.85,1202300000.0,1264900000.0,1252500000.0,,2855500000.0,2398800000.0,,,,6971800000.0,,1534000000.0,8261800000.0,1308700000.0,510500000.0,18586800000.0,1521400000.0,870400000.0,,3455800000.0,,,,458100000.0,9536300000.0,6352000000.0,-648500000.0,8980100000.0,18586800000.0,227400000.0,50400000.0,-19300000.0,,,,,,,,1263600000.0,,,,,2099800000.0,235600000.0,,-1900000.0,-2195700000.0,,,743400000.0,-222500000.0,359200000.0
2024-09-30,10904900000.0,7245900000.0,3659000000.0,,1340400000.0,,2203200000.0,,2101600000.0,412000000.0,1677800000.0,1.4,1.33,1204900000.0,1265500000.0,1563000000.0,,3130300000.0,2578800000.0,,,,7772800000.0,,1670900000.0,8352100000.0,1247000000.0,542800000.0,19585600000.0,1763000000.0,932100000.0,,3901700000.0,,,,489000000.0,10058800000.0,6750500000.0,-519900000.0,9452500000.0,19585600000.0,428700000.0,79900000.0,-33600000.0,,,,,,,,1967600000.0,,,,,2099800000.0,465600000.0,,900000.0,-2398200000.0,,,515800000.0,88000000.0,516000000.0
