Date,Net sales,Cost of sales,Gross margin,Research and development,"Selling, general and administrative",Total operating expenses,Operating income,"Other income/(expense), net",Income before provision for income taxes,Provision for income taxes,Net income,Earnings per share basic,Earnings per share diluted,Weighted-average basic,Weighted-average diluted,Cash and cash equivalents,Short-term marketable securities,"Accounts receivable, net",Inventories,Deferred tax assets,Vendor non-trade receivables,Other current assets,Total current assets,Long-term marketable securities,"Property, Plant and Equipment, Net",Goodwill,"Acquired intangible assets, net","Other Assets, Noncurrent",Total assets,accounts payable,Accrued expenses,Deferred revenue,Total current liabilities,Deferred revenue - non-current,deferred tax liabilities,long term taxes payable,Total other non-current liabilities,Total liabilities,Retained Earnings (Accumulated Deficit),Accumulated other comprehensive (loss)/income,Total shareholders equity,Total liabilities and shareholders' equity,"Depreciation, amortization and accretion",Stock-based compensation expense,Deferred income tax expense,"Increase (Decrease) in Accounts receivable, net",Increase (Decrease) in Inventories,Increase (Decrease) in Other Receivables,Increase (Decrease) in Other Operating Assets,Increase (Decrease) in Accounts Payable,Increase (Decrease) in Deferred Revenue,Increase (Decrease) Other liabilities,Cash generated by operating activities,Purchases of marketable securities,Proceeds from maturities of marketable securities,Proceeds from sales of marketable securities,Purchases of other long-term investments,"Business acquisitions, net of cash acquired",Cash payments for capital asset purchases,Payments for acquisition of intangible assets,Payments for (Proceeds from) Other Investing Activities,Cash used in investing activities,Proceeds from issuance of common stock,Excess tax benefits from stock-based compensation,Cash generated/used in financing activities,Increase/(decrease) in cash and cash equivalents,"Cash paid for income taxes, net"
2012-03-31,,,,,228000000.0,3628000000.0,464000000.0,7000000.0,436000000.0,77000000.0,342000000.0,1.04,1.04,328240000.0,328470000.0,1412000000.0,,2854000000.0,1137000000.0,,,600000000.0,6016000000.0,,2403000000.0,,,480000000.0,9688000000.0,2469000000.0,1330000000.0,,3888000000.0,,,,465000000.0,7043000000.0,452000000.0,-55000000.0,2162000000.0,9688000000.0,,-4000000.0,3000000.0,395000000.0,83000000.0,,,201000000.0,,,293000000.0,,,,,,260000000.0,,,-240000000.0,,,-23000000.0,49000000.0,
2012-06-30,,,,,458000000.0,7157000000.0,932000000.0,12000000.0,876000000.0,175000000.0,672000000.0,2.05,2.05,327060000.0,327300000.0,1523000000.0,,2635000000.0,1106000000.0,,,574000000.0,5850000000.0,,2367000000.0,,,461000000.0,9437000000.0,2356000000.0,1271000000.0,,3696000000.0,,141000000.0,37000000.0,412000000.0,6774000000.0,660000000.0,-220000000.0,2185000000.0,9437000000.0,,-12000000.0,7000000.0,186000000.0,57000000.0,,,79000000.0,,,754000000.0,,,,,0.0,400000000.0,,0.0,-366000000.0,,,-193000000.0,160000000.0,
2012-09-30,,,,,673000000.0,10453000000.0,1299000000.0,15000000.0,1214000000.0,227000000.0,941000000.0,2.89,2.89,325000000.0,325280000.0,1634000000.0,,2540000000.0,1121000000.0,,,591000000.0,5897000000.0,,2466000000.0,,,506000000.0,9639000000.0,2244000000.0,1334000000.0,,3670000000.0,,172000000.0,50000000.0,407000000.0,6769000000.0,796000000.0,-114000000.0,2406000000.0,9639000000.0,,-20000000.0,18000000.0,87000000.0,69000000.0,,,-22000000.0,,,1168000000.0,,,,,0.0,563000000.0,,,-526000000.0,,,-360000000.0,271000000.0,
2012-12-31,,,2658000000.0,1200000000.0,927000000.0,14043000000.0,1476000000.0,5000000.0,1345000000.0,212000000.0,1077000000.0,3.34,3.33,322940000.0,323290000.0,1105000000.0,,2425000000.0,1066000000.0,232000000.0,,623000000.0,5227000000.0,,2860000000.0,473000000.0,803000000.0,582000000.0,10176000000.0,2278000000.0,1241000000.0,,3659000000.0,,185000000.0,38000000.0,434000000.0,7346000000.0,856000000.0,-237000000.0,2345000000.0,10176000000.0,,-21000000.0,-63000000.0,-198000000.0,-49000000.0,,,-153000000.0,,,1478000000.0,,,,,980000000.0,705000000.0,,2000000.0,-1631000000.0,,,-105000000.0,-258000000.0,
2013-03-31,,,,,230000000.0,3627000000.0,397000000.0,-34000000.0,327000000.0,37000000.0,276000000.0,0.88,0.88,314680000.0,315360000.0,830000000.0,,2795000000.0,1148000000.0,,,610000000.0,5387000000.0,,2843000000.0,466000000.0,766000000.0,588000000.0,10273000000.0,2386000000.0,1185000000.0,,3674000000.0,,202000000.0,38000000.0,439000000.0,7376000000.0,971000000.0,-292000000.0,2398000000.0,10273000000.0,,10000000.0,-2000000.0,370000000.0,82000000.0,,,194000000.0,,,149000000.0,,,,,-2000000.0,213000000.0,,,-205000000.0,,,-216000000.0,-275000000.0,
2013-06-30,,,,,471000000.0,7384000000.0,880000000.0,-29000000.0,779000000.0,110000000.0,643000000.0,2.05,2.05,313300000.0,314020000.0,1001000000.0,,2868000000.0,1162000000.0,,,597000000.0,5633000000.0,,2875000000.0,467000000.0,757000000.0,611000000.0,10551000000.0,2501000000.0,1249000000.0,,3809000000.0,,201000000.0,35000000.0,445000000.0,7509000000.0,1177000000.0,-377000000.0,2521000000.0,10551000000.0,,24000000.0,3000000.0,443000000.0,96000000.0,,,296000000.0,,,672000000.0,,,,,-2000000.0,336000000.0,,,-327000000.0,,,-440000000.0,-104000000.0,
2013-09-30,,,,,699000000.0,11014000000.0,1267000000.0,-25000000.0,1136000000.0,182000000.0,914000000.0,2.93,2.92,312080000.0,312870000.0,1053000000.0,,2856000000.0,1233000000.0,,,640000000.0,5787000000.0,,2982000000.0,485000000.0,742000000.0,598000000.0,10811000000.0,2504000000.0,1294000000.0,,3857000000.0,,210000000.0,32000000.0,463000000.0,7588000000.0,1287000000.0,-262000000.0,2746000000.0,10811000000.0,,36000000.0,23000000.0,431000000.0,167000000.0,,,306000000.0,,,1070000000.0,,,,,10000000.0,512000000.0,,,-495000000.0,,,-632000000.0,-52000000.0,
2013-12-31,,,2896000000.0,1300000000.0,963000000.0,14779000000.0,1684000000.0,-18000000.0,1523000000.0,256000000.0,1212000000.0,3.9,3.89,310820000.0,311800000.0,1389000000.0,,2662000000.0,1093000000.0,264000000.0,,604000000.0,5752000000.0,,3216000000.0,496000000.0,723000000.0,626000000.0,11047000000.0,2595000000.0,1238000000.0,,3894000000.0,,151000000.0,34000000.0,409000000.0,7613000000.0,1446000000.0,-237000000.0,2911000000.0,11047000000.0,,47000000.0,-50000000.0,237000000.0,27000000.0,,,254000000.0,,,1750000000.0,,,,,10000000.0,682000000.0,,0.0,-655000000.0,,,-822000000.0,284000000.0,
2014-03-31,,,,,261000000.0,3817000000.0,459000000.0,-16000000.0,408000000.0,75000000.0,320000000.0,1.05,1.04,305850000.0,306890000.0,978000000.0,,3066000000.0,1235000000.0,,,594000000.0,5880000000.0,,3251000000.0,494000000.0,696000000.0,632000000.0,11182000000.0,2681000000.0,1218000000.0,,3930000000.0,,160000000.0,35000000.0,382000000.0,7688000000.0,1544000000.0,-279000000.0,2961000000.0,11182000000.0,,14000000.0,8000000.0,404000000.0,142000000.0,,,218000000.0,,,136000000.0,,,,,0.0,298000000.0,,,-300000000.0,,,-241000000.0,-411000000.0,
2014-06-30,,,,,533000000.0,7780000000.0,947000000.0,-13000000.0,866000000.0,137000000.0,702000000.0,2.31,2.3,304260000.0,305300000.0,1166000000.0,,3049000000.0,1262000000.0,,,600000000.0,6082000000.0,,3311000000.0,489000000.0,669000000.0,653000000.0,11452000000.0,2696000000.0,1270000000.0,,3998000000.0,,170000000.0,30000000.0,385000000.0,7768000000.0,1646000000.0,-219000000.0,3125000000.0,11452000000.0,,33000000.0,3000000.0,387000000.0,169000000.0,,,225000000.0,,,763000000.0,,,,,0.0,470000000.0,,,-466000000.0,,,-519000000.0,-223000000.0,
2014-09-30,,,,,803000000.0,11510000000.0,1361000000.0,-8000000.0,1252000000.0,200000000.0,1007000000.0,3.33,3.32,302350000.0,303560000.0,1026000000.0,,2839000000.0,1227000000.0,,,588000000.0,5682000000.0,,3273000000.0,456000000.0,627000000.0,642000000.0,10923000000.0,2521000000.0,1286000000.0,,3844000000.0,,162000000.0,25000000.0,372000000.0,7544000000.0,1602000000.0,-406000000.0,2894000000.0,10923000000.0,,55000000.0,-4000000.0,177000000.0,134000000.0,,,38000000.0,,,1262000000.0,,,,,0.0,666000000.0,,,-657000000.0,,,-949000000.0,-363000000.0,
2014-12-31,,,3173000000.0,1300000000.0,1081000000.0,15176000000.0,1847000000.0,-7000000.0,1705000000.0,282000000.0,1351000000.0,4.5,4.48,300270000.0,301890000.0,904000000.0,,2628000000.0,1104000000.0,256000000.0,,587000000.0,5224000000.0,,3343000000.0,656000000.0,746000000.0,549000000.0,10746000000.0,2581000000.0,1274000000.0,,3889000000.0,,167000000.0,29000000.0,416000000.0,7733000000.0,1548000000.0,-741000000.0,2510000000.0,10746000000.0,,76000000.0,-6000000.0,-48000000.0,-9000000.0,,,-3000000.0,,,2135000000.0,,,,,350000000.0,855000000.0,,0.0,-1186000000.0,,,-1398000000.0,-485000000.0,
2015-03-31,,,,,255000000.0,3351000000.0,446000000.0,-54000000.0,360000000.0,61000000.0,209000000.0,0.72,0.72,290900000.0,291810000.0,558000000.0,,2677000000.0,1081000000.0,,,533000000.0,5687000000.0,,2905000000.0,611000000.0,681000000.0,479000000.0,10464000000.0,2287000000.0,1081000000.0,,3818000000.0,,164000000.0,28000000.0,384000000.0,7801000000.0,1460000000.0,-950000000.0,2155000000.0,10464000000.0,,13000000.0,-1000000.0,277000000.0,68000000.0,,,105000000.0,,,135000000.0,,,,,,213000000.0,,,-250000000.0,,,-167000000.0,,
2015-06-30,,,,,516000000.0,6728000000.0,927000000.0,-56000000.0,809000000.0,141000000.0,854000000.0,2.95,2.94,289330000.0,290320000.0,1171000000.0,,2700000000.0,1150000000.0,,,596000000.0,5934000000.0,,2988000000.0,619000000.0,661000000.0,514000000.0,10809000000.0,2386000000.0,1170000000.0,,3772000000.0,,180000000.0,35000000.0,401000000.0,7788000000.0,1739000000.0,-897000000.0,2490000000.0,10809000000.0,,35000000.0,0.0,303000000.0,141000000.0,,,182000000.0,,,669000000.0,,,,,23000000.0,360000000.0,,,208000000.0,,,-544000000.0,,
2015-09-30,,,,,765000000.0,9898000000.0,1388000000.0,-67000000.0,1229000000.0,202000000.0,1258000000.0,4.38,4.36,287180000.0,288330000.0,434000000.0,,2615000000.0,1187000000.0,,,629000000.0,5054000000.0,,3010000000.0,640000000.0,664000000.0,1331000000.0,10792000000.0,2327000000.0,1182000000.0,,4028000000.0,,169000000.0,28000000.0,394000000.0,8018000000.0,1693000000.0,-1015000000.0,2316000000.0,10792000000.0,,52000000.0,-10000000.0,217000000.0,179000000.0,,,125000000.0,,,1008000000.0,,,,,38000000.0,539000000.0,,,-735000000.0,,,-677000000.0,,
2015-12-31,,,3010000000.0,1200000000.0,1017000000.0,13442000000.0,1723000000.0,-88000000.0,1508000000.0,263000000.0,1450000000.0,5.08,5.06,285200000.0,286640000.0,535000000.0,,2750000000.0,1181000000.0,467000000.0,,431000000.0,5121000000.0,,3377000000.0,1539000000.0,1383000000.0,459000000.0,11973000000.0,2541000000.0,1204000000.0,,3927000000.0,,252000000.0,31000000.0,503000000.0,9240000000.0,1627000000.0,-1033000000.0,2250000000.0,11973000000.0,,74000000.0,-21000000.0,207000000.0,38000000.0,,,194000000.0,,,1703000000.0,,,,,1654000000.0,704000000.0,,,-1699000000.0,,,-284000000.0,,
2016-03-31,,,,,277000000.0,3610000000.0,441000000.0,4000000.0,404000000.0,75000000.0,425000000.0,1.54,1.53,276620000.0,277040000.0,463000000.0,,2934000000.0,1287000000.0,,,397000000.0,5082000000.0,,3446000000.0,1578000000.0,1385000000.0,480000000.0,12071000000.0,2514000000.0,1179000000.0,,4061000000.0,,267000000.0,50000000.0,532000000.0,9427000000.0,1629000000.0,-969000000.0,2265000000.0,12071000000.0,,17000000.0,3000000.0,178000000.0,105000000.0,,,80000000.0,,,268000000.0,,,,,15000000.0,240000000.0,,,-224000000.0,,,-166000000.0,,
2016-06-30,,,,,556000000.0,7425000000.0,832000000.0,-2000000.0,752000000.0,159000000.0,683000000.0,2.48,2.48,274770000.0,275200000.0,437000000.0,,2900000000.0,1318000000.0,,,395000000.0,5051000000.0,,3430000000.0,1571000000.0,1345000000.0,464000000.0,11957000000.0,2527000000.0,1275000000.0,,3899000000.0,,275000000.0,43000000.0,512000000.0,9187000000.0,1749000000.0,-979000000.0,2381000000.0,11957000000.0,,28000000.0,9000000.0,141000000.0,136000000.0,,,75000000.0,,,843000000.0,,,,,15000000.0,412000000.0,,,-390000000.0,,,-595000000.0,,
2016-09-30,,,,,834000000.0,11056000000.0,1292000000.0,-66000000.0,1105000000.0,216000000.0,976000000.0,3.56,3.56,273910000.0,274390000.0,395000000.0,,2983000000.0,1375000000.0,,,392000000.0,5147000000.0,,3522000000.0,1583000000.0,1322000000.0,444000000.0,12122000000.0,2544000000.0,1261000000.0,,3841000000.0,,283000000.0,53000000.0,528000000.0,9201000000.0,1870000000.0,-941000000.0,2552000000.0,12122000000.0,,47000000.0,21000000.0,230000000.0,193000000.0,,,74000000.0,,,1258000000.0,,,,,15000000.0,614000000.0,,,-587000000.0,,,-860000000.0,,
2016-12-31,,,3554000000.0,1200000000.0,1145000000.0,14714000000.0,1947000000.0,-366000000.0,1425000000.0,242000000.0,1257000000.0,4.6,4.59,273020000.0,273700000.0,838000000.0,,2938000000.0,1232000000.0,125000000.0,,410000000.0,5419000000.0,,3515000000.0,1508000000.0,1240000000.0,509000000.0,12292000000.0,2563000000.0,1573000000.0,,4148000000.0,,158000000.0,125000000.0,467000000.0,9529000000.0,1980000000.0,-1215000000.0,2401000000.0,12292000000.0,,68000000.0,-125000000.0,199000000.0,53000000.0,,,31000000.0,,,1941000000.0,,,,,15000000.0,828000000.0,,,-578000000.0,,,-1081000000.0,,
2017-03-31,,,,,288000000.0,3828000000.0,464000000.0,-28000000.0,402000000.0,61000000.0,335000000.0,1.24,1.24,269200000.0,269540000.0,547000000.0,,3132000000.0,1375000000.0,,,432000000.0,5487000000.0,,3569000000.0,1557000000.0,1244000000.0,522000000.0,12497000000.0,2549000000.0,1535000000.0,,4092000000.0,,162000000.0,136000000.0,503000000.0,9548000000.0,2057000000.0,-1087000000.0,2579000000.0,12497000000.0,,17000000.0,8000000.0,189000000.0,143000000.0,,,59000000.0,,,290000000.0,,,,,40000000.0,215000000.0,,,-270000000.0,,,-332000000.0,,
2017-06-30,,,,,589000000.0,7678000000.0,932000000.0,-20000000.0,843000000.0,123000000.0,704000000.0,2.62,2.62,268300000.0,268780000.0,792000000.0,,3127000000.0,1485000000.0,,,444000000.0,5849000000.0,,3671000000.0,1628000000.0,1232000000.0,549000000.0,13056000000.0,2603000000.0,1554000000.0,,4170000000.0,,170000000.0,150000000.0,556000000.0,9771000000.0,2257000000.0,-982000000.0,2895000000.0,13056000000.0,,34000000.0,3000000.0,184000000.0,253000000.0,,,121000000.0,,,889000000.0,,,,,40000000.0,393000000.0,,,-463000000.0,,,-513000000.0,,
2017-09-30,,,,,906000000.0,11500000000.0,1443000000.0,-29000000.0,1309000000.0,183000000.0,1099000000.0,4.11,4.1,267600000.0,268230000.0,557000000.0,,3225000000.0,1642000000.0,,,489000000.0,6710000000.0,,3819000000.0,1670000000.0,1213000000.0,624000000.0,14166000000.0,2745000000.0,1383000000.0,,4143000000.0,,178000000.0,129000000.0,521000000.0,10552000000.0,2485000000.0,-913000000.0,3203000000.0,14166000000.0,,50000000.0,2000000.0,279000000.0,410000000.0,,,214000000.0,,,1040000000.0,,,,,40000000.0,591000000.0,,,-682000000.0,,,-691000000.0,,
2018-03-31,,,,,259000000.0,3256000000.0,374000000.0,30000000.0,370000000.0,59000000.0,307000000.0,1.16,1.15,265690000.0,266440000.0,1345000000.0,,2646000000.0,1202000000.0,,,732000000.0,5926000000.0,,2890000000.0,1980000000.0,1204000000.0,459000000.0,12560000000.0,2282000000.0,1366000000.0,,3708000000.0,,218000000.0,156000000.0,531000000.0,8862000000.0,2278000000.0,-436000000.0,3467000000.0,12560000000.0,,13000000.0,-7000000.0,206000000.0,119000000.0,,,140000000.0,,,155000000.0,,,,,0.0,243000000.0,,,-245000000.0,,,-205000000.0,,
2018-06-30,,,,,519000000.0,6519000000.0,795000000.0,23000000.0,748000000.0,142000000.0,598000000.0,2.25,2.25,265250000.0,265960000.0,970000000.0,,2598000000.0,1265000000.0,,,506000000.0,5340000000.0,,2972000000.0,2157000000.0,1245000000.0,503000000.0,12316000000.0,2307000000.0,1109000000.0,,3438000000.0,,268000000.0,175000000.0,621000000.0,8558000000.0,2510000000.0,-622000000.0,3523000000.0,12316000000.0,,27000000.0,-11000000.0,91000000.0,157000000.0,,,145000000.0,,,700000000.0,,,,,512000000.0,449000000.0,,,-961000000.0,,,-321000000.0,,
2018-09-30,10799000000.0,8739000000.0,,,751000000.0,9681000000.0,1118000000.0,27000000.0,1041000000.0,208000000.0,820000000.0,3.09,3.09,265020000.0,265740000.0,771000000.0,,2635000000.0,1358000000.0,,,439000000.0,5204000000.0,,3056000000.0,2162000000.0,1216000000.0,588000000.0,12327000000.0,2254000000.0,1109000000.0,,3387000000.0,,223000000.0,192000000.0,608000000.0,8518000000.0,2610000000.0,-638000000.0,3608000000.0,12327000000.0,,33000000.0,-73000000.0,128000000.0,250000000.0,,,78000000.0,,,871000000.0,,,,,512000000.0,661000000.0,,,-1169000000.0,,,-482000000.0,,
2018-12-31,14435000000.0,11706000000.0,2729000000.0,1200000000.0,993000000.0,12962000000.0,1473000000.0,2000000.0,1334000000.0,250000000.0,1067000000.0,4.04,4.02,264410000.0,265220000.0,567000000.0,,2487000000.0,1277000000.0,241000000.0,,445000000.0,4777000000.0,,3179000000.0,2524000000.0,1380000000.0,521000000.0,12480000000.0,2334000000.0,1054000000.0,,3694000000.0,,233000000.0,201000000.0,633000000.0,8810000000.0,2511000000.0,-694000000.0,3459000000.0,12480000000.0,,58000000.0,-14000000.0,-55000000.0,120000000.0,,,62000000.0,,,1628000000.0,,,,,1197000000.0,846000000.0,,,-2048000000.0,,,-555000000.0,,
2019-03-31,3575000000.0,2962000000.0,,,256000000.0,3278000000.0,297000000.0,16000000.0,275000000.0,33000000.0,240000000.0,0.93,0.92,259080000.0,259550000.0,321000000.0,,2736000000.0,1326000000.0,,,435000000.0,4819000000.0,,3218000000.0,2503000000.0,1334000000.0,609000000.0,13019000000.0,2340000000.0,1132000000.0,,4014000000.0,,242000000.0,170000000.0,585000000.0,9384000000.0,2491000000.0,-682000000.0,3418000000.0,13019000000.0,,15000000.0,4000000.0,249000000.0,49000000.0,,,53000000.0,,,84000000.0,,,,,-2000000.0,235000000.0,,,-235000000.0,,,-99000000.0,,
2019-06-30,7202000000.0,5920000000.0,,,516000000.0,6570000000.0,632000000.0,22000000.0,573000000.0,64000000.0,514000000.0,1.99,1.99,258040000.0,258400000.0,365000000.0,,2679000000.0,1304000000.0,,,490000000.0,4854000000.0,,3248000000.0,2517000000.0,1305000000.0,648000000.0,13108000000.0,2284000000.0,1190000000.0,,3991000000.0,,238000000.0,156000000.0,599000000.0,9376000000.0,2597000000.0,-699000000.0,3519000000.0,13108000000.0,,36000000.0,1000000.0,190000000.0,22000000.0,,,26000000.0,,,596000000.0,,,,,23000000.0,451000000.0,,,-469000000.0,,,-315000000.0,,
2019-09-30,10761000000.0,8802000000.0,,,778000000.0,9809000000.0,952000000.0,29000000.0,858000000.0,102000000.0,760000000.0,2.95,2.95,257320000.0,257740000.0,341000000.0,,2661000000.0,1345000000.0,,,497000000.0,5385000000.0,,3145000000.0,2136000000.0,1128000000.0,629000000.0,12939000000.0,2232000000.0,1167000000.0,,3875000000.0,,236000000.0,155000000.0,593000000.0,9158000000.0,2745000000.0,-806000000.0,3565000000.0,12939000000.0,,43000000.0,14000000.0,173000000.0,63000000.0,,,-19000000.0,,,921000000.0,,,,,23000000.0,619000000.0,,,-632000000.0,,,-489000000.0,-210000000.0,
2019-12-31,14357000000.0,11711000000.0,2646000000.0,1165000000.0,1076000000.0,13081000000.0,1276000000.0,14000000.0,1126000000.0,132000000.0,990000000.0,3.85,3.85,256810000.0,257390000.0,412000000.0,,2569000000.0,1286000000.0,361000000.0,,504000000.0,5319000000.0,,3309000000.0,2407000000.0,1186000000.0,719000000.0,13459000000.0,2463000000.0,1155000000.0,,4054000000.0,,229000000.0,199000000.0,611000000.0,9448000000.0,2890000000.0,-719000000.0,3819000000.0,13459000000.0,,66000000.0,-33000000.0,74000000.0,-8000000.0,,,133000000.0,,,1624000000.0,,,,,334000000.0,781000000.0,,,-1111000000.0,,,-649000000.0,-139000000.0,
2020-03-31,3226000000.0,2725000000.0,,,252000000.0,1607000000.0,1619000000.0,-1000000.0,1575000000.0,10000000.0,1572000000.0,6.15,6.14,255510000.0,255830000.0,2055000000.0,,2308000000.0,1363000000.0,,,432000000.0,6190000000.0,,3249000000.0,2389000000.0,1132000000.0,724000000.0,16167000000.0,2243000000.0,1152000000.0,,3655000000.0,,,199000000.0,621000000.0,11014000000.0,4353000000.0,-991000000.0,4971000000.0,16167000000.0,,-1000000.0,-18000000.0,-260000000.0,77000000.0,,,-170000000.0,,,161000000.0,,,,,5000000.0,205000000.0,,,-207000000.0,,,1720000000.0,1658000000.0,
2020-06-30,5186000000.0,4672000000.0,,,469000000.0,3878000000.0,1308000000.0,-7000000.0,1214000000.0,-14000000.0,1206000000.0,4.69,4.66,258030000.0,258590000.0,1885000000.0,,1834000000.0,1212000000.0,,,449000000.0,5412000000.0,,3196000000.0,2401000000.0,1104000000.0,717000000.0,15280000000.0,1432000000.0,1227000000.0,,2859000000.0,,,198000000.0,588000000.0,8154000000.0,3984000000.0,-894000000.0,6942000000.0,15280000000.0,,12000000.0,-22000000.0,-734000000.0,-74000000.0,,,-902000000.0,,,55000000.0,,,,,27000000.0,372000000.0,,,-394000000.0,1115000000.0,,1840000000.0,1488000000.0,
2020-09-30,8854000000.0,7693000000.0,,,698000000.0,7182000000.0,1672000000.0,-6000000.0,1541000000.0,-6000000.0,1505000000.0,5.69,5.63,270030000.0,270380000.0,2122000000.0,,2620000000.0,1229000000.0,,,586000000.0,6589000000.0,,3223000000.0,2479000000.0,1095000000.0,636000000.0,16444000000.0,2186000000.0,1294000000.0,,3579000000.0,,,168000000.0,598000000.0,8890000000.0,4267000000.0,-768000000.0,7363000000.0,16444000000.0,,24000000.0,10000000.0,51000000.0,-60000000.0,,,-144000000.0,,,614000000.0,,,,,49000000.0,489000000.0,,,-532000000.0,1115000000.0,,1644000000.0,1725000000.0,
2020-12-31,13066000000.0,11126000000.0,1940000000.0,1024000000.0,976000000.0,10948000000.0,2118000000.0,0.0,1954000000.0,49000000.0,1804000000.0,6.72,6.66,263430000.0,270700000.0,2821000000.0,,2812000000.0,1297000000.0,366000000.0,,503000000.0,7465000000.0,,3301000000.0,2580000000.0,1091000000.0,694000000.0,17522000000.0,2571000000.0,1385000000.0,,4046000000.0,,,156000000.0,540000000.0,9422000000.0,4550000000.0,-545000000.0,7905000000.0,17522000000.0,,60000000.0,-52000000.0,243000000.0,8000000.0,,,186000000.0,,,1413000000.0,,,,,49000000.0,584000000.0,,,-626000000.0,1115000000.0,,1613000000.0,2424000000.0,
2021-03-31,4023000000.0,3296000000.0,,,255000000.0,3594000000.0,429000000.0,1000000.0,390000000.0,48000000.0,295000000.0,1.03,1.03,270310000.0,271140000.0,2830000000.0,,2798000000.0,1525000000.0,,,596000000.0,7801000000.0,,3164000000.0,2503000000.0,1033000000.0,654000000.0,17476000000.0,2624000000.0,1260000000.0,,3962000000.0,,,152000000.0,512000000.0,9200000000.0,4829000000.0,-636000000.0,8077000000.0,17476000000.0,,29000000.0,3000000.0,-14000000.0,228000000.0,,,101000000.0,,,252000000.0,,,,,0.0,134000000.0,,,-134000000.0,,,-77000000.0,29000000.0,
2021-06-30,7830000000.0,6501000000.0,,,521000000.0,7116000000.0,714000000.0,1000000.0,637000000.0,76000000.0,458000000.0,1.58,1.57,270490000.0,271100000.0,2926000000.0,,2654000000.0,1801000000.0,,,622000000.0,8055000000.0,,3193000000.0,2547000000.0,1021000000.0,678000000.0,17780000000.0,2574000000.0,1315000000.0,,3905000000.0,,,155000000.0,521000000.0,9255000000.0,4976000000.0,-566000000.0,8322000000.0,17780000000.0,,57000000.0,4000000.0,-160000000.0,501000000.0,,,23000000.0,,,549000000.0,,,,,45000000.0,261000000.0,,,-314000000.0,0.0,,-103000000.0,125000000.0,
2021-09-30,11484000000.0,9639000000.0,,,784000000.0,10555000000.0,929000000.0,2000000.0,817000000.0,101000000.0,559000000.0,1.89,1.89,270510000.0,271200000.0,2741000000.0,,2715000000.0,2119000000.0,,,477000000.0,8104000000.0,,3193000000.0,2504000000.0,973000000.0,644000000.0,17651000000.0,2544000000.0,1282000000.0,,3834000000.0,,,177000000.0,524000000.0,9152000000.0,5062000000.0,-699000000.0,8294000000.0,17651000000.0,,76000000.0,-5000000.0,-99000000.0,819000000.0,,,-37000000.0,,,553000000.0,,,,,45000000.0,430000000.0,,,-470000000.0,0.0,,-128000000.0,-60000000.0,
2021-12-31,15618000000.0,13182000000.0,,1030000000.0,1075000000.0,14429000000.0,1189000000.0,-129000000.0,910000000.0,101000000.0,590000000.0,1.95,1.94,270460000.0,271220000.0,3139000000.0,,2784000000.0,2014000000.0,6000000.0,,499000000.0,8436000000.0,,3294000000.0,2511000000.0,964000000.0,622000000.0,18007000000.0,2953000000.0,1246000000.0,83000000.0,4207000000.0,,153000000.0,153000000.0,436000000.0,9446000000.0,5077000000.0,-672000000.0,8347000000.0,18007000000.0,,87000000.0,-60000000.0,-37000000.0,710000000.0,,,265000000.0,,,1222000000.0,,,,,130000000.0,611000000.0,,,-729000000.0,0.0,,-191000000.0,286000000.0,
2022-03-31,4178000000.0,3589000000.0,,,274000000.0,3922000000.0,256000000.0,-39000000.0,174000000.0,21000000.0,89000000.0,0.27,0.27,270790000.0,271160000.0,4877000000.0,,3054000000.0,2312000000.0,,,531000000.0,10774000000.0,,3288000000.0,2479000000.0,924000000.0,606000000.0,20404000000.0,2910000000.0,1201000000.0,,4146000000.0,,,152000000.0,415000000.0,11804000000.0,5150000000.0,-665000000.0,8396000000.0,20404000000.0,,5000000.0,-1000000.0,270000000.0,298000000.0,,,1000000.0,,,-202000000.0,,,,,,247000000.0,,,-465000000.0,,,2411000000.0,1738000000.0,
2022-06-30,8235000000.0,7206000000.0,,,560000000.0,7882000000.0,353000000.0,-64000000.0,190000000.0,37000000.0,-45000000.0,-0.23,-0.23,270930000.0,271110000.0,4670000000.0,,3028000000.0,2362000000.0,,,498000000.0,10558000000.0,,3211000000.0,2392000000.0,876000000.0,594000000.0,19908000000.0,2749000000.0,1253000000.0,,4019000000.0,,,145000000.0,419000000.0,11626000000.0,5089000000.0,-942000000.0,8099000000.0,19908000000.0,,46000000.0,-5000000.0,244000000.0,358000000.0,,,-150000000.0,,,-107000000.0,,,,,,454000000.0,,,-705000000.0,,,2394000000.0,1557000000.0,
2022-09-30,12849000000.0,11027000000.0,,,835000000.0,12026000000.0,823000000.0,-44000000.0,622000000.0,96000000.0,345000000.0,1.1,1.1,270930000.0,271100000.0,4850000000.0,,3366000000.0,2306000000.0,,,457000000.0,10983000000.0,,3157000000.0,2274000000.0,806000000.0,573000000.0,19971000000.0,2775000000.0,1338000000.0,,4129000000.0,,,138000000.0,401000000.0,11590000000.0,5375000000.0,-1151000000.0,8195000000.0,19971000000.0,,65000000.0,-6000000.0,582000000.0,301000000.0,,,-107000000.0,,,330000000.0,,,,,220000000.0,666000000.0,,,-913000000.0,,,2376000000.0,1739000000.0,
2022-12-31,17489000000.0,14854000000.0,,1120000000.0,1138000000.0,16226000000.0,1263000000.0,-54000000.0,990000000.0,121000000.0,594000000.0,1.96,1.96,270900000.0,271180000.0,1531000000.0,,3433000000.0,2340000000.0,577000000.0,,480000000.0,7784000000.0,,3495000000.0,5106000000.0,2585000000.0,740000000.0,21884000000.0,3150000000.0,1684000000.0,90000000.0,4865000000.0,,,161000000.0,750000000.0,12790000000.0,5608000000.0,-791000000.0,8809000000.0,21884000000.0,,86000000.0,-144000000.0,497000000.0,258000000.0,,,137000000.0,,,1263000000.0,,,,,4310000000.0,844000000.0,,,-5182000000.0,0.0,,2359000000.0,-1584000000.0,
2023-03-31,4818000000.0,4058000000.0,,,342000000.0,4470000000.0,348000000.0,-1000000.0,280000000.0,34000000.0,162000000.0,0.54,0.54,271010000.0,271170000.0,1100000000.0,,3564000000.0,2485000000.0,,,576000000.0,7725000000.0,,3545000000.0,5099000000.0,2534000000.0,719000000.0,21716000000.0,2996000000.0,1467000000.0,76000000.0,4508000000.0,,,162000000.0,740000000.0,12444000000.0,5690000000.0,-682000000.0,8983000000.0,21716000000.0,,19000000.0,-7000000.0,131000000.0,144000000.0,,,-73000000.0,,,-9000000.0,,,,,38000000.0,269000000.0,,,-309000000.0,,,-122000000.0,-438000000.0,
2023-06-30,10018000000.0,8394000000.0,,,695000000.0,9260000000.0,758000000.0,11000000.0,629000000.0,64000000.0,404000000.0,1.38,1.38,272690000.0,272770000.0,1302000000.0,,3729000000.0,2380000000.0,,,661000000.0,8072000000.0,,3592000000.0,5140000000.0,2487000000.0,756000000.0,22098000000.0,3028000000.0,1524000000.0,70000000.0,4589000000.0,,,155000000.0,752000000.0,12576000000.0,5893000000.0,-665000000.0,9232000000.0,22098000000.0,,51000000.0,-17000000.0,295000000.0,35000000.0,,,-43000000.0,,,526000000.0,,,,,83000000.0,491000000.0,,,-590000000.0,,,-181000000.0,-253000000.0,
2023-09-30,15132000000.0,12615000000.0,,,1055000000.0,13928000000.0,1204000000.0,36000000.0,1026000000.0,-1312000000.0,2033000000.0,7.27,7.17,282840000.0,283440000.0,1808000000.0,,3647000000.0,2432000000.0,,,603000000.0,8490000000.0,,3579000000.0,5073000000.0,2423000000.0,2137000000.0,23711000000.0,3056000000.0,1597000000.0,70000000.0,4696000000.0,,,142000000.0,732000000.0,12638000000.0,7522000000.0,-779000000.0,10778000000.0,23711000000.0,,82000000.0,-1408000000.0,213000000.0,87000000.0,,,-1000000.0,,,1272000000.0,,,,,83000000.0,703000000.0,,,-795000000.0,,,-201000000.0,253000000.0,
2023-12-31,20051000000.0,16612000000.0,,1289000000.0,1436000000.0,18492000000.0,1559000000.0,63000000.0,1337000000.0,-1928000000.0,2938000000.0,10.5,10.39,276920000.0,282880000.0,1640000000.0,,3546000000.0,2365000000.0,1957000000.0,,696000000.0,8247000000.0,,3785000000.0,5151000000.0,2399000000.0,2862000000.0,24427000000.0,3151000000.0,1648000000.0,93000000.0,4808000000.0,,,169000000.0,701000000.0,12583000000.0,8162000000.0,-645000000.0,11548000000.0,24427000000.0,,115000000.0,-2164000000.0,112000000.0,20000000.0,,,4000000.0,,,1896000000.0,,,,,83000000.0,906000000.0,,,-1002000000.0,,,-807000000.0,85000000.0,
2024-03-31,4901000000.0,4023000000.0,,,366000000.0,4482000000.0,419000000.0,15000000.0,369000000.0,76000000.0,218000000.0,0.79,0.79,275190000.0,275310000.0,941000000.0,,3652000000.0,2371000000.0,,,727000000.0,7691000000.0,,3764000000.0,5110000000.0,2326000000.0,2860000000.0,23644000000.0,2893000000.0,1576000000.0,82000000.0,5956000000.0,,,169000000.0,688000000.0,12225000000.0,7847000000.0,-698000000.0,11120000000.0,23644000000.0,,27000000.0,32000000.0,106000000.0,6000000.0,,,-179000000.0,,,244000000.0,,,,,0.0,265000000.0,,,-305000000.0,,,-626000000.0,-699000000.0,
2024-06-30,9952000000.0,8106000000.0,,,771000000.0,9092000000.0,860000000.0,25000000.0,1397000000.0,127000000.0,1156000000.0,4.24,4.24,272690000.0,272870000.0,1409000000.0,,3592000000.0,2370000000.0,,,710000000.0,8829000000.0,,3731000000.0,5078000000.0,2263000000.0,2829000000.0,24751000000.0,2915000000.0,1518000000.0,81000000.0,5908000000.0,,,184000000.0,725000000.0,12981000000.0,8401000000.0,-884000000.0,11467000000.0,24751000000.0,,57000000.0,31000000.0,46000000.0,5000000.0,,,-110000000.0,,,887000000.0,,,,,0.0,491000000.0,,,-829000000.0,,,-264000000.0,-231000000.0,
2024-09-30,14806000000.0,12057000000.0,,,1102000000.0,13443000000.0,1363000000.0,30000000.0,1804000000.0,159000000.0,1519000000.0,5.76,5.76,263550000.0,263770000.0,1054000000.0,,3653000000.0,2550000000.0,,,640000000.0,8688000000.0,,3797000000.0,5170000000.0,2235000000.0,2874000000.0,24766000000.0,2989000000.0,1558000000.0,76000000.0,5804000000.0,,,188000000.0,647000000.0,15568000000.0,6734000000.0,-794000000.0,8882000000.0,24766000000.0,,91000000.0,-1000000.0,107000000.0,185000000.0,,,-39000000.0,,,1386000000.0,,,,,0.0,664000000.0,,,-1084000000.0,,,-888000000.0,-586000000.0,
,,,,,,,,,,,,,,,,,,,,,,,,,,,,,,,,,,,,,,,,,,,,,,,,,,,,,,,,,,,,,,,,,,,
