Date,Net sales,Cost of sales,Gross margin,Research and development,"Selling, general and administrative",Total operating expenses,Operating income,"Other income/(expense), net",Income before provision for income taxes,Provision for income taxes,Net income,Earnings per share basic,Earnings per share diluted,Weighted-average basic,Weighted-average diluted,Cash and cash equivalents,Short-term marketable securities,"Accounts receivable, net",Inventories,Deferred tax assets,Vendor non-trade receivables,Other current assets,Total current assets,Long-term marketable securities,"Property, Plant and Equipment, Net",Goodwill,"Acquired intangible assets, net","Other Assets, Noncurrent",Total assets,accounts payable,Accrued expenses,Deferred revenue,Total current liabilities,Deferred revenue - non-current,deferred tax liabilities,long term taxes payable,Total other non-current liabilities,Total liabilities,Retained Earnings (Accumulated Deficit),Accumulated other comprehensive (loss)/income,Total shareholders equity,Total liabilities and shareholders' equity,"Depreciation, amortization and accretion",Stock-based compensation expense,Deferred income tax expense,"Increase (Decrease) in Accounts receivable, net",Increase (Decrease) in Inventories,Increase (Decrease) in Other Receivables,Increase (Decrease) in Other Operating Assets,Increase (Decrease) in Accounts Payable,Increase (Decrease) in Deferred Revenue,Increase (Decrease) Other liabilities,Cash generated by operating activities,Purchases of marketable securities,Proceeds from maturities of marketable securities,Proceeds from sales of marketable securities,Purchases of other long-term investments,"Business acquisitions, net of cash acquired",Cash payments for capital asset purchases,Payments for acquisition of intangible assets,Payments for (Proceeds from) Other Investing Activities,Cash used in investing activities,Proceeds from issuance of common stock,Excess tax benefits from stock-based compensation,Cash generated/used in financing activities,Increase/(decrease) in cash and cash equivalents,"Cash paid for income taxes, net"
2018-05-06,10341000000.0,,5179000000.0,1861000000.0,585000000.0,3035000000.0,2144000000.0,,1894000000.0,-8423000000.0,9948000000.0,23.97,22.99,421000000.0,448000000.0,8187000000.0,,2749000000.0,1235000000.0,,,303000000.0,12474000000.0,,2720000000.0,26908000000.0,12346000000.0,488000000.0,54936000000.0,836000000.0,754000000.0,,2124000000.0,,266000000.0,,3264000000.0,22869000000.0,7868000000.0,-106000000.0,32067000000.0,54936000000.0,2148000000.0,595000000.0,,78000000.0,-306000000.0,,,-312000000.0,,,3998000000.0,,,,,4786000000.0,409000000.0,,12000000.0,-4382000000.0,112000000.0,,-2633000000.0,-3017000000.0,196000000.0
2018-08-05,15404000000.0,7606000000.0,7798000000.0,2820000000.0,819000000.0,4315000000.0,3483000000.0,,3123000000.0,-8391000000.0,11144000000.0,26.53,25.74,430000000.0,441000000.0,4136000000.0,,3010000000.0,1216000000.0,,,333000000.0,8695000000.0,,2695000000.0,26920000000.0,11598000000.0,464000000.0,50372000000.0,785000000.0,257000000.0,183000000.0,2187000000.0,,178000000.0,,3246000000.0,22920000000.0,4267000000.0,-106000000.0,27452000000.0,50372000000.0,,910000000.0,,340000000.0,-325000000.0,,,-353000000.0,,,6245000000.0,,,,,4793000000.0,529000000.0,,59000000.0,-4556000000.0,,,-8757000000.0,-7068000000.0,323000000.0
2018-11-04,20848000000.0,10115000000.0,10733000000.0,3768000000.0,1056000000.0,5598000000.0,5135000000.0,,4545000000.0,-8084000000.0,12259000000.0,29.33,28.44,418000000.0,431000000.0,4292000000.0,,3325000000.0,1124000000.0,459000000.0,,366000000.0,9107000000.0,,2635000000.0,26913000000.0,10762000000.0,707000000.0,50124000000.0,811000000.0,160000000.0,164000000.0,2338000000.0,,,,3636000000.0,23467000000.0,3487000000.0,-115000000.0,26657000000.0,50124000000.0,,1227000000.0,-8548000000.0,652000000.0,-417000000.0,,,-325000000.0,,,8880000000.0,,,,,4800000000.0,635000000.0,,56000000.0,-4674000000.0,,0.0,-11118000000.0,-6912000000.0,512000000.0
2019-02-03,5789000000.0,2581000000.0,3208000000.0,1133000000.0,471000000.0,2653000000.0,555000000.0,,278000000.0,-203000000.0,471000000.0,1.17,1.12,401000000.0,419000000.0,5093000000.0,,3677000000.0,1074000000.0,,,760000000.0,10604000000.0,,2684000000.0,36647000000.0,21493000000.0,682000000.0,72110000000.0,738000000.0,714000000.0,1692000000.0,8349000000.0,,,,6433000000.0,48886000000.0,259000000.0,-116000000.0,23224000000.0,72110000000.0,,465000000.0,,-68000000.0,-50000000.0,,,-169000000.0,,,2132000000.0,,,,,16027000000.0,99000000.0,,24000000.0,-15193000000.0,62000000.0,,13862000000.0,801000000.0,95000000.0
2019-05-05,11306000000.0,5009000000.0,6297000000.0,2284000000.0,890000000.0,4772000000.0,1525000000.0,,935000000.0,-239000000.0,1162000000.0,2.91,2.77,399000000.0,422000000.0,5328000000.0,,3484000000.0,1034000000.0,,,831000000.0,10677000000.0,,2654000000.0,36662000000.0,20188000000.0,735000000.0,70916000000.0,759000000.0,815000000.0,2028000000.0,8503000000.0,,,,6230000000.0,48744000000.0,0.0,-116000000.0,22172000000.0,70916000000.0,,1009000000.0,,-261000000.0,-90000000.0,,,-139000000.0,,,4799000000.0,,,,,16027000000.0,224000000.0,,3000000.0,-15299000000.0,183000000.0,,11536000000.0,1036000000.0,520000000.0
2019-08-04,16821000000.0,7490000000.0,9331000000.0,3519000000.0,1300000000.0,6941000000.0,2390000000.0,,1479000000.0,-410000000.0,1877000000.0,4.7,4.47,399000000.0,420000000.0,5462000000.0,,3539000000.0,1091000000.0,,,806000000.0,10898000000.0,,2611000000.0,36686000000.0,18879000000.0,693000000.0,69767000000.0,996000000.0,666000000.0,1872000000.0,8282000000.0,,,,5954000000.0,48264000000.0,0.0,-116000000.0,21503000000.0,69767000000.0,,1641000000.0,,-201000000.0,-33000000.0,,,105000000.0,,,7218000000.0,,,,,16033000000.0,336000000.0,,4000000.0,-15334000000.0,194000000.0,,9286000000.0,1170000000.0,618000000.0
2019-11-03,22597000000.0,10114000000.0,12483000000.0,4696000000.0,1709000000.0,9039000000.0,3444000000.0,,2226000000.0,-510000000.0,,6.77,6.43,398000000.0,419000000.0,5055000000.0,,3259000000.0,874000000.0,1017000000.0,,729000000.0,9917000000.0,,2565000000.0,36714000000.0,17554000000.0,743000000.0,67493000000.0,855000000.0,577000000.0,1501000000.0,6899000000.0,,,,5613000000.0,42523000000.0,0.0,-140000000.0,24941000000.0,67493000000.0,,2185000000.0,-787000000.0,-486000000.0,-250000000.0,,,-42000000.0,,,9697000000.0,,,,,16033000000.0,432000000.0,,2000000.0,-15422000000.0,253000000.0,,6488000000.0,763000000.0,741000000.0
2020-02-02,5858000000.0,2594000000.0,3264000000.0,1289000000.0,601000000.0,2550000000.0,714000000.0,,304000000.0,-76000000.0,,0.78,0.74,398000000.0,420000000.0,6444000000.0,,3651000000.0,944000000.0,,,1070000000.0,12109000000.0,,2616000000.0,43472000000.0,21465000000.0,1344000000.0,81006000000.0,985000000.0,1128000000.0,2880000000.0,7739000000.0,,,,6464000000.0,56610000000.0,0.0,-132000000.0,,81006000000.0,,545000000.0,,392000000.0,-40000000.0,,,117000000.0,,,2322000000.0,,,,,10870000000.0,108000000.0,,9000000.0,-10987000000.0,37000000.0,,10054000000.0,1389000000.0,131000000.0
2020-05-03,11600000000.0,5147000000.0,6453000000.0,2558000000.0,1102000000.0,4973000000.0,1480000000.0,,713000000.0,-235000000.0,,2.0,1.91,401000000.0,419000000.0,9207000000.0,,3211000000.0,953000000.0,,,851000000.0,14222000000.0,,2618000000.0,43457000000.0,19909000000.0,1342000000.0,81548000000.0,1230000000.0,993000000.0,3065000000.0,6601000000.0,,,,5933000000.0,57578000000.0,0.0,-131000000.0,,81548000000.0,,1062000000.0,,-48000000.0,-30000000.0,,,350000000.0,,,5535000000.0,,,,,10870000000.0,256000000.0,,5000000.0,-10963000000.0,128000000.0,,9580000000.0,4152000000.0,255000000.0
2020-08-02,17421000000.0,7652000000.0,9769000000.0,3786000000.0,1530000000.0,7281000000.0,2488000000.0,,1306000000.0,-331000000.0,,3.52,3.36,403000000.0,422000000.0,8857000000.0,,2684000000.0,1081000000.0,,,1059000000.0,13681000000.0,,2567000000.0,43447000000.0,18357000000.0,1246000000.0,79298000000.0,1092000000.0,876000000.0,2793000000.0,6702000000.0,,,,5810000000.0,55713000000.0,0.0,-131000000.0,,79298000000.0,,1527000000.0,,-590000000.0,98000000.0,,,227000000.0,,,8713000000.0,,,,,10872000000.0,361000000.0,,4000000.0,-11009000000.0,174000000.0,,6098000000.0,3802000000.0,299000000.0
2020-11-01,23888000000.0,10372000000.0,13516000000.0,4968000000.0,1935000000.0,9502000000.0,4014000000.0,,2443000000.0,-518000000.0,,6.62,6.33,402000000.0,421000000.0,7618000000.0,,2297000000.0,1003000000.0,1260000000.0,,977000000.0,11895000000.0,,2509000000.0,43447000000.0,16782000000.0,1300000000.0,75933000000.0,836000000.0,3831000000.0,2620000000.0,6371000000.0,,,,5426000000.0,52032000000.0,0.0,-108000000.0,,75933000000.0,,1976000000.0,-1082000000.0,-981000000.0,31000000.0,,,-3000000.0,,,12061000000.0,,,,,10872000000.0,463000000.0,,4000000.0,-11109000000.0,276000000.0,,1611000000.0,2563000000.0,501000000.0
2021-01-31,6655000000.0,2703000000.0,3952000000.0,1211000000.0,339000000.0,2115000000.0,1837000000.0,,1384000000.0,6000000.0,,3.2,3.05,407000000.0,428000000.0,9552000000.0,,2524000000.0,952000000.0,,,1272000000.0,14300000000.0,,2496000000.0,43457000000.0,15419000000.0,1300000000.0,76972000000.0,898000000.0,778000000.0,3098000000.0,6694000000.0,,,,5211000000.0,52973000000.0,0.0,-107000000.0,,76972000000.0,,444000000.0,,247000000.0,-51000000.0,,,44000000.0,,,3113000000.0,,,,,8000000.0,114000000.0,,0.0,-122000000.0,35000000.0,,-1057000000.0,1934000000.0,147000000.0
2021-05-02,13265000000.0,5256000000.0,8009000000.0,2449000000.0,664000000.0,4197000000.0,3812000000.0,,2870000000.0,-7000000.0,,6.67,6.34,409000000.0,429000000.0,9518000000.0,,2425000000.0,1004000000.0,,,1298000000.0,14245000000.0,,2416000000.0,43457000000.0,14068000000.0,1338000000.0,75524000000.0,830000000.0,4689000000.0,3409000000.0,6436000000.0,,,,4962000000.0,51558000000.0,0.0,-106000000.0,,75524000000.0,,869000000.0,,141000000.0,1000000.0,,,-14000000.0,,,6682000000.0,,,,,8000000.0,240000000.0,,3000000.0,-248000000.0,106000000.0,,-4534000000.0,1900000000.0,440000000.0
2021-08-01,20043000000.0,7837000000.0,12206000000.0,3654000000.0,1010000000.0,6268000000.0,5938000000.0,,4596000000.0,-151000000.0,,11.06,10.54,411000000.0,429000000.0,11105000000.0,,2234000000.0,1160000000.0,,,1137000000.0,15636000000.0,,2370000000.0,43457000000.0,12719000000.0,1698000000.0,75880000000.0,968000000.0,4361000000.0,3008000000.0,6501000000.0,,,,4834000000.0,51513000000.0,320000000.0,-106000000.0,,75880000000.0,,1290000000.0,,-50000000.0,157000000.0,,,142000000.0,,,10223000000.0,,,,,8000000.0,355000000.0,,3000000.0,-295000000.0,113000000.0,,-6441000000.0,3487000000.0,607000000.0
2021-10-31,27450000000.0,10606000000.0,16844000000.0,4854000000.0,1347000000.0,8325000000.0,8519000000.0,,6765000000.0,29000000.0,,15.7,15.0,410000000.0,429000000.0,12163000000.0,,2071000000.0,1297000000.0,1962000000.0,,1055000000.0,16586000000.0,,2348000000.0,43450000000.0,11374000000.0,1812000000.0,75570000000.0,1086000000.0,3839000000.0,2619000000.0,6281000000.0,,,,4860000000.0,50581000000.0,748000000.0,-116000000.0,,75570000000.0,,1704000000.0,-997000000.0,-210000000.0,294000000.0,,,243000000.0,,,13764000000.0,,,,,8000000.0,443000000.0,,12000000.0,-245000000.0,170000000.0,,-8974000000.0,4545000000.0,775000000.0
2022-01-30,7706000000.0,2657000000.0,5049000000.0,1206000000.0,321000000.0,1941000000.0,3108000000.0,,2687000000.0,215000000.0,,5.82,5.59,412000000.0,429000000.0,10219000000.0,,2539000000.0,1520000000.0,,,1063000000.0,15341000000.0,,2303000000.0,43450000000.0,10244000000.0,1886000000.0,73224000000.0,1078000000.0,4378000000.0,3027000000.0,6287000000.0,,,,4738000000.0,50230000000.0,0.0,-115000000.0,,73224000000.0,,387000000.0,,468000000.0,223000000.0,,,0.0,,,3486000000.0,,,,,,101000000.0,,8000000.0,-309000000.0,1000000.0,,-5121000000.0,-1944000000.0,186000000.0
2022-05-01,15809000000.0,5321000000.0,10488000000.0,2467000000.0,689000000.0,3986000000.0,6502000000.0,,5477000000.0,415000000.0,,11.98,11.53,410000000.0,426000000.0,9005000000.0,,3083000000.0,1668000000.0,,,1054000000.0,14810000000.0,,2262000000.0,43603000000.0,9241000000.0,1803000000.0,71719000000.0,1069000000.0,4788000000.0,3600000000.0,6910000000.0,,,,4655000000.0,50729000000.0,0.0,-115000000.0,,71719000000.0,,773000000.0,,1004000000.0,370000000.0,,,-31000000.0,,,7729000000.0,,,,,234000000.0,186000000.0,,-1000000.0,-619000000.0,60000000.0,,-10268000000.0,-3158000000.0,426000000.0
2022-07-31,24273000000.0,8104000000.0,16169000000.0,3722000000.0,1012000000.0,5930000000.0,10239000000.0,,8814000000.0,678000000.0,,19.39,18.7,408000000.0,435000000.0,9977000000.0,,2708000000.0,1838000000.0,,,1038000000.0,15561000000.0,,2250000000.0,43608000000.0,8174000000.0,1733000000.0,71326000000.0,712000000.0,4607000000.0,3297000000.0,6702000000.0,,,,4530000000.0,50423000000.0,0.0,-114000000.0,,71326000000.0,,1146000000.0,,629000000.0,540000000.0,,,-383000000.0,,,12153000000.0,,,,,239000000.0,302000000.0,,-2000000.0,-539000000.0,60000000.0,,-13800000000.0,-2186000000.0,657000000.0
2022-10-30,33203000000.0,11108000000.0,22095000000.0,4919000000.0,1382000000.0,7870000000.0,14225000000.0,,12434000000.0,939000000.0,,27.44,26.53,409000000.0,423000000.0,12416000000.0,,2958000000.0,1925000000.0,1358000000.0,,1205000000.0,18504000000.0,,2223000000.0,43614000000.0,7111000000.0,1797000000.0,73249000000.0,998000000.0,4412000000.0,2931000000.0,7052000000.0,,,,4413000000.0,50540000000.0,1604000000.0,-54000000.0,,73249000000.0,,1533000000.0,-45000000.0,870000000.0,627000000.0,,,-79000000.0,,,16736000000.0,,,,,246000000.0,424000000.0,,-3000000.0,-667000000.0,114000000.0,,-15816000000.0,253000000.0,908000000.0
2023-01-29,8915000000.0,2911000000.0,6004000000.0,1195000000.0,348000000.0,1901000000.0,4103000000.0,,3840000000.0,66000000.0,,9.03,8.8,418000000.0,429000000.0,12647000000.0,,3234000000.0,1899000000.0,,,1056000000.0,18836000000.0,,2201000000.0,43614000000.0,6225000000.0,2100000000.0,72976000000.0,923000000.0,4909000000.0,3109000000.0,7483000000.0,,,,4016000000.0,49666000000.0,2371000000.0,-180000000.0,,72976000000.0,,391000000.0,,276000000.0,-26000000.0,,,-80000000.0,,,4036000000.0,,,,,,103000000.0,,0.0,-103000000.0,,,-3702000000.0,231000000.0,273000000.0
2023-04-30,17648000000.0,5529000000.0,12119000000.0,2507000000.0,786000000.0,4008000000.0,8111000000.0,,7556000000.0,301000000.0,,17.4,16.95,417000000.0,428000000.0,11553000000.0,,3031000000.0,1886000000.0,,,1401000000.0,17871000000.0,,2209000000.0,43614000000.0,5434000000.0,2539000000.0,71667000000.0,831000000.0,4929000000.0,3427000000.0,7511000000.0,,,,3955000000.0,49660000000.0,1363000000.0,-182000000.0,,71667000000.0,,904000000.0,,91000000.0,-39000000.0,,,-194000000.0,,,8538000000.0,,,,,0.0,225000000.0,,-1000000.0,-421000000.0,63000000.0,,-8980000000.0,-863000000.0,1164000000.0
2023-07-30,26524000000.0,8241000000.0,18283000000.0,3865000000.0,1174000000.0,6316000000.0,11967000000.0,,11130000000.0,572000000.0,,25.44,24.73,415000000.0,427000000.0,12055000000.0,,2914000000.0,1842000000.0,,,1522000000.0,18333000000.0,,2180000000.0,43619000000.0,4654000000.0,2809000000.0,71595000000.0,992000000.0,4403000000.0,2941000000.0,7345000000.0,,,,3949000000.0,49516000000.0,1178000000.0,46000000.0,,71595000000.0,,1533000000.0,,-44000000.0,-83000000.0,,,-6000000.0,,,13257000000.0,,,,,17000000.0,347000000.0,,-13000000.0,-565000000.0,63000000.0,,-13053000000.0,-361000000.0,1591000000.0
2023-10-29,35819000000.0,11129000000.0,24690000000.0,5253000000.0,1592000000.0,8483000000.0,16207000000.0,,15097000000.0,1015000000.0,,33.93,32.98,415000000.0,427000000.0,14189000000.0,,3154000000.0,1898000000.0,1245000000.0,,1606000000.0,20847000000.0,,2154000000.0,43653000000.0,3867000000.0,2340000000.0,72861000000.0,1210000000.0,3652000000.0,2487000000.0,7405000000.0,,,,3847000000.0,48873000000.0,2682000000.0,207000000.0,,72861000000.0,,2171000000.0,-501000000.0,187000000.0,-27000000.0,,,209000000.0,,,18085000000.0,,,,,53000000.0,452000000.0,,66000000.0,-689000000.0,122000000.0,,-15623000000.0,1773000000.0,1782000000.0
2024-02-04,11961000000.0,4586000000.0,7375000000.0,2308000000.0,1572000000.0,5292000000.0,2083000000.0,,1342000000.0,68000000.0,,2.93,2.84,452000000.0,467000000.0,11864000000.0,,4969000000.0,1920000000.0,,,8439000000.0,27192000000.0,,2662000000.0,97586000000.0,47185000000.0,3245000000.0,177870000000.0,1496000000.0,15312000000.0,9593000000.0,20369000000.0,,,,13749000000.0,107586000000.0,0.0,207000000.0,,177870000000.0,,1582000000.0,,-1756000000.0,14000000.0,,,-74000000.0,,,4815000000.0,,,,,25416000000.0,122000000.0,,15000000.0,-25477000000.0,,,18337000000.0,-2325000000.0,904000000.0
2024-05-05,24448000000.0,9297000000.0,15151000000.0,4723000000.0,2849000000.0,10103000000.0,5048000000.0,,3347000000.0,-116000000.0,,7.52,7.29,465000000.0,480000000.0,9809000000.0,,5500000000.0,1842000000.0,,,8151000000.0,25302000000.0,,2668000000.0,97873000000.0,45407000000.0,3961000000.0,175211000000.0,1441000000.0,14919000000.0,10519000000.0,20171000000.0,,,,13489000000.0,105250000000.0,0.0,207000000.0,,175211000000.0,,3039000000.0,,-1243000000.0,-68000000.0,,,-167000000.0,,,9395000000.0,,,,,25976000000.0,254000000.0,,12000000.0,-26183000000.0,64000000.0,,12408000000.0,-4380000000.0,1738000000.0
2024-08-04,37520000000.0,14013000000.0,23507000000.0,7076000000.0,3949000000.0,14671000000.0,8836000000.0,,6153000000.0,4238000000.0,,-0.4,-0.4,4663000000.0,4762000000.0,9952000000.0,,4665000000.0,1894000000.0,,,3436000000.0,19947000000.0,,2602000000.0,97873000000.0,43034000000.0,4510000000.0,167966000000.0,1757000000.0,12578000000.0,9789000000.0,19221000000.0,,,,16296000000.0,102315000000.0,-1875000000.0,208000000.0,,167966000000.0,,4427000000.0,,-2078000000.0,-16000000.0,,,206000000.0,,,14358000000.0,,,,,25978000000.0,426000000.0,,10000000.0,-22938000000.0,64000000.0,,4343000000.0,-4237000000.0,2323000000.0
