Date,Net sales,Cost of sales,Gross margin,Research and development,"Selling, general and administrative",Total operating expenses,Operating income,"Other income/(expense), net",Income before provision for income taxes,Provision for income taxes,Net income,Earnings per share basic,Earnings per share diluted,Weighted-average basic,Weighted-average diluted,Cash and cash equivalents,Short-term marketable securities,"Accounts receivable, net",Inventories,Deferred tax assets,Vendor non-trade receivables,Other current assets,Total current assets,Long-term marketable securities,"Property, Plant and Equipment, Net",Goodwill,"Acquired intangible assets, net","Other Assets, Noncurrent",Total assets,accounts payable,Accrued expenses,Deferred revenue,Total current liabilities,Deferred revenue - non-current,deferred tax liabilities,long term taxes payable,Total other non-current liabilities,Total liabilities,Retained Earnings (Accumulated Deficit),Accumulated other comprehensive (loss)/income,Total shareholders equity,Total liabilities and shareholders' equity,"Depreciation, amortization and accretion",Stock-based compensation expense,Deferred income tax expense,"Increase (Decrease) in Accounts receivable, net",Increase (Decrease) in Inventories,Increase (Decrease) in Other Receivables,Increase (Decrease) in Other Operating Assets,Increase (Decrease) in Accounts Payable,Increase (Decrease) in Deferred Revenue,Increase (Decrease) Other liabilities,Cash generated by operating activities,Purchases of marketable securities,Proceeds from maturities of marketable securities,Proceeds from sales of marketable securities,Purchases of other long-term investments,"Business acquisitions, net of cash acquired",Cash payments for capital asset purchases,Payments for acquisition of intangible assets,Payments for (Proceeds from) Other Investing Activities,Cash used in investing activities,Proceeds from issuance of common stock,Excess tax benefits from stock-based compensation,Cash generated/used in financing activities,Increase/(decrease) in cash and cash equivalents,"Cash paid for income taxes, net"
2010-06-30,1259276000.0,,,,,937228000.0,322048000.0,-150191000.0,171857000.0,68298000.0,103559000.0,0.59,0.59,174774000.0,174850000.0,20610000.0,,,,,,57208000.0,590113000.0,,10872323000.0,1250692000.0,,52714000.0,13773516000.0,147573000.0,181136000.0,,753437000.0,,968969000.0,,46521000.0,,-2046326000.0,-62546000.0,4043866000.0,13773516000.0,152725000.0,,89796000.0,59367000.0,,,,-1894000.0,,,297509000.0,,,,,1572000.0,327279000.0,,0.0,-331226000.0,0.0,,32071000.0,-1646000.0,
2010-09-30,2046222000.0,,,,,1450219000.0,596003000.0,-221423000.0,374580000.0,146907000.0,227673000.0,1.3,1.3,174859000.0,175062000.0,23501000.0,,,,,,53415000.0,627399000.0,,11013347000.0,1250692000.0,,54353000.0,13983675000.0,166388000.0,189090000.0,,741424000.0,,1050293000.0,,45575000.0,,-1960806000.0,-61086000.0,4135753000.0,13983675000.0,232156000.0,,175090000.0,93258000.0,,,,-6548000.0,,,587027000.0,,,,,1670000.0,522090000.0,,0.0,-505952000.0,0.0,,-79830000.0,1245000.0,
2010-12-31,2710677000.0,,,,,1962586000.0,748091000.0,-298655000.0,449436000.0,181609000.0,267827000.0,1.53,1.53,174833000.0,175124000.0,13112000.0,,,,,,48185000.0,534307000.0,,11201617000.0,1250692000.0,,50432000.0,14079773000.0,199240000.0,193223000.0,,774506000.0,,1093055000.0,,45824000.0,,-1959235000.0,-71446000.0,4132272000.0,14079773000.0,354650000.0,10334000.0,157602000.0,33044000.0,,,,6487000.0,,,774933000.0,,,,,1642000.0,765636000.0,,0.0,-746743000.0,0.0,,-37334000.0,-9144000.0,-30108000.0
2011-03-31,610936000.0,,,,,466063000.0,144873000.0,-74760000.0,70113000.0,28649000.0,47332000.0,0.27,0.27,175259000.0,176048000.0,13528000.0,,,,,,61906000.0,1305539000.0,,10555698000.0,1204227000.0,,51312000.0,14128807000.0,132725000.0,166750000.0,,1134880000.0,,1136432000.0,,42301000.0,,-1950571000.0,-69958000.0,4150654000.0,14128807000.0,88019000.0,,40657000.0,-26070000.0,,,,-26244000.0,,,161526000.0,,,,,1445000.0,176411000.0,,,-166188000.0,,,5078000.0,416000.0,
2011-06-30,1276070000.0,,,,,931391000.0,344679000.0,-149981000.0,194698000.0,79315000.0,131898000.0,0.75,0.75,175469000.0,176419000.0,13466000.0,,,,,,74940000.0,1493214000.0,,10599942000.0,1195510000.0,,51406000.0,14347216000.0,159024000.0,222924000.0,,1327646000.0,,1163854000.0,,39709000.0,,-1945185000.0,-68696000.0,4157920000.0,14347216000.0,174603000.0,4740000.0,69326000.0,44705000.0,,,,-14728000.0,,,262396000.0,,,,,4769000.0,391792000.0,,,-375425000.0,,,113383000.0,354000.0,
2011-09-30,2042520000.0,,,,,1416524000.0,625996000.0,-224539000.0,401457000.0,157669000.0,269320000.0,1.53,1.53,175547000.0,176593000.0,15621000.0,,,,,,71151000.0,1479461000.0,,10787844000.0,1195510000.0,,58678000.0,14538733000.0,190556000.0,232208000.0,,1380014000.0,,1235554000.0,,36965000.0,,-1848338000.0,-68555000.0,4258643000.0,14538733000.0,263027000.0,6960000.0,144654000.0,55647000.0,,,,-14385000.0,,,576044000.0,,,,,6381000.0,621940000.0,,,-606001000.0,,398000.0,32466000.0,2509000.0,
2011-12-31,2666236000.0,,,,,1863100000.0,803136000.0,-299456000.0,503680000.0,198751000.0,309613000.0,1.76,1.75,175484000.0,176531000.0,14207000.0,,,,1021827000.0,,54134000.0,1397659000.0,,11021098000.0,1195069000.0,,57401000.0,14776391000.0,243709000.0,223597000.0,,1489105000.0,,1288797000.0,,38963000.0,,-1848801000.0,-97677000.0,4235837000.0,14776391000.0,351821000.0,10008000.0,195494000.0,17433000.0,,,,37824000.0,,,808357000.0,,,,,7220000.0,924858000.0,,0.0,-912397000.0,0.0,,105135000.0,1095000.0,14269000.0
2012-03-31,618554000.0,,,,,458816000.0,159738000.0,-75093000.0,84645000.0,35393000.0,41754000.0,0.24,0.24,175914000.0,177028000.0,9502000.0,,,,,,62796000.0,589109000.0,,11139499000.0,1195069000.0,,56163000.0,14087739000.0,162414000.0,208982000.0,,743689000.0,,1332331000.0,,40015000.0,,-1847750000.0,-95549000.0,4250889000.0,14087739000.0,92104000.0,2268000.0,76256000.0,-11246000.0,,,,-45684000.0,,,148099000.0,,,,,104000.0,233366000.0,,,229605000.0,,,-382409000.0,-4705000.0,
2012-06-30,1364161000.0,,,,,933791000.0,430370000.0,-148460000.0,281910000.0,115995000.0,148780000.0,0.84,0.84,176331000.0,177491000.0,12919000.0,,,,,,57579000.0,606374000.0,,11387311000.0,1207572000.0,,59178000.0,14412761000.0,183908000.0,255267000.0,,1017964000.0,,1434201000.0,,38627000.0,,-1785039000.0,-93890000.0,4321428000.0,14412761000.0,184433000.0,5263000.0,57833000.0,75541000.0,,,,-43252000.0,,,316871000.0,,,,,44293000.0,476300000.0,,,29669000.0,,,-347828000.0,-1288000.0,
2012-09-30,2195976000.0,,,,,1437966000.0,758010000.0,-221076000.0,536934000.0,216908000.0,302592000.0,1.72,1.7,176621000.0,177841000.0,18531000.0,,,,,,80888000.0,642525000.0,,11534327000.0,1207572000.0,,59714000.0,14599535000.0,202283000.0,321024000.0,,1005874000.0,,1534741000.0,,39710000.0,,-1675678000.0,-91507000.0,4447620000.0,14599535000.0,280652000.0,8549000.0,197001000.0,96978000.0,,,,-47121000.0,,,735014000.0,,,,,44333000.0,680357000.0,,,-185356000.0,,,-545334000.0,4324000.0,
2012-12-31,2876889000.0,,,,,1951916000.0,924973000.0,-293715000.0,631258000.0,257008000.0,358070000.0,2.03,2.01,176445000.0,177671000.0,24433000.0,,,,-1471153000.0,,30483000.0,499447000.0,,11739364000.0,1207250000.0,,63010000.0,14718976000.0,279613000.0,239950000.0,,994832000.0,,1471153000.0,,114876000.0,,-1664955000.0,-116191000.0,4443268000.0,14718976000.0,381503000.0,11470000.0,200440000.0,34528000.0,,,,-10572000.0,,,955598000.0,,,,,44560000.0,928574000.0,,,-382356000.0,,,-563016000.0,10226000.0,5352000.0
2013-03-31,636137000.0,,,,,471904000.0,164233000.0,-75422000.0,88811000.0,31168000.0,57643000.0,0.32,0.32,177327000.0,178465000.0,21181000.0,,,,,,41166000.0,491850000.0,,11792935000.0,1207161000.0,,62057000.0,14769216000.0,166723000.0,189646000.0,,958332000.0,,1518408000.0,,98777000.0,,-1607321000.0,-114286000.0,4507942000.0,14769216000.0,99649000.0,2042000.0,29446000.0,-18775000.0,,,,-37278000.0,,,149625000.0,,,,,2836000.0,213086000.0,,,-227710000.0,,,74833000.0,-3252000.0,
2013-06-30,1360402000.0,,,,,954282000.0,406120000.0,-149590000.0,256530000.0,97624000.0,158906000.0,0.89,0.89,177716000.0,178910000.0,20366000.0,,,,,,31085000.0,545840000.0,,11927870000.0,1207336000.0,,59928000.0,14977377000.0,178418000.0,198600000.0,,1049306000.0,,1639696000.0,,40881000.0,,-1555993000.0,-112468000.0,4572126000.0,14977377000.0,201015000.0,6462000.0,91930000.0,64675000.0,,,,-32243000.0,,,290197000.0,,,,,4602000.0,429830000.0,,,-459387000.0,,,165123000.0,-4067000.0,
2013-09-30,2189598000.0,,,,,1459603000.0,729995000.0,-224473000.0,505522000.0,195951000.0,309571000.0,1.74,1.73,177965000.0,179154000.0,32454000.0,,,,,,38765000.0,613220000.0,,12112567000.0,1207741000.0,,61717000.0,15228446000.0,209768000.0,281050000.0,,1141473000.0,,1744330000.0,,36475000.0,,-1505191000.0,-109901000.0,4632932000.0,15228446000.0,303749000.0,8916000.0,195240000.0,109372000.0,,,,-28061000.0,,,688676000.0,,,,,16554000.0,665262000.0,,,-719367000.0,,,38712000.0,8021000.0,
2013-12-31,2901858000.0,,,,,1956009000.0,945849000.0,-340379000.0,605470000.0,236206000.0,369264000.0,2.08,2.06,177814000.0,179056000.0,26964000.0,,,,-1822088000.0,,28408000.0,550390000.0,,12391162000.0,1207764000.0,,60998000.0,15069533000.0,264589000.0,241976000.0,,1235533000.0,,1822088000.0,,38929000.0,,-1495698000.0,-34635000.0,4727804000.0,15069533000.0,407718000.0,12474000.0,250500000.0,79306000.0,,,,16215000.0,,,896162000.0,,,,,23658000.0,980252000.0,,,-1053294000.0,,,159663000.0,2531000.0,7788000.0
2014-03-31,681946000.0,,,,,495850000.0,186096000.0,-73090000.0,113006000.0,44883000.0,68123000.0,0.38,0.38,178539000.0,179457000.0,30755000.0,,,,134833000.0,,31604000.0,687994000.0,,12469981000.0,1208065000.0,,60081000.0,15274821000.0,183839000.0,212948000.0,,1197699000.0,,1997673000.0,,37688000.0,,-1427809000.0,-35151000.0,,15274821000.0,106078000.0,2711000.0,44919000.0,-3307000.0,,,,-59140000.0,,,244874000.0,,,,,2279000.0,192466000.0,,,-205200000.0,,,-35883000.0,3791000.0,
2014-06-30,1441105000.0,,,,,1001235000.0,439870000.0,-145375000.0,294495000.0,117073000.0,177422000.0,0.99,0.99,178863000.0,179693000.0,32133000.0,,,,119144000.0,,27193000.0,707635000.0,,12582511000.0,1208065000.0,,60237000.0,15426447000.0,192441000.0,231878000.0,,1234911000.0,,2027483000.0,,37712000.0,,-1374174000.0,-34671000.0,,15426447000.0,211940000.0,6882000.0,108991000.0,53745000.0,,,,-55626000.0,,,450615000.0,,,,,2869000.0,401781000.0,,,-438174000.0,,,-7272000.0,5169000.0,
2014-09-30,2279950000.0,,,,,1500435000.0,779515000.0,-218847000.0,560668000.0,224773000.0,329607000.0,1.84,1.83,178992000.0,179948000.0,74128000.0,,,,104251000.0,,28744000.0,756961000.0,,12799358000.0,1208065000.0,,59192000.0,15715647000.0,260713000.0,282988000.0,,1058935000.0,,2118499000.0,,36893000.0,,-1333164000.0,-35942000.0,,15715647000.0,318398000.0,9670000.0,213125000.0,77323000.0,,,,-30141000.0,,,840262000.0,,,,,6053000.0,,,,-721341000.0,,10715000.0,-71757000.0,47164000.0,
2014-12-31,3011328000.0,,,,,2008752000.0,1002576000.0,-292762000.0,709814000.0,279973000.0,423108000.0,2.36,2.35,178888000.0,179806000.0,23080000.0,,,,-2034138000.0,,45414000.0,661369000.0,,13029296000.0,1208043000.0,,69861000.0,16130956000.0,285800000.0,363079000.0,,1240998000.0,,2120739000.0,,37152000.0,,-1295549000.0,-81868000.0,,16130956000.0,424084000.0,13043000.0,255573000.0,61942000.0,,,,-26137000.0,,,1097287000.0,,,,,8935000.0,,,,-1013989000.0,,,-87182000.0,-3884000.0,15917000.0
2015-03-31,698078000.0,,,,,493777000.0,204301000.0,-70799000.0,133502000.0,53459000.0,80043000.0,0.45,0.44,179458000.0,180295000.0,24294000.0,,,,119839000.0,,63393000.0,729019000.0,,13098567000.0,1208043000.0,,67257000.0,16263531000.0,203409000.0,267811000.0,,1227548000.0,,2199681000.0,,36059000.0,,-1224008000.0,-81503000.0,,16263531000.0,107377000.0,2418000.0,34368000.0,8758000.0,,,,-30052000.0,,,198619000.0,,,,,48000.0,,,,-246516000.0,,2908000.0,49111000.0,1214000.0,
2015-06-30,1480199000.0,,,,,998337000.0,481862000.0,-144733000.0,337129000.0,134011000.0,203118000.0,1.13,1.13,179564000.0,180371000.0,144752000.0,,,,130168000.0,,41505000.0,890085000.0,,13357981000.0,1209841000.0,,70471000.0,16732332000.0,283570000.0,248541000.0,,1512188000.0,,2284069000.0,,48027000.0,,-1162346000.0,-80053000.0,,16732332000.0,216300000.0,,,72263000.0,,,,,,,417995000.0,,,,,41244000.0,,,,-567175000.0,,3797000.0,270852000.0,121672000.0,
2015-09-30,,,,,,1533260000.0,843145000.0,-218931000.0,624214000.0,247202000.0,,2.1,2.09,179578000.0,180353000.0,75224000.0,,,,114796000.0,,31781000.0,879009000.0,,13605510000.0,1312888000.0,,68439000.0,17105173000.0,281291000.0,338755000.0,,1165387000.0,,2375856000.0,,54391000.0,,-1049665000.0,-79175000.0,5165452000.0,17105173000.0,327496000.0,,,146543000.0,,,,,,,855618000.0,,,,,175567000.0,,,,-1043982000.0,,6635000.0,240508000.0,52144000.0,
2015-12-31,,,,,,2084000000.0,1075000000.0,-293000000.0,782000000.0,306000000.0,476000000.0,2.66,2.64,179000000.0,180000000.0,45000000.0,,255000000.0,,891000000.0,,31000000.0,657000000.0,,13933000000.0,1302000000.0,,78000000.0,17241000000.0,126000000.0,493000000.0,,1533000000.0,,2310000000.0,,68000000.0,,-1073000000.0,-88000000.0,5049000000.0,17241000000.0,440000000.0,,,84000000.0,,,,,,,1179000000.0,,,,,197000000.0,,,,-1465000000.0,,,308000000.0,22000000.0,12000000.0
2016-03-31,,,,,,529000000.0,214000000.0,-78000000.0,136000000.0,54000000.0,82000000.0,0.46,0.46,178000000.0,179000000.0,66000000.0,,220000000.0,,,,42000000.0,638000000.0,,14098000000.0,1313000000.0,,79000000.0,17417000000.0,116000000.0,368000000.0,,1614000000.0,,2358000000.0,,70000000.0,,-991000000.0,-87000000.0,5082000000.0,17417000000.0,116000000.0,,,-49000000.0,,,,,,,247000000.0,,,,,22000000.0,,,,-323000000.0,,4000000.0,97000000.0,21000000.0,
2016-06-30,,,,,,1057000000.0,513000000.0,-152000000.0,361000000.0,142000000.0,219000000.0,1.23,1.23,178000000.0,178000000.0,52000000.0,,240000000.0,,,,48000000.0,691000000.0,,14317000000.0,1313000000.0,,79000000.0,17706000000.0,148000000.0,377000000.0,,1740000000.0,,2430000000.0,,89000000.0,,-921000000.0,-96000000.0,5153000000.0,17706000000.0,231000000.0,,,13000000.0,,,,,,,518000000.0,,,,,24000000.0,597000000.0,,,-665000000.0,,7000000.0,154000000.0,7000000.0,
2016-09-30,,,,,,1668000000.0,832000000.0,-228000000.0,604000000.0,237000000.0,367000000.0,2.06,2.05,178000000.0,179000000.0,46000000.0,,302000000.0,,,,105000000.0,801000000.0,,14559000000.0,1313000000.0,,75000000.0,17971000000.0,135000000.0,530000000.0,,1928000000.0,,2524000000.0,,90000000.0,,-839000000.0,-99000000.0,5238000000.0,17971000000.0,350000000.0,,,83000000.0,,,,,,,925000000.0,,,,,29000000.0,928000000.0,,,-1014000000.0,,8000000.0,90000000.0,1000000.0,
2016-12-31,,,,,,2222000000.0,1080000000.0,-310000000.0,770000000.0,302000000.0,468000000.0,2.63,2.62,178000000.0,179000000.0,75000000.0,,269000000.0,,1098000000.0,,118000000.0,784000000.0,,14992000000.0,1345000000.0,,72000000.0,18482000000.0,154000000.0,609000000.0,,2392000000.0,,2596000000.0,,67000000.0,,-873000000.0,-86000000.0,5218000000.0,18482000000.0,470000000.0,,,31000000.0,,,,,,,1276000000.0,,,,,204000000.0,1311000000.0,,,-1587000000.0,,,341000000.0,30000000.0,16000000.0
2017-03-31,,,,,,529000000.0,227000000.0,-82000000.0,145000000.0,52000000.0,93000000.0,0.52,0.52,178000000.0,179000000.0,78000000.0,,250000000.0,,,,148000000.0,767000000.0,,15128000000.0,1345000000.0,,72000000.0,18610000000.0,108000000.0,453000000.0,,2418000000.0,,2629000000.0,,68000000.0,,-759000000.0,-82000000.0,5287000000.0,18610000000.0,124000000.0,,,-51000000.0,,,,,,,277000000.0,,,,,2000000.0,270000000.0,,,-288000000.0,,,14000000.0,3000000.0,
2017-06-30,,,,,,1065000000.0,535000000.0,-164000000.0,371000000.0,147000000.0,224000000.0,1.26,1.26,178000000.0,179000000.0,64000000.0,,288000000.0,,,,151000000.0,808000000.0,,15391000000.0,1373000000.0,,70000000.0,18966000000.0,134000000.0,490000000.0,,2661000000.0,,2723000000.0,,70000000.0,,-702000000.0,-85000000.0,5384000000.0,18966000000.0,250000000.0,,,3000000.0,,,,,,,524000000.0,,,,,9000000.0,602000000.0,,,-640000000.0,,,105000000.0,-11000000.0,
2017-09-30,,,,,,1571000000.0,965000000.0,-254000000.0,711000000.0,284000000.0,427000000.0,2.39,2.39,178000000.0,179000000.0,93000000.0,,312000000.0,,,,151000000.0,860000000.0,,15681000000.0,1373000000.0,,73000000.0,19361000000.0,144000000.0,498000000.0,,1747000000.0,,2862000000.0,,74000000.0,,-573000000.0,-87000000.0,5518000000.0,19361000000.0,378000000.0,,,34000000.0,,,,,,,986000000.0,,,,,10000000.0,964000000.0,,,-1021000000.0,,,53000000.0,18000000.0,
2017-12-31,,,,,,2113000000.0,1244000000.0,-332000000.0,912000000.0,486000000.0,426000000.0,2.39,2.38,178000000.0,179000000.0,55000000.0,,272000000.0,,1110000000.0,,113000000.0,720000000.0,,16246000000.0,1379000000.0,,76000000.0,19482000000.0,195000000.0,630000000.0,,2325000000.0,,1551000000.0,,66000000.0,,-723000000.0,-79000000.0,5385000000.0,19482000000.0,492000000.0,,,-21000000.0,,,,,,,1449000000.0,,,,,177000000.0,1434000000.0,,,-1672000000.0,,-11000000.0,207000000.0,,30000000.0
2018-03-31,,,,,,544000000.0,217000000.0,-77000000.0,140000000.0,34000000.0,106000000.0,0.6,0.59,178000000.0,179000000.0,55000000.0,,273000000.0,,,,145000000.0,729000000.0,,16477000000.0,1379000000.0,,81000000.0,19728000000.0,133000000.0,495000000.0,,2539000000.0,,1585000000.0,,74000000.0,,-617000000.0,-75000000.0,5451000000.0,19728000000.0,129000000.0,,,-20000000.0,,,,,,,219000000.0,,,,,8000000.0,364000000.0,,,-386000000.0,,,166000000.0,-1000000.0,
2018-06-30,,,,,,1095000000.0,519000000.0,-157000000.0,362000000.0,94000000.0,268000000.0,1.5,1.5,179000000.0,179000000.0,68000000.0,,324000000.0,,,,160000000.0,833000000.0,,16777000000.0,1621000000.0,,70000000.0,20471000000.0,139000000.0,530000000.0,,2951000000.0,,1617000000.0,,84000000.0,,-537000000.0,-69000000.0,5736000000.0,20471000000.0,263000000.0,,,41000000.0,,,,,,,525000000.0,,,,,377000000.0,739000000.0,,,-1149000000.0,183000000.0,,638000000.0,14000000.0,
2018-09-30,,,,,,1736000000.0,854000000.0,-237000000.0,617000000.0,164000000.0,455000000.0,2.54,2.53,181000000.0,181000000.0,86000000.0,,347000000.0,,,,93000000.0,800000000.0,,17063000000.0,1571000000.0,,76000000.0,20880000000.0,141000000.0,455000000.0,,1748000000.0,,1670000000.0,,78000000.0,,-432000000.0,-60000000.0,5860000000.0,20880000000.0,404000000.0,,,70000000.0,,,,,,,992000000.0,,,,,381000000.0,1136000000.0,,,-1545000000.0,183000000.0,,586000000.0,33000000.0,
2018-12-31,3417000000.0,,,,,2338000000.0,1102000000.0,-315000000.0,787000000.0,222000000.0,567000000.0,3.16,3.15,180000000.0,180000000.0,130000000.0,,301000000.0,,993000000.0,,95000000.0,781000000.0,,17409000000.0,1575000000.0,,63000000.0,21223000000.0,175000000.0,556000000.0,,2094000000.0,,,,78000000.0,,-464000000.0,-34000000.0,5864000000.0,21223000000.0,545000000.0,,,17000000.0,,,,,,,1386000000.0,,,,,398000000.0,1586000000.0,,,-2036000000.0,183000000.0,,726000000.0,76000000.0,38000000.0
2019-03-31,,,,,,575000000.0,238000000.0,-86000000.0,152000000.0,39000000.0,113000000.0,0.62,0.62,181000000.0,181000000.0,63000000.0,,307000000.0,,,,85000000.0,691000000.0,,17623000000.0,1575000000.0,,57000000.0,21464000000.0,130000000.0,406000000.0,,2156000000.0,,,,75000000.0,,-353000000.0,-47000000.0,5932000000.0,21464000000.0,144000000.0,,,-5000000.0,,,,,,,168000000.0,,,,,22000000.0,326000000.0,,,-351000000.0,,,110000000.0,-73000000.0,
2019-06-30,,,,,,1155000000.0,540000000.0,-161000000.0,379000000.0,96000000.0,283000000.0,1.56,1.56,181000000.0,181000000.0,64000000.0,,337000000.0,,,,91000000.0,741000000.0,,17798000000.0,1575000000.0,,202000000.0,21854000000.0,140000000.0,429000000.0,,1317000000.0,,,,76000000.0,,-273000000.0,-47000000.0,6027000000.0,21854000000.0,286000000.0,,,40000000.0,,,,,,,480000000.0,,,,,80000000.0,712000000.0,,,-817000000.0,0.0,,265000000.0,-72000000.0,
2019-09-30,,,,,,1762000000.0,946000000.0,-249000000.0,697000000.0,174000000.0,523000000.0,2.9,2.89,181000000.0,181000000.0,94000000.0,,335000000.0,,,,115000000.0,799000000.0,,18151000000.0,1576000000.0,,201000000.0,22238000000.0,149000000.0,490000000.0,,1488000000.0,,,,76000000.0,,-123000000.0,-46000000.0,6190000000.0,22238000000.0,430000000.0,,,54000000.0,,,,,,,945000000.0,,,,,85000000.0,1115000000.0,,,-1254000000.0,0.0,,266000000.0,-43000000.0,
2019-12-31,3587000000.0,,,,,2440000000.0,1170000000.0,-337000000.0,833000000.0,212000000.0,621000000.0,3.44,3.43,181000000.0,181000000.0,60000000.0,,294000000.0,,1105000000.0,,118000000.0,1285000000.0,,18232000000.0,1501000000.0,,207000000.0,22682000000.0,203000000.0,596000000.0,,2045000000.0,,,,78000000.0,,-207000000.0,-36000000.0,6121000000.0,22682000000.0,582000000.0,,,25000000.0,,,,,,,1383000000.0,,,,,235000000.0,1654000000.0,,,-1945000000.0,0.0,,494000000.0,-68000000.0,12000000.0
2020-03-31,,,,,,605000000.0,239000000.0,-80000000.0,159000000.0,35000000.0,124000000.0,0.69,0.68,181000000.0,181000000.0,556000000.0,,292000000.0,,,,119000000.0,1801000000.0,,18588000000.0,1499000000.0,,203000000.0,23546000000.0,152000000.0,476000000.0,,2767000000.0,,,,75000000.0,,-83000000.0,-41000000.0,6243000000.0,23546000000.0,145000000.0,,,4000000.0,,,,,,,180000000.0,,,,,21000000.0,408000000.0,,,-450000000.0,,,768000000.0,498000000.0,
2020-06-30,,,,,,1223000000.0,552000000.0,-161000000.0,391000000.0,91000000.0,300000000.0,1.66,1.65,181000000.0,181000000.0,569000000.0,,298000000.0,,,,137000000.0,1896000000.0,,18944000000.0,1506000000.0,,201000000.0,24009000000.0,169000000.0,512000000.0,,2113000000.0,,,,75000000.0,,-7000000.0,-39000000.0,6338000000.0,24009000000.0,297000000.0,,,54000000.0,,,,,,,531000000.0,,,,,40000000.0,870000000.0,,,-958000000.0,,,941000000.0,514000000.0,
2020-09-30,,,,,,1869000000.0,985000000.0,-242000000.0,743000000.0,179000000.0,564000000.0,3.11,3.11,181000000.0,182000000.0,560000000.0,,358000000.0,,,,142000000.0,1967000000.0,,19267000000.0,1504000000.0,,202000000.0,24394000000.0,162000000.0,505000000.0,,2260000000.0,,,,79000000.0,,157000000.0,-38000000.0,6512000000.0,24394000000.0,451000000.0,,,121000000.0,,,,,,,988000000.0,,,,,59000000.0,1314000000.0,,,-1446000000.0,,,966000000.0,508000000.0,
2020-12-31,3743000000.0,,,,,2529000000.0,1248000000.0,-324000000.0,924000000.0,215000000.0,709000000.0,3.91,3.91,181000000.0,182000000.0,547000000.0,,321000000.0,,1064000000.0,,127000000.0,1906000000.0,,19710000000.0,1504000000.0,,196000000.0,24766000000.0,189000000.0,591000000.0,,2881000000.0,,,,83000000.0,,102000000.0,-49000000.0,6454000000.0,24766000000.0,604000000.0,,,97000000.0,,,,,,,1426000000.0,,,,,135000000.0,1822000000.0,,,-2061000000.0,0.0,,1120000000.0,485000000.0,7000000.0
2021-03-31,,,,,,659000000.0,229000000.0,-74000000.0,155000000.0,22000000.0,133000000.0,0.73,0.73,181000000.0,182000000.0,69000000.0,,274000000.0,,,,168000000.0,1466000000.0,,19905000000.0,1511000000.0,,199000000.0,24525000000.0,134000000.0,466000000.0,,2451000000.0,,,,83000000.0,,235000000.0,-48000000.0,6583000000.0,24525000000.0,157000000.0,,,-26000000.0,,,,,,,179000000.0,,,,,3000000.0,342000000.0,,,-363000000.0,,,-293000000.0,-477000000.0,
2021-06-30,,,,,,1328000000.0,559000000.0,-153000000.0,406000000.0,66000000.0,340000000.0,1.87,1.87,182000000.0,182000000.0,70000000.0,,311000000.0,,,,183000000.0,1570000000.0,,20214000000.0,1511000000.0,,200000000.0,24952000000.0,146000000.0,506000000.0,,1710000000.0,,,,122000000.0,,332000000.0,-46000000.0,6690000000.0,24952000000.0,315000000.0,,,58000000.0,,,,,,,520000000.0,,,,,39000000.0,752000000.0,,,-834000000.0,,,-158000000.0,-472000000.0,
2021-09-30,,,,,,2003000000.0,976000000.0,-230000000.0,746000000.0,128000000.0,618000000.0,3.4,3.4,182000000.0,182000000.0,70000000.0,,348000000.0,,,,162000000.0,1590000000.0,,20585000000.0,1511000000.0,,202000000.0,25333000000.0,175000000.0,520000000.0,,1844000000.0,,,,180000000.0,,500000000.0,-45000000.0,6866000000.0,25333000000.0,476000000.0,,,103000000.0,,,,,,,1029000000.0,,,,,78000000.0,1205000000.0,,,-1353000000.0,,,-152000000.0,-476000000.0,
2021-12-31,3914000000.0,,,,,2734000000.0,1196000000.0,444000000.0,1640000000.0,377000000.0,1263000000.0,6.96,6.95,182000000.0,182000000.0,116000000.0,,271000000.0,,934000000.0,,159000000.0,1554000000.0,,,1139000000.0,,242000000.0,26075000000.0,235000000.0,701000000.0,,2141000000.0,,,,180000000.0,,925000000.0,-45000000.0,7298000000.0,26075000000.0,636000000.0,,,74000000.0,,,,,,,1441000000.0,,,,,135000000.0,1764000000.0,,,-1536000000.0,,,-345000000.0,-440000000.0,1000000.0
2022-03-31,,,,,,596000000.0,246000000.0,-53000000.0,193000000.0,35000000.0,158000000.0,0.87,0.87,182000000.0,182000000.0,75000000.0,,266000000.0,,,,166000000.0,853000000.0,,,1139000000.0,,241000000.0,25694000000.0,175000000.0,538000000.0,,1648000000.0,,,,175000000.0,,1083000000.0,-44000000.0,7460000000.0,25694000000.0,158000000.0,,,6000000.0,,,,,,,154000000.0,,,,,5000000.0,424000000.0,,,159000000.0,,,-353000000.0,-40000000.0,
2022-06-30,,,,,,1206000000.0,573000000.0,-110000000.0,463000000.0,87000000.0,376000000.0,2.07,2.07,182000000.0,182000000.0,71000000.0,,383000000.0,,,,169000000.0,1018000000.0,,,1143000000.0,,240000000.0,26574000000.0,196000000.0,593000000.0,,1728000000.0,,,,177000000.0,,1181000000.0,-40000000.0,7570000000.0,26574000000.0,321000000.0,,,159000000.0,,,,,,,196000000.0,,,,,240000000.0,995000000.0,,,-676000000.0,,,441000000.0,-39000000.0,
2022-09-30,,,,,,1849000000.0,1012000000.0,-182000000.0,830000000.0,157000000.0,673000000.0,3.7,3.7,182000000.0,182000000.0,77000000.0,,358000000.0,,,,189000000.0,1017000000.0,,,1143000000.0,,237000000.0,27126000000.0,220000000.0,610000000.0,,2130000000.0,,,,186000000.0,,1359000000.0,-39000000.0,7758000000.0,27126000000.0,485000000.0,,,129000000.0,,,,,,,764000000.0,,,,,288000000.0,1597000000.0,,,-1362000000.0,,,566000000.0,-32000000.0,
2022-12-31,3763000000.0,,,,,2519000000.0,1273000000.0,-265000000.0,1008000000.0,188000000.0,820000000.0,4.51,4.51,182000000.0,182000000.0,85000000.0,,334000000.0,,766000000.0,,312000000.0,1250000000.0,,,1143000000.0,,379000000.0,27787000000.0,254000000.0,706000000.0,,2811000000.0,,,,202000000.0,,1267000000.0,-23000000.0,7693000000.0,27787000000.0,649000000.0,,,,,,,,,,1108000000.0,,,,,315000000.0,2297000000.0,,,-2127000000.0,,,1000000000.0,-19000000.0,335000000.0
2023-03-31,,,,,,643000000.0,295000000.0,-81000000.0,214000000.0,44000000.0,170000000.0,0.91,0.91,186000000.0,186000000.0,213000000.0,,318000000.0,,,,290000000.0,1338000000.0,,,1143000000.0,,366000000.0,28286000000.0,193000000.0,561000000.0,,1892000000.0,,,,192000000.0,,1437000000.0,-23000000.0,9547000000.0,28286000000.0,172000000.0,,,1000000.0,,,,,,,285000000.0,,,,,4000000.0,526000000.0,,,-561000000.0,1688000000.0,,401000000.0,125000000.0,
2023-06-30,,,,,,1308000000.0,727000000.0,-156000000.0,571000000.0,121000000.0,450000000.0,2.37,2.37,195000000.0,195000000.0,794000000.0,,352000000.0,,,,299000000.0,1989000000.0,,,1143000000.0,,353000000.0,29496000000.0,246000000.0,575000000.0,,1764000000.0,,,,204000000.0,,1580000000.0,-22000000.0,9701000000.0,29496000000.0,346000000.0,,,,,83000000.0,,,,,714000000.0,,,,,33000000.0,1153000000.0,,,-1264000000.0,1688000000.0,,1257000000.0,707000000.0,
2023-09-30,,,,,,1997000000.0,1205000000.0,-227000000.0,978000000.0,205000000.0,773000000.0,4.03,4.03,195000000.0,195000000.0,628000000.0,,382000000.0,,,,278000000.0,1804000000.0,,,1143000000.0,,338000000.0,29818000000.0,228000000.0,605000000.0,,1743000000.0,,,,213000000.0,,1764000000.0,-22000000.0,9897000000.0,29818000000.0,523000000.0,,,,,109000000.0,,,,,1347000000.0,,,,,36000000.0,1779000000.0,,,-1928000000.0,1688000000.0,,1125000000.0,544000000.0,
2023-12-31,4217000000.0,,,,,2730000000.0,1504000000.0,-308000000.0,1196000000.0,252000000.0,944000000.0,4.9,4.9,193000000.0,193000000.0,330000000.0,,339000000.0,,922000000.0,,186000000.0,1389000000.0,,,1143000000.0,,416000000.0,30298000000.0,294000000.0,791000000.0,,2151000000.0,,,,196000000.0,,1659000000.0,-26000000.0,9797000000.0,30298000000.0,704000000.0,,,,,,,,,,1874000000.0,,,,,81000000.0,2575000000.0,,,-2815000000.0,1688000000.0,,1188000000.0,247000000.0,0.0
2024-03-31,,,,,,685000000.0,326000000.0,-84000000.0,242000000.0,57000000.0,185000000.0,0.95,0.95,195000000.0,195000000.0,584000000.0,,323000000.0,,,,181000000.0,1587000000.0,,,1143000000.0,,331000000.0,31086000000.0,231000000.0,636000000.0,,1857000000.0,,,,195000000.0,,1844000000.0,-8000000.0,10007000000.0,31086000000.0,188000000.0,,,,,2000000.0,,,,,382000000.0,,,,,86000000.0,609000000.0,,,-733000000.0,0.0,,613000000.0,262000000.0,
2024-06-30,,,,,,1385000000.0,775000000.0,-172000000.0,603000000.0,141000000.0,462000000.0,2.37,2.37,195000000.0,195000000.0,48000000.0,,393000000.0,,,,209000000.0,1165000000.0,,,1143000000.0,,352000000.0,31215000000.0,215000000.0,607000000.0,55000000.0,1825000000.0,,,,200000000.0,,1971000000.0,-7000000.0,10152000000.0,31215000000.0,381000000.0,,,,,96000000.0,,,,,727000000.0,,,,,119000000.0,1279000000.0,,,-1471000000.0,0.0,,478000000.0,-266000000.0,
2024-09-30,,,,,,2165000000.0,1318000000.0,-262000000.0,1056000000.0,244000000.0,812000000.0,4.17,4.17,195000000.0,195000000.0,127000000.0,,453000000.0,,,,195000000.0,1237000000.0,,,1143000000.0,,400000000.0,31790000000.0,259000000.0,585000000.0,32000000.0,2132000000.0,,,,239000000.0,,2172000000.0,-8000000.0,10362000000.0,31790000000.0,581000000.0,,,,,133000000.0,,,,,1406000000.0,113000000.0,,,,119000000.0,1962000000.0,,,-2159000000.0,0.0,,566000000.0,-187000000.0,
,,,,,,,,,,,,,,,,,,,,,,,,,,,,,,,,,,,,,,,,,,,,,,,,,,,,,,,,,,,,,,,,,,,
,,,,,,,,,,,,,,,,,,,,,,,,,,,,,,,,,,,,,,,,,,,,,,,,,,,,,,,,,,,,,,,,,,,
