Date,Net sales,Cost of sales,Gross margin,Research and development,"Selling, general and administrative",Total operating expenses,Operating income,"Other income/(expense), net",Income before provision for income taxes,Provision for income taxes,Net income,Earnings per share basic,Earnings per share diluted,Weighted-average basic,Weighted-average diluted,Cash and cash equivalents,Short-term marketable securities,"Accounts receivable, net",Inventories,Deferred tax assets,Vendor non-trade receivables,Other current assets,Total current assets,Long-term marketable securities,"Property, Plant and Equipment, Net",Goodwill,"Acquired intangible assets, net","Other Assets, Noncurrent",Total assets,accounts payable,Accrued expenses,Deferred revenue,Total current liabilities,Deferred revenue - non-current,deferred tax liabilities,long term taxes payable,Total other non-current liabilities,Total liabilities,Retained Earnings (Accumulated Deficit),Accumulated other comprehensive (loss)/income,Total shareholders equity,Total liabilities and shareholders' equity,"Depreciation, amortization and accretion",Stock-based compensation expense,Deferred income tax expense,"Increase (Decrease) in Accounts receivable, net",Increase (Decrease) in Inventories,Increase (Decrease) in Other Receivables,Increase (Decrease) in Other Operating Assets,Increase (Decrease) in Accounts Payable,Increase (Decrease) in Deferred Revenue,Increase (Decrease) Other liabilities,Cash generated by operating activities,Purchases of marketable securities,Proceeds from maturities of marketable securities,Proceeds from sales of marketable securities,Purchases of other long-term investments,"Business acquisitions, net of cash acquired",Cash payments for capital asset purchases,Payments for acquisition of intangible assets,Payments for (Proceeds from) Other Investing Activities,Cash used in investing activities,Proceeds from issuance of common stock,Excess tax benefits from stock-based compensation,Cash generated/used in financing activities,Increase/(decrease) in cash and cash equivalents,"Cash paid for income taxes, net"
2011-06-30,,,24449355.0,5545699.0,18401230.0,,-5016545.0,,-3754660.0,-1459828.0,-2294832.0,-0.04,-0.04,61515979.0,61515979.0,27719405.0,,9978838.0,16049209.0,8129195.0,,,76101733.0,,31768928.0,,3145911.0,716493.0,125552818.0,4995678.0,6603304.0,3023251.0,14898650.0,3719053.0,,,,20897554.0,32910091.0,-13353.0,104655264.0,125552818.0,4117580.0,1839924.0,-1744706.0,-3546984.0,-1044680.0,,,,-915816.0,,9155092.0,,,,,,659872.0,213276.0,,-11648260.0,,,-12495893.0,-14989061.0,36000.0
2011-09-30,,,37552964.0,7908420.0,27887357.0,,-3694266.0,,-2390796.0,-1251981.0,-1138815.0,0.02,0.02,60617787.0,60617787.0,24574858.0,,12525734.0,15469128.0,8864276.0,,,69579027.0,,29821661.0,,3183944.0,753716.0,117158101.0,5147800.0,7703524.0,3154183.0,16213481.0,4219021.0,,,,23071848.0,34046376.0,-62791.0,94086253.0,117158101.0,6112612.0,2533444.0,-2479787.0,-991401.0,-1206962.0,,,,-284916.0,,14637384.0,,,,,,1171193.0,310501.0,,-7813187.0,,,-24845271.0,-18021074.0,49659.0
2011-12-31,,,44529237.0,9989219.0,38000455.0,55445170.0,-10915933.0,,-9628741.0,-2588875.0,-7039866.0,-0.12,-0.12,59435624.0,59435624.0,21300733.0,,11780135.0,11484761.0,9968929.0,,,61732423.0,,26845220.0,,3224006.0,444933.0,104962751.0,4513938.0,7643004.0,3317641.0,15887897.0,4636901.0,,,,22507197.0,28145325.0,-80956.0,82455554.0,104962751.0,8096543.0,3038300.0,-2480856.0,-1463031.0,-1327801.0,,,,296422.0,,17265765.0,,,,,,1854083.0,413466.0,,-7597642.0,,9828.0,-31061610.0,-21383508.0,
2012-03-31,,,15241259.0,2132220.0,8854022.0,,6455017.0,,6462011.0,2658193.0,3803818.0,0.07,0.07,55700395.0,56358066.0,24349583.0,,14303273.0,11118750.0,8150516.0,,,65930972.0,,25632688.0,,3239102.0,349326.0,107868257.0,3807316.0,6337302.0,3500594.0,14162196.0,4679357.0,,,,20836320.0,31949143.0,-81074.0,87031937.0,107868257.0,1666510.0,758054.0,1818413.0,2523138.0,-226602.0,,,,225409.0,,3662675.0,,,,,,277267.0,122541.0,,-644103.0,,,14629.0,3048850.0,135000.0
2012-06-30,53863835.0,,31743632.0,4171050.0,17258633.0,,12513949.0,,12528076.0,5282011.0,7246065.0,0.12,0.12,58849010.0,59482674.0,17970019.0,,14696073.0,10466858.0,19500000.0,,,57295845.0,,24117667.0,,3336419.0,294219.0,97760319.0,3932328.0,,3573020.0,14818829.0,5642056.0,,,,22473251.0,35391390.0,-101503.0,75287068.0,97760319.0,3395443.0,1347662.0,3185099.0,2916419.0,-820435.0,,,,1260534.0,,13384506.0,,,,,,602302.0,251987.0,,-968175.0,,,-15741666.0,-3330714.0,820361.0
2012-09-30,82636791.0,,48546643.0,6156751.0,26798629.0,,17791263.0,,17816808.0,6893872.0,10922936.0,0.19,0.19,57997341.0,58482833.0,25965711.0,,14551275.0,10430832.0,19800000.0,,,63477555.0,,22650797.0,,3332276.0,409940.0,102586737.0,4259347.0,,3898535.0,17415288.0,6649519.0,,,,26271358.0,39068261.0,-75640.0,76315379.0,102586737.0,5113989.0,2197050.0,2886003.0,2646621.0,-817110.0,,,,2593512.0,,23258163.0,,,,,,887609.0,337863.0,,676690.0,,,-19265477.0,4664978.0,44100.0
2012-12-31,114752748.0,,67714575.0,8139359.0,39086190.0,45186055.0,22528520.0,,22611362.0,7873620.0,14737742.0,0.27,0.27,53827204.0,54722785.0,36126791.0,,18101240.0,10993209.0,21001799.0,,,79052516.0,,21952201.0,,3317169.0,308553.0,116236251.0,6222904.0,7065085.0,4287305.0,18109259.0,7835767.0,,,,28951205.0,42883067.0,-57032.0,87285046.0,116236251.0,6519250.0,3421506.0,6396261.0,6078875.0,62149.0,,,,4168530.0,,26517213.0,,,,,,1333986.0,428983.0,,1681055.0,,4712962.0,-13363416.0,14826058.0,
2013-03-31,30433652.0,11982648.0,18451004.0,2012556.0,11210900.0,,5256508.0,,5233747.0,1935926.0,3297821.0,0.06,0.06,52746178.0,54599980.0,38580384.0,,16806968.0,11840390.0,21200000.0,,,80536626.0,,21202659.0,,3287628.0,258018.0,117068110.0,4836520.0,6798624.0,4764557.0,16819316.0,9017567.0,,,,28891747.0,46180888.0,-75268.0,88176363.0,117068110.0,1418759.0,923341.0,1732394.0,-1294722.0,893658.0,,,,1659052.0,,4519584.0,,,,,,383089.0,103513.0,,1227107.0,,1909761.0,-3319901.0,2453593.0,49879.0
2013-06-30,62609449.0,24416082.0,38193367.0,4004620.0,22122025.0,,12066722.0,,12062638.0,4307283.0,7755355.0,0.15,0.14,51923097.0,53698787.0,19079341.0,,16889785.0,13200436.0,21100000.0,,,75878540.0,,20032085.0,,3332521.0,203122.0,113008186.0,5897846.0,7425604.0,5371520.0,19965160.0,10219802.0,,,,33343340.0,50638422.0,-120453.0,79664846.0,113008186.0,2948266.0,1942641.0,3799192.0,1210976.0,-2376200.0,,,,3468250.0,,12223269.0,,,,,,838995.0,202193.0,,-12004259.0,,3879575.0,-17271486.0,-17047450.0,2291762.0
2013-09-30,97806271.0,37516899.0,60289372.0,6444432.0,34898005.0,,18946935.0,,18977742.0,6108795.0,12868947.0,0.25,0.24,51727197.0,53643803.0,35005494.0,,,12289360.0,19800000.0,,,90449712.0,,19347416.0,,3360355.0,357512.0,128492252.0,5112997.0,8180852.0,6317899.0,20724915.0,12302510.0,,,169116.0,36347411.0,55752014.0,-28147.0,92144841.0,128492252.0,4036337.0,2905635.0,5211841.0,,1575335.0,,,,6497337.0,,23086514.0,,,,,,1174420.0,271144.0,,-13236410.0,,4057773.0,-10968934.0,-1121297.0,2426978.0
2013-12-31,137831000.0,51988000.0,85843000.0,9888000.0,46584000.0,57895000.0,27948000.0,,28034000.0,9790000.0,18244000.0,0.35,0.34,51880000.0,54152000.0,42271000.0,,,11109000.0,20780000.0,,,97467000.0,,19043000.0,2235000.0,3317000.0,618000.0,148382000.0,6221000.0,8840000.0,6878000.0,23129000.0,13341000.0,,,,40035000.0,61127000.0,-2000.0,108347000.0,148382000.0,5131000.0,4340000.0,621000.0,,711000.0,,,,8096000.0,,32426000.0,,,,,1258000.0,1783000.0,323000.0,,-23062000.0,,6797000.0,-3189000.0,6144000.0,3625000.0
2014-03-31,36185000.0,13977000.0,22208000.0,3606000.0,13746000.0,,4856000.0,,4886000.0,1495000.0,3391000.0,0.06,0.06,53190000.0,55124000.0,45133000.0,,,13252000.0,19100000.0,,,113085000.0,,18398000.0,2235000.0,3264000.0,1105000.0,164762000.0,7013000.0,9407000.0,7414000.0,24414000.0,14112000.0,,,555000.0,40976000.0,64519000.0,8000.0,123786000.0,164762000.0,1162000.0,1177000.0,6401000.0,,2150000.0,,,,1307000.0,,4310000.0,,,,,,799000.0,67000.0,,-12308000.0,,4723000.0,10852000.0,2862000.0,50000.0
2014-06-30,73360000.0,27938000.0,45422000.0,7061000.0,27293000.0,,11068000.0,,11140000.0,3865000.0,7275000.0,0.14,0.13,53383000.0,54928000.0,25943000.0,,,15111000.0,18400000.0,,,102433000.0,,17958000.0,2235000.0,3219000.0,1309000.0,149357000.0,5404000.0,6249000.0,8231000.0,20309000.0,15908000.0,,,760000.0,38890000.0,68402000.0,13000.0,110467000.0,149357000.0,2267000.0,2684000.0,7910000.0,,4017000.0,,,,3920000.0,,5962000.0,,,,,,1222000.0,109000.0,,-14443000.0,,5516000.0,-7872000.0,-16328000.0,367000.0
2014-09-30,117709000.0,43574000.0,74135000.0,10820000.0,39734000.0,,23581000.0,,23493000.0,8661000.0,14832000.0,0.28,0.27,53013000.0,54550000.0,38615000.0,,,16128000.0,16800000.0,,,123199000.0,,17848000.0,2206000.0,3107000.0,1766000.0,164140000.0,6483000.0,6853000.0,10033000.0,23776000.0,19966000.0,,,908000.0,46098000.0,75959000.0,-2000.0,118042000.0,164140000.0,3368000.0,4121000.0,9862000.0,,5039000.0,,,,9780000.0,,22638000.0,,,,,,2066000.0,125000.0,,-17126000.0,,5849000.0,-9284000.0,-3656000.0,403000.0
2014-12-31,164525000.0,62977000.0,101548000.0,14885000.0,54158000.0,69043000.0,32505000.0,,32311000.0,12393000.0,19918000.0,0.38,0.37,52948000.0,54500000.0,48367000.0,,,18323000.0,16063000.0,,,139828000.0,,17523000.0,2206000.0,3115000.0,2523000.0,185368000.0,7682000.0,9245000.0,14020000.0,31973000.0,21668000.0,,,,56262000.0,81045000.0,64000.0,129106000.0,185368000.0,4317000.0,5579000.0,3598000.0,,9371000.0,,,,15469000.0,,35432000.0,,,,,0.0,2505000.0,183000.0,,-24581000.0,,7985000.0,-4840000.0,6096000.0,386000.0
2015-03-31,44762000.0,14894000.0,29868000.0,4558000.0,14565000.0,19123000.0,10745000.0,,10680000.0,3475000.0,7205000.0,0.14,0.13,53167000.0,54513000.0,46848000.0,,,22626000.0,16700000.0,,,143170000.0,,17213000.0,2206000.0,2965000.0,4039000.0,195811000.0,7808000.0,6999000.0,14628000.0,30121000.0,22443000.0,,,,55777000.0,88250000.0,153000.0,140034000.0,195811000.0,617000.0,1544000.0,-471000.0,,4484000.0,,,,1383000.0,,13008000.0,,,,,,424000.0,50000.0,,-16708000.0,,1679000.0,2081000.0,-1519000.0,209000.0
2015-06-30,91475000.0,30884000.0,60591000.0,10464000.0,30008000.0,40472000.0,20119000.0,,20153000.0,6845000.0,13308000.0,0.25,0.24,53644000.0,54800000.0,40354000.0,,,23687000.0,15600000.0,,,151300000.0,,18231000.0,7786000.0,7085000.0,4976000.0,212153000.0,7477000.0,6605000.0,16249000.0,31693000.0,22725000.0,,,,58268000.0,94353000.0,161000.0,153885000.0,212153000.0,1362000.0,3223000.0,-511000.0,,5244000.0,,,,3133000.0,,10969000.0,,,,,7840000.0,1770000.0,201000.0,,-27196000.0,,6245000.0,8133000.0,-8013000.0,4848000.0
2015-09-30,141851000.0,50192000.0,91659000.0,16992000.0,47842000.0,64834000.0,26825000.0,,26837000.0,12008000.0,14829000.0,0.28,0.27,53709000.0,54691000.0,45887000.0,,,18892000.0,16300000.0,,,150155000.0,,19855000.0,9313000.0,7812000.0,6024000.0,213477000.0,6040000.0,6668000.0,19628000.0,33006000.0,26880000.0,,,,63991000.0,95874000.0,46000.0,149486000.0,213477000.0,2310000.0,5086000.0,-888000.0,,37000.0,,,,10667000.0,,30314000.0,,,,,11186000.0,3839000.0,402000.0,,-33293000.0,,6314000.0,429000.0,-2480000.0,5830000.0
2015-12-31,197892000.0,69245000.0,128647000.0,23614000.0,69698000.0,93312000.0,35335000.0,,35361000.0,15428000.0,19933000.0,0.37,0.36,53548000.0,54638000.0,59526000.0,,,15763000.0,13719000.0,,,161409000.0,,21848000.0,9596000.0,7588000.0,7196000.0,229881000.0,7333000.0,8643000.0,20851000.0,38140000.0,30190000.0,,,,72877000.0,100978000.0,83000.0,157004000.0,229881000.0,3291000.0,7263000.0,994000.0,,-3140000.0,,,,15289000.0,,46445000.0,,,,,11186000.0,6003000.0,501000.0,,-36009000.0,,6936000.0,603000.0,11159000.0,6759000.0
2016-03-31,55530000.0,18628000.0,36902000.0,6927000.0,24833000.0,31760000.0,5142000.0,,5260000.0,1797000.0,3463000.0,0.06,0.06,53693000.0,54498000.0,53365000.0,,,20214000.0,14900000.0,,,164416000.0,,22177000.0,9179000.0,7431000.0,9039000.0,237108000.0,9486000.0,12626000.0,23948000.0,48403000.0,31496000.0,,,,83882000.0,104441000.0,317000.0,153226000.0,,901000.0,2220000.0,-721000.0,,4327000.0,,,,4380000.0,,7093000.0,,,,,,1280000.0,98000.0,,-3637000.0,,-21000.0,-9722000.0,-6161000.0,3533000.0
2016-06-30,114286000.0,40085000.0,74201000.0,13637000.0,49212000.0,62849000.0,11352000.0,,11347000.0,4234000.0,7113000.0,0.13,0.13,53087000.0,53890000.0,37306000.0,,,21936000.0,15600000.0,,,153775000.0,,22249000.0,9100000.0,7228000.0,16172000.0,228695000.0,8083000.0,10382000.0,31668000.0,52193000.0,35098000.0,,,,94265000.0,108091000.0,342000.0,134430000.0,228695000.0,1843000.0,4526000.0,-1445000.0,,6748000.0,,,,15812000.0,,10336000.0,,,,,0.0,1964000.0,185000.0,,1646000.0,,88000.0,-34520000.0,-22220000.0,8271000.0
2016-09-30,186168000.0,65402000.0,120766000.0,20995000.0,77333000.0,98328000.0,22438000.0,,21978000.0,11022000.0,10956000.0,0.21,0.2,52791000.0,53656000.0,50600000.0,,,25503000.0,16800000.0,,,168448000.0,,22976000.0,8885000.0,7116000.0,21762000.0,252200000.0,8982000.0,16086000.0,41284000.0,67770000.0,35968000.0,,,,110872000.0,111934000.0,403000.0,141328000.0,252200000.0,2744000.0,6742000.0,-2672000.0,,10804000.0,,,,26331000.0,,21959000.0,,,,,0.0,3335000.0,339000.0,,2285000.0,,919000.0,-33801000.0,-8926000.0,11308000.0
2016-12-31,268245000.0,97709000.0,170536000.0,30609000.0,108076000.0,138685000.0,31851000.0,,31497000.0,14200000.0,17297000.0,0.33,0.32,52667000.0,53536000.0,40651000.0,,,34841000.0,19515000.0,,,177231000.0,,24004000.0,10442000.0,15218000.0,13917000.0,278163000.0,10736000.0,18248000.0,45137000.0,78039000.0,40054000.0,,,2289000.0,127275000.0,118275000.0,903000.0,150888000.0,278163000.0,3658000.0,9369000.0,-5167000.0,,18668000.0,,,,34304000.0,,17925000.0,,,,,3500000.0,4957000.0,3495000.0,,-3045000.0,,1438000.0,-34661000.0,-18875000.0,14048000.0
2017-03-31,79242000.0,30572000.0,48670000.0,12463000.0,30857000.0,43320000.0,5350000.0,,5556000.0,976000.0,4580000.0,0.09,0.09,52418000.0,53677000.0,41974000.0,,,48699000.0,20100000.0,,,180338000.0,,26399000.0,13001000.0,20256000.0,14781000.0,299518000.0,15632000.0,20330000.0,49909000.0,90488000.0,41644000.0,,,,142128000.0,122558000.0,1068000.0,157390000.0,299518000.0,1604000.0,3447000.0,-1216000.0,,13686000.0,,,,6313000.0,,-6609000.0,,,,,6479000.0,2343000.0,95000.0,,9884000.0,,0.0,-1877000.0,1323000.0,145000.0
2017-06-30,158885000.0,64578000.0,94307000.0,25452000.0,62681000.0,88133000.0,6174000.0,,8064000.0,1208000.0,6856000.0,0.13,0.13,52736000.0,53770000.0,28038000.0,,,60743000.0,20300000.0,,,190954000.0,,29603000.0,13183000.0,19334000.0,15182000.0,316311000.0,17993000.0,19879000.0,52562000.0,94844000.0,47608000.0,,,,152850000.0,124834000.0,352000.0,163461000.0,316311000.0,3400000.0,7423000.0,-1458000.0,,25768000.0,,,,14829000.0,,-12446000.0,,,,,6479000.0,5741000.0,170000.0,,2037000.0,,0.0,-1347000.0,-12613000.0,9934000.0
2017-09-30,249147000.0,105075000.0,144072000.0,39618000.0,99079000.0,138697000.0,5375000.0,,8695000.0,1417000.0,7278000.0,0.14,0.14,52831000.0,53843000.0,43471000.0,,,52692000.0,22800000.0,,,188741000.0,,31263000.0,14923000.0,20758000.0,16534000.0,327607000.0,12354000.0,22431000.0,60453000.0,100091000.0,51574000.0,,,,161527000.0,125256000.0,-1208000.0,166080000.0,327607000.0,5677000.0,11423000.0,-4155000.0,,19074000.0,,,,26460000.0,,-5835000.0,,,,,10629000.0,9072000.0,431000.0,,9551000.0,,0.0,-1600000.0,2820000.0,12206000.0
2017-12-31,343798000.0,136710000.0,207088000.0,55373000.0,138692000.0,194065000.0,13023000.0,,15761000.0,10554000.0,5207000.0,0.1,0.1,52726000.0,53898000.0,75105000.0,,,45465000.0,15755000.0,,,205192000.0,,31172000.0,14927000.0,18823000.0,15366000.0,338112000.0,8592000.0,23502000.0,70401000.0,107950000.0,54881000.0,,,1224000.0,170668000.0,123185000.0,-1467000.0,167444000.0,338112000.0,8041000.0,15610000.0,2830000.0,,11746000.0,,,,39735000.0,,18490000.0,,,,,10629000.0,10419000.0,1024000.0,,19082000.0,,0.0,-3854000.0,34454000.0,11487000.0
2018-03-31,101215000.0,36754000.0,64461000.0,15119000.0,35759000.0,50878000.0,13583000.0,,14846000.0,1920000.0,12926000.0,0.24,0.24,53119000.0,54532000.0,92330000.0,,,43104000.0,14200000.0,,,258970000.0,,31175000.0,14947000.0,17496000.0,21573000.0,392985000.0,11692000.0,34869000.0,76141000.0,128710000.0,58003000.0,,,,193656000.0,155105000.0,-2174000.0,199329000.0,392985000.0,2411000.0,4093000.0,1514000.0,,-2408000.0,,,,6554000.0,,18053000.0,,,,,0.0,1063000.0,34000.0,,1268000.0,,,-3430000.0,16360000.0,63000.0
2018-06-30,200441000.0,72837000.0,127604000.0,33620000.0,75102000.0,108722000.0,18882000.0,,19850000.0,-3481000.0,21411000.0,0.39,0.38,55527000.0,57054000.0,307507000.0,,,43967000.0,15800000.0,,,486966000.0,,34503000.0,24684000.0,20442000.0,22831000.0,642397000.0,9213000.0,29995000.0,76583000.0,120898000.0,,,,,193555000.0,163590000.0,-1519000.0,448842000.0,642397000.0,5161000.0,9047000.0,-58000.0,,-4508000.0,,,,,,16106000.0,,,,,5014000.0,4665000.0,254000.0,,-7226000.0,233993000.0,,223197000.0,231539000.0,7758000.0
2018-09-30,305277000.0,112040000.0,193237000.0,55602000.0,114787000.0,170389000.0,22848000.0,,25090000.0,-2032000.0,27122000.0,0.49,0.47,58340000.0,59805000.0,324371000.0,,,39221000.0,18100000.0,,,524387000.0,,35613000.0,25043000.0,16956000.0,23396000.0,681695000.0,8998000.0,36908000.0,89637000.0,141505000.0,,,,,222033000.0,169301000.0,-1626000.0,459662000.0,681695000.0,8226000.0,15302000.0,-2326000.0,,-9033000.0,,,,31700000.0,,32636000.0,,,,,4990000.0,6880000.0,460000.0,,-6003000.0,233993000.0,,222158000.0,248410000.0,7957000.0
2018-12-31,420068000.0,161485000.0,258583000.0,76856000.0,156886000.0,233742000.0,24841000.0,,28104000.0,-1101000.0,29205000.0,0.52,0.5,56392000.0,57922000.0,349462000.0,,,33763000.0,19347000.0,,,558155000.0,,37893000.0,24981000.0,15935000.0,22999000.0,719540000.0,15164000.0,41092000.0,107016000.0,166011000.0,,,,5704000.0,252216000.0,171383000.0,-1513000.0,467324000.0,719540000.0,10615000.0,21879000.0,-3592000.0,,-14804000.0,,,,54242000.0,,63875000.0,,,,,4990000.0,11139000.0,558000.0,,-9860000.0,233993000.0,0.0,219348000.0,272589000.0,10609000.0
2019-03-31,115810000.0,46893000.0,68917000.0,23354000.0,42892000.0,66246000.0,2671000.0,,4984000.0,-1435000.0,6419000.0,0.11,0.11,58914000.0,59751000.0,223642000.0,,,37587000.0,18800000.0,,,566922000.0,,41347000.0,25017000.0,15067000.0,35756000.0,739195000.0,9865000.0,36348000.0,110063000.0,163794000.0,,,,,258656000.0,177802000.0,-1463000.0,480539000.0,739195000.0,2800000.0,7905000.0,577000.0,,3936000.0,,,,3232000.0,,-13970000.0,,,,,,5271000.0,162000.0,,-110755000.0,,,-1159000.0,,758000.0
2019-06-30,228172000.0,93695000.0,134477000.0,46847000.0,86254000.0,133101000.0,1376000.0,,5534000.0,-1623000.0,7157000.0,0.12,0.12,59187000.0,60000000.0,219720000.0,,,40999000.0,20700000.0,,,575055000.0,,40500000.0,24969000.0,14424000.0,35594000.0,746370000.0,9064000.0,34011000.0,113351000.0,163673000.0,,,,,257443000.0,178540000.0,-1571000.0,488927000.0,746370000.0,5487000.0,16532000.0,-1311000.0,,7515000.0,,,,6577000.0,,-2576000.0,,,,,0.0,7861000.0,344000.0,,-124878000.0,0.0,,-2028000.0,-129734000.0,1331000.0
2019-09-30,359009000.0,144363000.0,214646000.0,71976000.0,134678000.0,206654000.0,7992000.0,,13970000.0,2332000.0,13261000.0,0.22,0.22,59278000.0,60059000.0,202551000.0,,,40666000.0,23300000.0,,,576022000.0,,42592000.0,24876000.0,13528000.0,37142000.0,792304000.0,14638000.0,35745000.0,127160000.0,183834000.0,,,,,284657000.0,184644000.0,-1798000.0,507647000.0,792304000.0,8196000.0,30195000.0,-3946000.0,,6302000.0,,,,28476000.0,,19864000.0,,,,,0.0,12111000.0,328000.0,,-162925000.0,0.0,,-3162000.0,-146901000.0,2422000.0
2019-12-31,530860000.0,223574000.0,307286000.0,100721000.0,212959000.0,313680000.0,-6394000.0,,2070000.0,1188000.0,882000.0,0.01,0.01,59190000.0,60018000.0,172250000.0,,,38845000.0,27334000.0,,,619091000.0,,43770000.0,25013000.0,12771000.0,40209000.0,845639000.0,25874000.0,45001000.0,117864000.0,195566000.0,,,,10520000.0,302144000.0,172265000.0,-1096000.0,543495000.0,845639000.0,11361000.0,78495000.0,-7987000.0,,4903000.0,,,,24013000.0,,65673000.0,,,,,0.0,15939000.0,404000.0,,-240737000.0,0.0,,-3937000.0,-178672000.0,3669000.0
2020-03-31,147162000.0,58554000.0,88608000.0,26381000.0,63027000.0,89408000.0,-800000.0,,141000.0,-3933000.0,4074000.0,0.07,0.07,59609000.0,60394000.0,156540000.0,,,46922000.0,29100000.0,,,618741000.0,,43065000.0,24752000.0,11929000.0,59457000.0,877451000.0,31568000.0,36404000.0,119827000.0,195015000.0,,,,23015000.0,317861000.0,175699000.0,-3468000.0,559590000.0,877451000.0,2881000.0,20195000.0,-1548000.0,,8630000.0,,,,4499000.0,,13415000.0,,,,,,2209000.0,45000.0,,-22073000.0,,,-5162000.0,-15710000.0,3863000.0
2020-06-30,288421000.0,111636000.0,176785000.0,55941000.0,135320000.0,191261000.0,-14476000.0,,-12063000.0,18696000.0,-30759000.0,-0.51,-0.51,60346000.0,60346000.0,319253000.0,,,81010000.0,33700000.0,,,885724000.0,,45386000.0,24905000.0,11146000.0,63806000.0,1232912000.0,40105000.0,64467000.0,129518000.0,242830000.0,,,,28237000.0,363099000.0,144940000.0,-2790000.0,869813000.0,1232912000.0,5811000.0,54030000.0,-6152000.0,,43271000.0,,,,5224000.0,,-6977000.0,,,,,,7551000.0,111000.0,,-146211000.0,306779000.0,,301307000.0,147004000.0,6327000.0
2020-09-30,454863000.0,179838000.0,275025000.0,85187000.0,209763000.0,294950000.0,-19925000.0,,-15331000.0,12227000.0,-27558000.0,-0.45,-0.45,63496000.0,63496000.0,176000000.0,,,97610000.0,39200000.0,,,875853000.0,,102718000.0,25012000.0,10260000.0,67288000.0,1279149000.0,22441000.0,74114000.0,154731000.0,258555000.0,,,,28592000.0,383996000.0,144067000.0,-1552000.0,895153000.0,1279149000.0,8944000.0,80124000.0,-11670000.0,,59371000.0,,,,34099000.0,,4163000.0,,,,,,66023000.0,177000.0,,-300294000.0,306779000.0,,300188000.0,3754000.0,7678000.0
2020-12-31,681003000.0,264672000.0,416331000.0,123200000.0,307286000.0,430481000.0,-14150000.0,,-6291000.0,-4567000.0,-1724000.0,-0.03,-0.03,61782000.0,61782000.0,155440000.0,,,89958000.0,45121000.0,,,981952000.0,,105494000.0,25205000.0,9448000.0,79917000.0,1381023000.0,24142000.0,59843000.0,163959000.0,256331000.0,,,,27331000.0,404768000.0,169901000.0,141000.0,976255000.0,1381023000.0,12475000.0,133572000.0,-16528000.0,,52156000.0,,,,65139000.0,,38481000.0,,,,,,72629000.0,241000.0,,-356526000.0,306779000.0,,299265000.0,-16804000.0,10893000.0
2021-03-31,195019000.0,71666000.0,123353000.0,47018000.0,126597000.0,173615000.0,-50262000.0,,-49677000.0,-1760000.0,-47917000.0,-0.75,-0.75,64036000.0,64036000.0,154822000.0,,,89657000.0,45700000.0,,,986229000.0,,112119000.0,25194000.0,8642000.0,102920000.0,1404858000.0,19791000.0,41097000.0,165086000.0,239775000.0,,,,27866000.0,393954000.0,121984000.0,142000.0,1010904000.0,1404858000.0,4291000.0,89610000.0,-598000.0,,-520000.0,,,,6219000.0,,60939000.0,,,,,,10521000.0,41000.0,,-54123000.0,,,-7045000.0,-621000.0,4152000.0
2021-06-30,413814000.0,152532000.0,261282000.0,100970000.0,304259000.0,405229000.0,-143947000.0,,-101521000.0,-6487000.0,-95034000.0,-1.47,-1.47,65166000.0,65166000.0,266372000.0,,,91739000.0,51900000.0,,,1080930000.0,,119933000.0,25178000.0,7870000.0,84244000.0,1526888000.0,7778000.0,66908000.0,186909000.0,272871000.0,,,,32360000.0,429189000.0,74867000.0,-227000.0,1097699000.0,1526888000.0,8582000.0,227159000.0,-6889000.0,,1848000.0,,,,25647000.0,,95115000.0,,,,,,24031000.0,143000.0,,26446000.0,0.0,,-10312000.0,110930000.0,5295000.0
2021-09-30,645803000.0,239954000.0,405849000.0,143352000.0,403554000.0,546906000.0,-141057000.0,,-104161000.0,-57651000.0,48524000.0,0.73,-0.71,66192000.0,72441000.0,281691000.0,,,93279000.0,104000000.0,,,1123820000.0,,128808000.0,25571000.0,7426000.0,91627000.0,1645387000.0,27418000.0,88894000.0,250651000.0,379890000.0,,,,29842000.0,531484000.0,123391000.0,-1020000.0,1113903000.0,1645387000.0,13420000.0,262221000.0,-58893000.0,,3154000.0,,,,87558000.0,,111564000.0,,,,,700000.0,36501000.0,157000.0,,93412000.0,105615000.0,,-76902000.0,126247000.0,5016000.0
2021-12-31,863381000.0,322471000.0,540910000.0,194026000.0,515007000.0,709033000.0,-168123000.0,,-141375000.0,-81357000.0,-60018000.0,-0.91,-0.91,66191000.0,66191000.0,356332000.0,,,108688000.0,126382000.0,,,1109490000.0,,138457000.0,43592000.0,15470000.0,98247000.0,1688210000.0,32220000.0,103707000.0,265591000.0,418521000.0,,,,25832000.0,640361000.0,109883000.0,-1317000.0,1047849000.0,1688210000.0,18694000.0,303331000.0,-81303000.0,,18272000.0,,,,175615000.0,,124494000.0,,,,,22393000.0,49886000.0,392000.0,,252556000.0,105514000.0,,-174181000.0,200887000.0,5108000.0
2022-03-31,256426000.0,100687000.0,155739000.0,48416000.0,90129000.0,138545000.0,17194000.0,,72493000.0,17622000.0,54871000.0,0.77,0.76,70950000.0,72349000.0,386367000.0,,,122150000.0,108500000.0,,,1146117000.0,,149505000.0,43607000.0,14399000.0,98003000.0,1772454000.0,49348000.0,69435000.0,326627000.0,470679000.0,,,,4593000.0,647665000.0,164754000.0,-2878000.0,1124789000.0,1772454000.0,5755000.0,25088000.0,18029000.0,,14260000.0,,,,16037000.0,,43964000.0,,,,,,17098000.0,37000.0,,-10348000.0,,,-1459000.0,32000000.0,334000.0
2022-06-30,542039000.0,212337000.0,329702000.0,105963000.0,185134000.0,291097000.0,38605000.0,,140930000.0,35097000.0,105833000.0,1.49,1.46,71040000.0,72316000.0,212815000.0,,,154297000.0,100500000.0,,,1169791000.0,,157916000.0,45004000.0,13934000.0,100982000.0,1932023000.0,60689000.0,100980000.0,253185000.0,432971000.0,,,,4504000.0,738372000.0,215716000.0,-5205000.0,1193651000.0,1932023000.0,11965000.0,46250000.0,26050000.0,,47109000.0,,,,74600000.0,,63340000.0,,,,,2104000.0,29847000.0,104000.0,,-198786000.0,,,-2393000.0,-141749000.0,2289000.0
2022-09-30,853793000.0,330834000.0,522959000.0,165090000.0,287157000.0,452247000.0,70712000.0,,161788000.0,43824000.0,117964000.0,1.66,1.63,71107000.0,72525000.0,147711000.0,,,173046000.0,96400000.0,,,1205699000.0,,164160000.0,44819000.0,13039000.0,110643000.0,2010430000.0,50193000.0,112766000.0,246446000.0,431523000.0,,,,4773000.0,779117000.0,227847000.0,-7806000.0,1231313000.0,2010430000.0,18171000.0,74454000.0,30349000.0,,66267000.0,,,,115187000.0,,104241000.0,,,,,2104000.0,44218000.0,193000.0,,-302001000.0,,,-2465000.0,-207008000.0,7503000.0
2022-12-31,1189935000.0,461297000.0,728638000.0,233810000.0,401575000.0,635385000.0,93253000.0,,196518000.0,49379000.0,147139000.0,2.07,2.03,71093000.0,72534000.0,353684000.0,,,202471000.0,156865000.0,,,1805278000.0,,169843000.0,44983000.0,12158000.0,159616000.0,2851894000.0,59918000.0,155934000.0,360037000.0,602646000.0,,,,4613000.0,1583403000.0,257022000.0,-7179000.0,1268491000.0,2851894000.0,24381000.0,106176000.0,22090000.0,,95987000.0,,,,159718000.0,,235361000.0,,,,,2104000.0,55802000.0,307000.0,,-830967000.0,,,598100000.0,-886000.0,10508000.0
2023-03-31,343043000.0,138941000.0,204102000.0,70927000.0,116567000.0,187494000.0,16608000.0,,41884000.0,-3255000.0,45139000.0,0.62,0.61,72638000.0,73880000.0,263414000.0,,,220268000.0,171100000.0,,,2052696000.0,,172674000.0,44982000.0,11270000.0,168173000.0,3007949000.0,65988000.0,120607000.0,408061000.0,616127000.0,,,,4511000.0,1604954000.0,302161000.0,-5319000.0,1402995000.0,3007949000.0,6689000.0,34350000.0,-9660000.0,,15811000.0,,,,50199000.0,,-56323000.0,,,,,,8513000.0,125000.0,,-72674000.0,,,37990000.0,-90228000.0,20936000.0
2023-06-30,717648000.0,281425000.0,436223000.0,142867000.0,236489000.0,379356000.0,56867000.0,,29775000.0,-27784000.0,57559000.0,0.78,0.77,74224000.0,75780000.0,474203000.0,,,249767000.0,195800000.0,,,2112650000.0,,179096000.0,57741000.0,21837000.0,177903000.0,3077404000.0,72989000.0,118162000.0,412212000.0,625239000.0,,,,2843000.0,1632406000.0,314581000.0,-6726000.0,1444998000.0,3077404000.0,14169000.0,66241000.0,-37605000.0,,43585000.0,,,,69886000.0,,-13667000.0,,,,,21026000.0,21650000.0,187000.0,,81256000.0,,,52254000.0,120649000.0,25052000.0
2023-09-30,1131249000.0,439754000.0,691495000.0,219747000.0,359768000.0,579515000.0,111980000.0,,99198000.0,-17758000.0,116956000.0,1.58,1.56,74826000.0,75952000.0,406042000.0,,,260119000.0,211400000.0,,,2257841000.0,,186957000.0,57344000.0,20324000.0,194543000.0,3254183000.0,90035000.0,146940000.0,454891000.0,717827000.0,,,,2960000.0,1733066000.0,373978000.0,-12869000.0,1521117000.0,3254183000.0,22587000.0,96228000.0,-53311000.0,,59564000.0,,,,118294000.0,,49225000.0,,,,,21090000.0,35624000.0,579000.0,,-40697000.0,,,45132000.0,52459000.0,47689000.0
2023-12-31,1563391000.0,608009000.0,955382000.0,303719000.0,496874000.0,800593000.0,154789000.0,,155000000.0,-19227000.0,174227000.0,2.35,2.31,74195000.0,75456000.0,598545000.0,,,269855000.0,229513000.0,,,2396649000.0,,200533000.0,57945000.0,19539000.0,220638000.0,3436845000.0,88326000.0,188230000.0,491691000.0,799969000.0,,,,2936000.0,1824811000.0,431249000.0,-10679000.0,1612034000.0,3436845000.0,32638000.0,131358000.0,-73002000.0,,71896000.0,,,,164043000.0,,189263000.0,,,,,21090000.0,59635000.0,635000.0,,12476000.0,,,41314000.0,245118000.0,64492000.0
2024-03-31,460736000.0,200690000.0,260046000.0,91097000.0,152669000.0,243766000.0,16280000.0,,165720000.0,32502000.0,133218000.0,1.77,1.73,75355000.0,77132000.0,403870000.0,,,271318000.0,208900000.0,,,2201707000.0,,209166000.0,308470000.0,89419000.0,212470000.0,3616196000.0,82075000.0,127415000.0,516404000.0,757474000.0,,,,3078000.0,1798181000.0,564467000.0,-11586000.0,1818015000.0,3616196000.0,11564000.0,75115000.0,20670000.0,,710000.0,,,,20743000.0,,-15938000.0,,,,,237771000.0,16194000.0,,,-174044000.0,,,-2710000.0,-194670000.0,1413000.0
2024-06-30,964835000.0,401054000.0,563781000.0,192531000.0,322096000.0,514627000.0,49154000.0,,216310000.0,42295000.0,174015000.0,2.31,2.25,75511000.0,77550000.0,566452000.0,,,277753000.0,226800000.0,,,2205738000.0,,215324000.0,307758000.0,85571000.0,227784000.0,3742370000.0,104077000.0,141614000.0,485869000.0,766113000.0,,,,2552000.0,1813530000.0,605264000.0,-14194000.0,1928840000.0,3742370000.0,24564000.0,149936000.0,-7755000.0,,8116000.0,,,,-12067000.0,,66825000.0,,,,,237796000.0,27512000.0,,,-91905000.0,,,-4895000.0,-32061000.0,47399000.0
2024-09-30,1507381000.0,611850000.0,895531000.0,307008000.0,514228000.0,821236000.0,74295000.0,,296939000.0,55089000.0,241850000.0,3.2,3.12,75697000.0,78080000.0,695144000.0,,,272295000.0,244300000.0,,,2433746000.0,,235881000.0,308472000.0,81748000.0,190718000.0,4005658000.0,75590000.0,209691000.0,505008000.0,823227000.0,,,,20528000.0,1905822000.0,676830000.0,-9120000.0,2099836000.0,4005658000.0,30745000.0,251716000.0,-27061000.0,,11629000.0,,2528000.0,,56720000.0,,158146000.0,,,,,237796000.0,53984000.0,,-34000.0,-48834000.0,0.0,,-12608000.0,96779000.0,60670000.0
,,,,,,,,,,,,,,,,,,,,,,,,,,,,,,,,,,,,,,,,,,,,,,,,,,,,,,,,,,,,,,,,,,,
,,,,,,,,,,,,,,,,,,,,,,,,,,,,,,,,,,,,,,,,,,,,,,,,,,,,,,,,,,,,,,,,,,,
,,,,,,,,,,,,,,,,,,,,,,,,,,,,,,,,,,,,,,,,,,,,,,,,,,,,,,,,,,,,,,,,,,,
,,,,,,,,,,,,,,,,,,,,,,,,,,,,,,,,,,,,,,,,,,,,,,,,,,,,,,,,,,,,,,,,,,,
,,,,,,,,,,,,,,,,,,,,,,,,,,,,,,,,,,,,,,,,,,,,,,,,,,,,,,,,,,,,,,,,,,,
,,,,,,,,,,,,,,,,,,,,,,,,,,,,,,,,,,,,,,,,,,,,,,,,,,,,,,,,,,,,,,,,,,,
