Date,Net sales,Cost of sales,Gross margin,Research and development,"Selling, general and administrative",Total operating expenses,Operating income,"Other income/(expense), net",Income before provision for income taxes,Provision for income taxes,Net income,Earnings per share basic,Earnings per share diluted,Weighted-average basic,Weighted-average diluted,Cash and cash equivalents,Short-term marketable securities,"Accounts receivable, net",Inventories,Deferred tax assets,Vendor non-trade receivables,Other current assets,Total current assets,Long-term marketable securities,"Property, Plant and Equipment, Net",Goodwill,"Acquired intangible assets, net","Other Assets, Noncurrent",Total assets,accounts payable,Accrued expenses,Deferred revenue,Total current liabilities,Deferred revenue - non-current,deferred tax liabilities,long term taxes payable,Total other non-current liabilities,Total liabilities,Retained Earnings (Accumulated Deficit),Accumulated other comprehensive (loss)/income,Total shareholders equity,Total liabilities and shareholders' equity,"Depreciation, amortization and accretion",Stock-based compensation expense,Deferred income tax expense,"Increase (Decrease) in Accounts receivable, net",Increase (Decrease) in Inventories,Increase (Decrease) in Other Receivables,Increase (Decrease) in Other Operating Assets,Increase (Decrease) in Accounts Payable,Increase (Decrease) in Deferred Revenue,Increase (Decrease) Other liabilities,Cash generated by operating activities,Purchases of marketable securities,Proceeds from maturities of marketable securities,Proceeds from sales of marketable securities,Purchases of other long-term investments,"Business acquisitions, net of cash acquired",Cash payments for capital asset purchases,Payments for acquisition of intangible assets,Payments for (Proceeds from) Other Investing Activities,Cash used in investing activities,Proceeds from issuance of common stock,Excess tax benefits from stock-based compensation,Cash generated/used in financing activities,Increase/(decrease) in cash and cash equivalents,"Cash paid for income taxes, net"
2009-12-31,68281000000.0,56540000000.0,11741000000.0,6506000000.0,,,2096000000.0,,1731000000.0,396000000.0,1312000000.0,1.86,1.84,,,9215000000.0,,5785000000.0,,966000000.0,,,35275000000.0,,8784000000.0,4319000000.0,2877000000.0,1224000000.0,62053000000.0,7096000000.0,12822000000.0,,32883000000.0,,,827000000.0,537000000.0,,22746000000.0,-11877000000.0,2128000000.0,62053000000.0,,238000000.0,,391000000.0,1525000000.0,,,1141000000.0,,-12000000.0,5603000000.0,,,,,639000000.0,1186000000.0,0.0,,-3794000000.0,,5000000.0,4094000000.0,5947000000.0,
2010-03-31,15216000000.0,12144000000.0,3072000000.0,1000000000.0,,,1174000000.0,,1050000000.0,531000000.0,519000000.0,0.71,0.7,,740100000.0,4517000000.0,,6359000000.0,,1030000000.0,,,36798000000.0,,8693000000.0,4317000000.0,2878000000.0,1206000000.0,62970000000.0,7469000000.0,12267000000.0,,33484000000.0,,,896000000.0,652000000.0,,23265000000.0,-11747000000.0,2942000000.0,62970000000.0,,66000000.0,,572000000.0,1833000000.0,,,225000000.0,,246000000.0,-285000000.0,,,,,24000000.0,186000000.0,,,-4041000000.0,,8000000.0,-347000000.0,-4698000000.0,
2010-06-30,30789000000.0,24684000000.0,6105000000.0,2001000000.0,,,2481000000.0,,2260000000.0,952000000.0,1306000000.0,1.78,1.76,737200000.0,742900000.0,4468000000.0,,6565000000.0,,1052000000.0,,,38327000000.0,,8584000000.0,4302000000.0,2821000000.0,1223000000.0,63755000000.0,6960000000.0,12899000000.0,,34088000000.0,,,860000000.0,661000000.0,60582000000.0,23409000000.0,-11744000000.0,3077000000.0,63755000000.0,,130000000.0,,827000000.0,3425000000.0,,,-129000000.0,,255000000.0,-19000000.0,,,,,24000000.0,443000000.0,,,-3892000000.0,,15000000.0,-778000000.0,-4747000000.0,
2010-09-30,47756000000.0,38430000000.0,9326000000.0,2987000000.0,,,3868000000.0,,3504000000.0,1359000000.0,2143000000.0,2.91,2.89,739100000.0,744600000.0,2864000000.0,,6445000000.0,,1066000000.0,,,39454000000.0,,8671000000.0,4871000000.0,3027000000.0,1220000000.0,65222000000.0,7563000000.0,12760000000.0,,34238000000.0,,,838000000.0,544000000.0,60670000000.0,24244000000.0,-11375000000.0,4454000000.0,65222000000.0,,172000000.0,,701000000.0,4686000000.0,,,235000000.0,,276000000.0,1836000000.0,,,,,867000000.0,725000000.0,,,-6480000000.0,,17000000.0,-1645000000.0,-6351000000.0,
2010-12-31,64306000000.0,51843000000.0,12463000000.0,4121000000.0,,,4971000000.0,,4507000000.0,1196000000.0,3307000000.0,4.49,4.45,738100000.0,744300000.0,5359000000.0,,5422000000.0,,3542000000.0,,,40572000000.0,,8931000000.0,4937000000.0,2979000000.0,1603000000.0,68565000000.0,7715000000.0,13802000000.0,,35395000000.0,,,418000000.0,592000000.0,,24784000000.0,-13758000000.0,2766000000.0,68565000000.0,1096000000.0,215000000.0,1240000000.0,-8000000.0,7387000000.0,,,313000000.0,,328000000.0,2952000000.0,,,,,932000000.0,1125000000.0,,,-4831000000.0,,19000000.0,-1962000000.0,-3856000000.0,360000000.0
2011-03-31,14910000000.0,12049000000.0,2861000000.0,1057000000.0,,,1000000000.0,,883000000.0,295000000.0,586000000.0,0.79,0.78,742900000.0,749000000.0,5670000000.0,,6036000000.0,,37000000.0,,,41009000000.0,,8973000000.0,4944000000.0,2933000000.0,1624000000.0,68760000000.0,8304000000.0,12835000000.0,,35257000000.0,,,427000000.0,333000000.0,,25370000000.0,-13401000000.0,3912000000.0,68760000000.0,,51000000.0,,633000000.0,2622000000.0,,,969000000.0,,-66000000.0,-953000000.0,,,,,16000000.0,417000000.0,,,2707000000.0,,22000000.0,-1468000000.0,311000000.0,
2011-06-30,31453000000.0,25249000000.0,6204000000.0,2104000000.0,,,2534000000.0,,2308000000.0,778000000.0,1527000000.0,2.06,2.04,745500000.0,752600000.0,5050000000.0,,6162000000.0,,35000000.0,,,44353000000.0,,9044000000.0,4949000000.0,3141000000.0,1596000000.0,72119000000.0,8262000000.0,13570000000.0,,37370000000.0,,,383000000.0,1027000000.0,67295000000.0,25681000000.0,-13095000000.0,4733000000.0,72119000000.0,,96000000.0,,747000000.0,4889000000.0,,,1134000000.0,,54000000.0,643000000.0,,,,,16000000.0,762000000.0,,,758000000.0,,32000000.0,-1747000000.0,-309000000.0,
2011-09-30,49180000000.0,39606000000.0,9574000000.0,3005000000.0,,,4247000000.0,,3949000000.0,1325000000.0,2625000000.0,3.52,3.49,748000000.0,753900000.0,5954000000.0,,6296000000.0,,31000000.0,,,46347000000.0,,9190000000.0,4939000000.0,3095000000.0,1455000000.0,74163000000.0,8502000000.0,11213000000.0,,37593000000.0,,,390000000.0,1159000000.0,68102000000.0,26779000000.0,-13146000000.0,5967000000.0,74163000000.0,,141000000.0,,911000000.0,8245000000.0,,,1447000000.0,,,1092000000.0,,,,,42000000.0,1142000000.0,,,856000000.0,,35000000.0,-1354000000.0,595000000.0,
2011-12-31,68735000000.0,55867000000.0,12868000000.0,3918000000.0,,,5844000000.0,,5393000000.0,1382000000.0,4018000000.0,5.39,5.34,746600000.0,753100000.0,10049000000.0,,5793000000.0,,3141000000.0,,,49810000000.0,,9313000000.0,4945000000.0,3044000000.0,1643000000.0,79986000000.0,8406000000.0,12239000000.0,,41274000000.0,,,122000000.0,907000000.0,76378000000.0,27524000000.0,-16500000000.0,3515000000.0,79986000000.0,1119000000.0,186000000.0,1916000000.0,292000000.0,10012000000.0,,,1164000000.0,,,4023000000.0,,,,,42000000.0,1713000000.0,,,2369000000.0,,36000000.0,-1700000000.0,4690000000.0,57000000.0
2012-03-31,19383000000.0,16069000000.0,3314000000.0,835000000.0,,,1570000000.0,,1463000000.0,539000000.0,923000000.0,1.23,1.22,752500000.0,759600000.0,6718000000.0,,6475000000.0,,30000000.0,,,50131000000.0,,9399000000.0,4950000000.0,2993000000.0,1765000000.0,80205000000.0,9041000000.0,10943000000.0,,41305000000.0,,,192000000.0,543000000.0,75085000000.0,28447000000.0,-16094000000.0,5027000000.0,80205000000.0,426000000.0,50000000.0,,729000000.0,497000000.0,,,506000000.0,,,837000000.0,,,,,,424000000.0,,,-3003000000.0,,40000000.0,-1187000000.0,-3331000000.0,
2012-06-30,39388000000.0,32809000000.0,6579000000.0,1692000000.0,,,3118000000.0,,2909000000.0,1018000000.0,1890000000.0,2.51,2.49,755900000.0,762000000.0,6305000000.0,,5894000000.0,,30000000.0,,,51608000000.0,,9453000000.0,4955000000.0,2980000000.0,1746000000.0,81595000000.0,9273000000.0,11699000000.0,,42450000000.0,,,226000000.0,650000000.0,75703000000.0,28743000000.0,-15816000000.0,5804000000.0,81595000000.0,848000000.0,99000000.0,,310000000.0,2737000000.0,,,742000000.0,,,1745000000.0,,,,,18000000.0,780000000.0,6000000.0,,-3588000000.0,,39000000.0,-1897000000.0,-3744000000.0,
2012-09-30,59396000000.0,49603000000.0,9793000000.0,2545000000.0,,,4682000000.0,,4375000000.0,1450000000.0,2922000000.0,3.86,3.84,759500000.0,765200000.0,6582000000.0,,5437000000.0,,34000000.0,,,53778000000.0,,9496000000.0,4961000000.0,2930000000.0,1746000000.0,83654000000.0,9152000000.0,11773000000.0,,42852000000.0,,,166000000.0,900000000.0,75972000000.0,29775000000.0,-15261000000.0,7588000000.0,83654000000.0,1313000000.0,148000000.0,,-150000000.0,4588000000.0,,,857000000.0,,,3341000000.0,,,,,18000000.0,1208000000.0,6000000.0,,-4593000000.0,,43000000.0,-2234000000.0,-3467000000.0,
2012-12-31,81698000000.0,68644000000.0,13054000000.0,3298000000.0,,,6311000000.0,,5910000000.0,2007000000.0,3900000000.0,5.15,5.11,755700000.0,761500000.0,10341000000.0,,5608000000.0,,2413000000.0,,,57309000000.0,,9660000000.0,5035000000.0,3111000000.0,1792000000.0,88896000000.0,9394000000.0,12995000000.0,,44982000000.0,,,366000000.0,1429000000.0,,30037000000.0,-17416000000.0,5867000000.0,88896000000.0,1811000000.0,193000000.0,1279000000.0,27000000.0,5681000000.0,,,1199000000.0,,,7508000000.0,,,,,124000000.0,1703000000.0,7000000.0,,-3757000000.0,,45000000.0,-3477000000.0,292000000.0,410000000.0
2013-03-31,18893000000.0,15756000000.0,3137000000.0,705000000.0,,,1528000000.0,,1438000000.0,332000000.0,1106000000.0,1.45,1.44,761200000.0,766600000.0,8335000000.0,,6351000000.0,,29000000.0,,,59490000000.0,,9736000000.0,5049000000.0,3075000000.0,1488000000.0,90447000000.0,9876000000.0,11530000000.0,,45666000000.0,,,241000000.0,1401000000.0,,31143000000.0,-17041000000.0,7462000000.0,90447000000.0,429000000.0,58000000.0,,437000000.0,3000000000.0,,,654000000.0,,,524000000.0,,,,,26000000.0,521000000.0,,,-814000000.0,,23000000.0,-1705000000.0,-2006000000.0,
2013-12-31,86623000000.0,73268000000.0,13355000000.0,3071000000.0,,,6562000000.0,,6232000000.0,1646000000.0,4585000000.0,6.03,5.96,758900000.0,767600000.0,9088000000.0,,6546000000.0,,-3303000000.0,,,65074000000.0,,10224000000.0,5043000000.0,3052000000.0,1500000000.0,92663000000.0,9498000000.0,14131000000.0,,51486000000.0,,,156000000.0,950000000.0,,32964000000.0,-9894000000.0,14875000000.0,92663000000.0,1844000000.0,206000000.0,1641000000.0,879000000.0,5562000000.0,,,-298000000.0,,,8179000000.0,,,,,26000000.0,2098000000.0,140000000.0,,-5154000000.0,,128000000.0,-4249000000.0,-1253000000.0,209000000.0
2014-06-30,42510000000.0,35966000000.0,6544000000.0,1542000000.0,,,3329000000.0,,3176000000.0,558000000.0,2618000000.0,3.55,3.5,737000000.0,746100000.0,7533000000.0,,7694000000.0,,15000000.0,,,65527000000.0,,10449000000.0,5139000000.0,3004000000.0,1578000000.0,92737000000.0,11060000000.0,13222000000.0,,53339000000.0,,,740000000.0,864000000.0,,34516000000.0,-8659000000.0,14061000000.0,92737000000.0,900000000.0,101000000.0,,1286000000.0,3402000000.0,,,1783000000.0,,,2921000000.0,,,,,163000000.0,946000000.0,,,1281000000.0,,97000000.0,-5764000000.0,-1555000000.0,
2014-09-30,66294000000.0,56041000000.0,10253000000.0,2292000000.0,,,5448000000.0,,5207000000.0,1227000000.0,3980000000.0,5.43,5.36,732000000.0,741000000.0,6655000000.0,,7799000000.0,,27000000.0,,,65218000000.0,,10707000000.0,5131000000.0,2954000000.0,1547000000.0,92653000000.0,11136000000.0,12677000000.0,,53204000000.0,,,709000000.0,1046000000.0,,35880000000.0,-8653000000.0,14511000000.0,92653000000.0,1378000000.0,152000000.0,,1385000000.0,4425000000.0,,,1819000000.0,,,3860000000.0,,,,,163000000.0,1568000000.0,,,1034000000.0,,104000000.0,-7294000000.0,-2433000000.0,
2015-03-31,22149000000.0,18496000000.0,3653000000.0,769000000.0,,,2019000000.0,,1946000000.0,610000000.0,1336000000.0,1.89,1.87,704600000.0,713100000.0,8655000000.0,,8087000000.0,,17000000.0,,,66421000000.0,,11172000000.0,5105000000.0,2809000000.0,1328000000.0,97775000000.0,11497000000.0,11958000000.0,,55256000000.0,,,352000000.0,1081000000.0,,37516000000.0,-13815000000.0,7906000000.0,97775000000.0,459000000.0,50000000.0,,389000000.0,1822000000.0,,,848000000.0,,,88000000.0,,,,,,574000000.0,,-8000000.0,-214000000.0,,112000000.0,-2935000000.0,-3078000000.0,
2015-06-30,46692000000.0,39846000000.0,6846000000.0,1569000000.0,,,3702000000.0,,3569000000.0,1123000000.0,2446000000.0,3.5,3.46,697400000.0,705500000.0,9157000000.0,,7927000000.0,,17000000.0,,,66806000000.0,,11338000000.0,5126000000.0,2763000000.0,1374000000.0,98102000000.0,11531000000.0,13226000000.0,,57136000000.0,,,389000000.0,1052000000.0,,37365000000.0,-13420000000.0,6264000000.0,98102000000.0,912000000.0,94000000.0,,313000000.0,2395000000.0,,,888000000.0,,,3385000000.0,,,,,23000000.0,1266000000.0,,-22000000.0,-412000000.0,,124000000.0,-5540000000.0,-2576000000.0,
2015-09-30,72541000000.0,61446000000.0,11095000000.0,2426000000.0,,,6282000000.0,,6056000000.0,1906000000.0,4150000000.0,5.99,5.92,691800000.0,699800000.0,9383000000.0,,8854000000.0,,14000000.0,,,67576000000.0,,11614000000.0,5122000000.0,2706000000.0,1326000000.0,98998000000.0,11777000000.0,12770000000.0,,57808000000.0,,,378000000.0,1083000000.0,,39069000000.0,-13263000000.0,6740000000.0,98998000000.0,1349000000.0,141000000.0,,1202000000.0,2186000000.0,,,1058000000.0,,,6244000000.0,,,,,23000000.0,1827000000.0,,-33000000.0,-965000000.0,,139000000.0,-7609000000.0,-2350000000.0,
2016-03-31,22632000000.0,19097000000.0,3535000000.0,917000000.0,,,1788000000.0,,1741000000.0,522000000.0,1219000000.0,1.85,1.83,658600000.0,664800000.0,7886000000.0,,9711000000.0,,,,,65587000000.0,,12269000000.0,5132000000.0,2594000000.0,1421000000.0,91547000000.0,11558000000.0,12790000000.0,,49517000000.0,,2297000000.0,,2096000000.0,,39975000000.0,-12838000000.0,4043000000.0,91547000000.0,443000000.0,51000000.0,,1002000000.0,56000000.0,,,960000000.0,,,1231000000.0,,,,,,748000000.0,,-10000000.0,-438000000.0,,44000000.0,-4221000000.0,-3416000000.0,
2017-03-31,20976000000.0,17264000000.0,3712000000.0,838000000.0,,,2024000000.0,,1959000000.0,508000000.0,1451000000.0,2.36,2.34,613600000.0,620400000.0,8190000000.0,,9335000000.0,,,,,62367000000.0,,12842000000.0,5342000000.0,2496000000.0,1444000000.0,89673000000.0,11964000000.0,13332000000.0,,49781000000.0,,1339000000.0,,2285000000.0,,42165000000.0,-13415000000.0,95000000.0,89673000000.0,471000000.0,50000000.0,,769000000.0,31000000.0,,,616000000.0,,,2094000000.0,,,,,,466000000.0,,3000000.0,-262000000.0,,,-2463000000.0,-611000000.0,
2017-06-30,43715000000.0,35652000000.0,8063000000.0,1651000000.0,,,4559000000.0,,4428000000.0,1216000000.0,3212000000.0,5.28,5.22,607600000.0,614500000.0,8737000000.0,,9503000000.0,,,,,62831000000.0,,12820000000.0,5347000000.0,2567000000.0,1470000000.0,90036000000.0,12093000000.0,14294000000.0,,52909000000.0,,1415000000.0,,2128000000.0,,42222000000.0,-13234000000.0,-2037000000.0,90036000000.0,965000000.0,98000000.0,,912000000.0,-877000000.0,,,419000000.0,,,7044000000.0,,,,,,905000000.0,131000000.0,-4000000.0,-1386000000.0,,,-5774000000.0,-64000000.0,
2017-09-30,68024000000.0,55639000000.0,12385000000.0,2418000000.0,,,7248000000.0,,7075000000.0,2010000000.0,5065000000.0,8.37,8.27,604800000.0,612000000.0,8569000000.0,,10644000000.0,,,,,64142000000.0,,12712000000.0,5344000000.0,2523000000.0,1679000000.0,91007000000.0,12718000000.0,14008000000.0,,54409000000.0,,2884000000.0,,1449000000.0,,44052000000.0,-13036000000.0,1086000000.0,91007000000.0,1487000000.0,151000000.0,,1983000000.0,-254000000.0,,,778000000.0,,,10440000000.0,,,,,,1304000000.0,131000000.0,-4000000.0,-1636000000.0,,,-9109000000.0,-232000000.0,
2018-03-31,23382000000.0,18824000000.0,4558000000.0,764000000.0,,,2875000000.0,,2839000000.0,362000000.0,2477000000.0,4.19,4.15,590100000.0,596500000.0,9235000000.0,,2802000000.0,,,,2481000000.0,86543000000.0,,12628000000.0,5558000000.0,2525000000.0,1969000000.0,113549000000.0,12613000000.0,10983000000.0,49955000000.0,75532000000.0,,2001000000.0,,2474000000.0,,52095000000.0,-16162000000.0,1222000000.0,113549000000.0,501000000.0,45000000.0,,-92000000.0,-283000000.0,,,591000000.0,,,3136000000.0,,,,,,394000000.0,20000000.0,-3000000.0,119000000.0,,,-2845000000.0,,
2018-06-30,47640000000.0,38360000000.0,9280000000.0,1591000000.0,,,5585000000.0,,5425000000.0,752000000.0,4673000000.0,7.97,7.88,586000000.0,592300000.0,8121000000.0,,2823000000.0,,,,2396000000.0,86401000000.0,,12605000000.0,5550000000.0,2494000000.0,1800000000.0,113195000000.0,12904000000.0,12240000000.0,50970000000.0,77725000000.0,,1900000000.0,,2875000000.0,,52303000000.0,-16139000000.0,-1441000000.0,113195000000.0,1008000000.0,98000000.0,,-62000000.0,-408000000.0,,,682000000.0,,,7816000000.0,,,,,,770000000.0,56000000.0,1000000.0,-1295000000.0,,,-7177000000.0,,
2018-09-30,72786000000.0,59400000000.0,13386000000.0,2417000000.0,,,7812000000.0,,7558000000.0,522000000.0,7036000000.0,12.08,11.95,582000000.0,588200000.0,8034000000.0,,2893000000.0,,,,2398000000.0,87686000000.0,,12571000000.0,5722000000.0,2530000000.0,1852000000.0,114659000000.0,13663000000.0,12869000000.0,51496000000.0,79417000000.0,,1738000000.0,,2905000000.0,,54666000000.0,-15949000000.0,-1289000000.0,114659000000.0,1531000000.0,150000000.0,,-10000000.0,173000000.0,,,1181000000.0,,,12375000000.0,,,,,250000000.0,1227000000.0,56000000.0,5000000.0,-2197000000.0,,,-10866000000.0,,
2018-12-31,101127000000.0,81490000000.0,19637000000.0,3269000000.0,,,11987000000.0,,11604000000.0,1144000000.0,10460000000.0,18.05,17.85,579200000.0,585500000.0,7637000000.0,,3879000000.0,,,,2335000000.0,87830000000.0,,12645000000.0,7840000000.0,3429000000.0,1826000000.0,117359000000.0,12916000000.0,14808000000.0,50676000000.0,81590000000.0,,1736000000.0,,3059000000.0,,55941000000.0,-15083000000.0,339000000.0,117359000000.0,2114000000.0,202000000.0,-995000000.0,795000000.0,-568000000.0,,,2000000.0,,,15322000000.0,,,,,3230000000.0,1722000000.0,69000000.0,11000000.0,-4621000000.0,,,-11722000000.0,-1074000000.0,1326000000.0
2019-09-30,58648000000.0,53385000000.0,5263000000.0,2470000000.0,,,1259000000.0,,1177000000.0,-291000000.0,1167000000.0,2.07,2.05,565600000.0,569800000.0,9763000000.0,,3564000000.0,,,,2656000000.0,101656000000.0,,12527000000.0,8063000000.0,3587000000.0,3275000000.0,132598000000.0,15101000000.0,19224000000.0,53167000000.0,91846000000.0,,1615000000.0,,3621000000.0,,53986000000.0,-14927000000.0,-4116000000.0,132598000000.0,1643000000.0,160000000.0,,-315000000.0,9565000000.0,,,1626000000.0,,,-226000000.0,,,,,492000000.0,1387000000.0,20000000.0,10000000.0,-2047000000.0,,,4336000000.0,,
2019-12-31,76559000000.0,72093000000.0,4466000000.0,3219000000.0,,,-1975000000.0,,-2259000000.0,-1623000000.0,-636000000.0,-1.12,-1.12,565400000.0,565400000.0,9485000000.0,,3266000000.0,,,,3106000000.0,102229000000.0,,12502000000.0,8060000000.0,3338000000.0,3585000000.0,133625000000.0,15553000000.0,22868000000.0,51551000000.0,97312000000.0,,413000000.0,,3422000000.0,,50644000000.0,-16153000000.0,-8617000000.0,133625000000.0,2271000000.0,212000000.0,-1323000000.0,-603000000.0,12391000000.0,,,1600000000.0,,,-2446000000.0,,,,,455000000.0,1834000000.0,127000000.0,13000000.0,-1530000000.0,,,5739000000.0,1758000000.0,837000000.0
2020-09-30,42854000000.0,42851000000.0,1034000000.0,1871000000.0,,,-4718000000.0,,-5851000000.0,-2349000000.0,-3453000000.0,-6.1,-6.1,566100000.0,566100000.0,10564000000.0,,2762000000.0,,,,5213000000.0,131012000000.0,,11969000000.0,8071000000.0,2941000000.0,3502000000.0,161261000000.0,14479000000.0,22220000000.0,51974000000.0,92307000000.0,,,,2907000000.0,172814000000.0,47029000000.0,-15779000000.0,-11821000000.0,161261000000.0,1668000000.0,165000000.0,,-125000000.0,9653000000.0,,,-3303000000.0,428000000.0,,-14401000000.0,,,,,,1038000000.0,,-14000000.0,-16823000000.0,,,32274000000.0,1076000000.0,
2020-12-31,58158000000.0,63843000000.0,-5685000000.0,2476000000.0,,,-12767000000.0,,-14476000000.0,-2535000000.0,-11873000000.0,-20.88,-20.88,568600000.0,568600000.0,7752000000.0,,1955000000.0,,,,4286000000.0,121642000000.0,,11820000000.0,8081000000.0,2843000000.0,4712000000.0,152136000000.0,12928000000.0,22171000000.0,50488000000.0,87280000000.0,,,,1486000000.0,170211000000.0,38610000000.0,-17133000000.0,-18316000000.0,152136000000.0,2246000000.0,250000000.0,1264000000.0,-909000000.0,11002000000.0,,,-5363000000.0,-1060000000.0,,-18410000000.0,,,,,,1303000000.0,,18000000.0,-18366000000.0,,,34955000000.0,-1736000000.0,37000000.0
2021-03-31,15217000000.0,13808000000.0,1409000000.0,499000000.0,,,-83000000.0,,-572000000.0,-11000000.0,-537000000.0,-0.92,-0.92,585000000.0,585000000.0,7059000000.0,,2356000000.0,,,,4123000000.0,119945000000.0,,11643000000.0,8074000000.0,2773000000.0,4646000000.0,150035000000.0,12410000000.0,20553000000.0,50908000000.0,89892000000.0,,,,1477000000.0,167876000000.0,38073000000.0,-16952000000.0,-18058000000.0,150035000000.0,536000000.0,321000000.0,,394000000.0,680000000.0,,,-819000000.0,421000000.0,,-3400000000.0,,,,,,291000000.0,,-3000000.0,2764000000.0,,,-48000000.0,-689000000.0,
2021-06-30,32215000000.0,28396000000.0,3819000000.0,996000000.0,,,1023000000.0,,549000000.0,-29000000.0,587000000.0,1.0,1.0,587100000.0,589800000.0,8271000000.0,,2490000000.0,,,,4187000000.0,119095000000.0,,11341000000.0,8076000000.0,2702000000.0,4889000000.0,148935000000.0,11450000000.0,19502000000.0,50738000000.0,88224000000.0,,,,1571000000.0,165420000000.0,38660000000.0,-16661000000.0,-16682000000.0,148935000000.0,1087000000.0,493000000.0,,523000000.0,-413000000.0,,,-2035000000.0,251000000.0,,-3900000000.0,,,,,,513000000.0,,-4000000.0,4423000000.0,,,-67000000.0,472000000.0,
2021-09-30,47493000000.0,41962000000.0,5531000000.0,1571000000.0,,,1269000000.0,,-333000000.0,-207000000.0,-109000000.0,-0.19,-0.19,588600000.0,588600000.0,9764000000.0,,2247000000.0,,,,2664000000.0,116888000000.0,,11113000000.0,8070000000.0,2631000000.0,5312000000.0,146846000000.0,10151000000.0,18974000000.0,51269000000.0,85771000000.0,,,,1722000000.0,161112000000.0,38551000000.0,-14818000000.0,-14440000000.0,146846000000.0,1610000000.0,677000000.0,,280000000.0,-508000000.0,,,-3565000000.0,781000000.0,,-4132000000.0,,,,,6000000.0,758000000.0,,-6000000.0,7389000000.0,,,-1238000000.0,1985000000.0,
2021-12-31,62286000000.0,59269000000.0,3017000000.0,2249000000.0,,,-2902000000.0,,-5033000000.0,-743000000.0,-4202000000.0,-7.15,-7.15,587600000.0,587600000.0,8052000000.0,,2641000000.0,,,,2221000000.0,108666000000.0,,10918000000.0,8068000000.0,2562000000.0,5591000000.0,138552000000.0,9261000000.0,18455000000.0,52980000000.0,81992000000.0,,,,1750000000.0,153398000000.0,34408000000.0,-11659000000.0,-14999000000.0,138552000000.0,2144000000.0,833000000.0,-843000000.0,713000000.0,1127000000.0,,,-3783000000.0,2505000000.0,,-3416000000.0,,,,,6000000.0,980000000.0,,-5000000.0,9324000000.0,,,-5600000000.0,269000000.0,-1480000000.0
2022-03-31,13991000000.0,13645000000.0,346000000.0,633000000.0,,,-1169000000.0,,-1618000000.0,-376000000.0,-1219000000.0,-2.06,-2.06,591400000.0,591400000.0,7409000000.0,,2407000000.0,,,,2356000000.0,106012000000.0,,10755000000.0,8065000000.0,2492000000.0,5814000000.0,135801000000.0,8779000000.0,17864000000.0,52458000000.0,81692000000.0,,,,1879000000.0,151069000000.0,33189000000.0,-11370000000.0,-15398000000.0,135801000000.0,486000000.0,203000000.0,,-237000000.0,1203000000.0,,,-369000000.0,-522000000.0,,-3216000000.0,,,,,,349000000.0,,-1000000.0,2965000000.0,,,-396000000.0,-650000000.0,
2022-06-30,30672000000.0,28204000000.0,2468000000.0,1331000000.0,,,774000000.0,,-1241000000.0,217000000.0,-1026000000.0,-1.73,-1.73,594000000.0,596100000.0,10090000000.0,,2996000000.0,,,,2086000000.0,106000000000.0,,10617000000.0,8055000000.0,2431000000.0,5747000000.0,135479000000.0,9575000000.0,17752000000.0,52066000000.0,84799000000.0,,,,1891000000.0,150270000000.0,33382000000.0,-11487000000.0,-14888000000.0,135479000000.0,984000000.0,352000000.0,,350000000.0,1260000000.0,,,395000000.0,-907000000.0,,-3135000000.0,,,,,,612000000.0,,-2000000.0,6231000000.0,,,-998000000.0,2027000000.0,
2022-09-30,46628000000.0,44982000000.0,1646000000.0,2058000000.0,,,-3194000000.0,,-4373000000.0,176000000.0,-4301000000.0,-7.24,-7.24,596300000.0,596000000.0,13494000000.0,,2673000000.0,,,,3073000000.0,109251000000.0,,10508000000.0,8045000000.0,2371000000.0,4814000000.0,137558000000.0,9793000000.0,21217000000.0,53177000000.0,89618000000.0,,,,2250000000.0,155193000000.0,30107000000.0,-11518000000.0,-17699000000.0,137558000000.0,1477000000.0,528000000.0,,22000000.0,1164000000.0,,,590000000.0,204000000.0,,100000000.0,,,,,,896000000.0,,11000000.0,6521000000.0,,,-1016000000.0,5426000000.0,
2023-03-31,17921000000.0,15998000000.0,1923000000.0,741000000.0,,,-149000000.0,,-496000000.0,-71000000.0,-414000000.0,-0.69,-0.69,602200000.0,602200000.0,10812000000.0,,2862000000.0,,,,2857000000.0,108811000000.0,,10493000000.0,8063000000.0,2254000000.0,4320000000.0,136347000000.0,10274000000.0,20812000000.0,54498000000.0,93510000000.0,,,,2198000000.0,151831000000.0,29059000000.0,-9550000000.0,-15508000000.0,136347000000.0,457000000.0,222000000.0,,341000000.0,390000000.0,,,231000000.0,1417000000.0,,-318000000.0,,,,,,468000000.0,,2000000.0,-1823000000.0,,,-1680000000.0,-3811000000.0,
2023-06-30,37672000000.0,33810000000.0,3862000000.0,1538000000.0,,,-248000000.0,,-896000000.0,-322000000.0,-563000000.0,-0.93,-0.93,605200000.0,605200000.0,7254000000.0,,2945000000.0,,,,2941000000.0,107412000000.0,,10455000000.0,8061000000.0,2194000000.0,4456000000.0,134774000000.0,10936000000.0,21221000000.0,55310000000.0,92076000000.0,,,,2158000000.0,150267000000.0,28910000000.0,-9617000000.0,-15517000000.0,134774000000.0,913000000.0,381000000.0,,433000000.0,241000000.0,,,852000000.0,2228000000.0,,2557000000.0,,,,,,764000000.0,,158000000.0,-4838000000.0,,,-5093000000.0,-7372000000.0,
2023-09-30,55776000000.0,50749000000.0,5027000000.0,2496000000.0,,,-1056000000.0,,-1996000000.0,538000000.0,-2199000000.0,-3.64,-3.64,606900000.0,606900000.0,6811000000.0,,3032000000.0,,,,2287000000.0,106935000000.0,,10484000000.0,8069000000.0,2143000000.0,4562000000.0,134281000000.0,11143000000.0,21104000000.0,55924000000.0,93062000000.0,,,,2239000000.0,150998000000.0,27274000000.0,-9708000000.0,-16729000000.0,134281000000.0,1380000000.0,548000000.0,,523000000.0,940000000.0,,,982000000.0,2963000000.0,,2579000000.0,,,,,19000000.0,1096000000.0,,157000000.0,-5241000000.0,,,-5131000000.0,-7815000000.0,
2023-12-31,77794000000.0,70070000000.0,7724000000.0,3377000000.0,,,-773000000.0,,-2005000000.0,237000000.0,-2222000000.0,-3.67,-3.67,605800000.0,605800000.0,12691000000.0,,2649000000.0,,,,2504000000.0,109275000000.0,,10661000000.0,8093000000.0,2094000000.0,4935000000.0,137012000000.0,11964000000.0,22331000000.0,56328000000.0,95827000000.0,,,,2332000000.0,154240000000.0,27251000000.0,-10305000000.0,-17233000000.0,137012000000.0,1861000000.0,690000000.0,30000000.0,128000000.0,1681000000.0,,,1672000000.0,3365000000.0,,5960000000.0,,,,,70000000.0,1527000000.0,,158000000.0,-2437000000.0,,,-5487000000.0,-1934000000.0,204000000.0
2024-03-31,16569000000.0,14693000000.0,1876000000.0,868000000.0,,,-86000000.0,,-378000000.0,-23000000.0,-343000000.0,-0.56,-0.56,612900000.0,612900000.0,6914000000.0,,2959000000.0,,,,2843000000.0,106532000000.0,,10696000000.0,8089000000.0,2034000000.0,5190000000.0,134484000000.0,11616000000.0,21607000000.0,58972000000.0,93258000000.0,,,,2546000000.0,151500000000.0,26908000000.0,-10412000000.0,-17009000000.0,134484000000.0,442000000.0,119000000.0,,328000000.0,3778000000.0,,,-264000000.0,2718000000.0,,-3362000000.0,,,,,,567000000.0,,34000000.0,2074000000.0,,,-4462000000.0,-5778000000.0,
2024-06-30,33435000000.0,30330000000.0,3105000000.0,1822000000.0,,,-1176000000.0,,-1893000000.0,-99000000.0,-1782000000.0,-2.9,-2.9,616300000.0,616300000.0,10894000000.0,,3155000000.0,,,,3282000000.0,114439000000.0,,10976000000.0,8108000000.0,2067000000.0,5319000000.0,142720000000.0,11864000000.0,21850000000.0,58151000000.0,96630000000.0,,,,2212000000.0,160702000000.0,25469000000.0,-10392000000.0,-17976000000.0,142720000000.0,883000000.0,208000000.0,,522000000.0,5937000000.0,,,-222000000.0,1886000000.0,,-7285000000.0,,,,,50000000.0,971000000.0,,17000000.0,-26000000.0,,,5538000000.0,-1798000000.0,
2024-09-30,51275000000.0,51677000000.0,-3507000000.0,2976000000.0,,,-6937000000.0,,-8117000000.0,-149000000.0,-7952000000.0,-12.91,-12.91,618600000.0,618600000.0,9961000000.0,,2894000000.0,,,,2918000000.0,109436000000.0,,11236000000.0,8112000000.0,2011000000.0,5505000000.0,137695000000.0,12267000000.0,22628000000.0,57931000000.0,97300000000.0,,,,2314000000.0,161257000000.0,19299000000.0,-10273000000.0,-23552000000.0,137695000000.0,1327000000.0,310000000.0,,275000000.0,6854000000.0,,,122000000.0,1666000000.0,,-8630000000.0,,,,,50000000.0,1582000000.0,,14000000.0,653000000.0,,,5238000000.0,-2731000000.0,
