Date,Net sales,Cost of sales,Gross margin,Research and development,"Selling, general and administrative",Total operating expenses,Operating income,"Other income/(expense), net",Income before provision for income taxes,Provision for income taxes,Net income,Earnings per share basic,Earnings per share diluted,Weighted-average basic,Weighted-average diluted,Cash and cash equivalents,Short-term marketable securities,"Accounts receivable, net",Inventories,Deferred tax assets,Vendor non-trade receivables,Other current assets,Total current assets,Long-term marketable securities,"Property, Plant and Equipment, Net",Goodwill,"Acquired intangible assets, net","Other Assets, Noncurrent",Total assets,accounts payable,Accrued expenses,Deferred revenue,Total current liabilities,Deferred revenue - non-current,deferred tax liabilities,long term taxes payable,Total other non-current liabilities,Total liabilities,Retained Earnings (Accumulated Deficit),Accumulated other comprehensive (loss)/income,Total shareholders equity,Total liabilities and shareholders' equity,"Depreciation, amortization and accretion",Stock-based compensation expense,Deferred income tax expense,"Increase (Decrease) in Accounts receivable, net",Increase (Decrease) in Inventories,Increase (Decrease) in Other Receivables,Increase (Decrease) in Other Operating Assets,Increase (Decrease) in Accounts Payable,Increase (Decrease) in Deferred Revenue,Increase (Decrease) Other liabilities,Cash generated by operating activities,Purchases of marketable securities,Proceeds from maturities of marketable securities,Proceeds from sales of marketable securities,Purchases of other long-term investments,"Business acquisitions, net of cash acquired",Cash payments for capital asset purchases,Payments for acquisition of intangible assets,Payments for (Proceeds from) Other Investing Activities,Cash used in investing activities,Proceeds from issuance of common stock,Excess tax benefits from stock-based compensation,Cash generated/used in financing activities,Increase/(decrease) in cash and cash equivalents,"Cash paid for income taxes, net"
2010-06-27,3599800000.0,,,,156900000.0,3245100000.0,354700000.0,,276100000.0,81700000.0,148300000.0,1.6,1.58,,,75000000.0,,,876200000.0,,,135800000.0,2549900000.0,,1656300000.0,1887600000.0,,461400000.0,6618300000.0,766400000.0,227700000.0,,1880800000.0,,,,120600000.0,5171900000.0,2526900000.0,-192700000.0,1444800000.0,6618300000.0,125100000.0,,-11400000.0,,,,,,,,30700000.0,,,,,,69100000.0,,10500000.0,-175900000.0,21800000.0,,12000000.0,-135600000.0,
2010-09-26,5634800000.0,,,,249900000.0,5047000000.0,587800000.0,,473000000.0,142200000.0,375800000.0,4.1,4.05,,,168700000.0,,,898900000.0,,,113200000.0,2358100000.0,,1996100000.0,2111500000.0,,431600000.0,6979100000.0,811400000.0,246600000.0,,1935300000.0,,,,221700000.0,5238700000.0,2745300000.0,-88200000.0,1605800000.0,6979100000.0,192200000.0,,-51200000.0,,,,,,,,371400000.0,,,,,60000000.0,131100000.0,,10200000.0,5800000.0,35000000.0,,-416600000.0,-41900000.0,
2010-12-31,7630000000.0,,,,356800000.0,6865400000.0,764600000.0,,606400000.0,175800000.0,468000000.0,2.59,2.55,180746.0,183538.0,152000000.0,,,1083900000.0,,,117500000.0,2305700000.0,,2048200000.0,2105300000.0,,417600000.0,6927700000.0,700300000.0,254800000.0,,1383300000.0,,,,218800000.0,5269600000.0,2829800000.0,-82100000.0,1658100000.0,6927700000.0,265500000.0,,-28700000.0,-287000000.0,-153100000.0,,49200000.0,68800000.0,,7100000.0,515200000.0,,,,,62000000.0,250200000.0,,-13400000.0,-110200000.0,47500000.0,,-459600000.0,-58600000.0,
2011-04-03,2011200000.0,,,,-99400000.0,1817200000.0,194000000.0,,147500000.0,48000000.0,91300000.0,0.54,0.53,,,193100000.0,,,1245700000.0,,,196000000.0,2714400000.0,,2217000000.0,2320200000.0,,531400000.0,7783000000.0,854000000.0,303900000.0,,1683400000.0,,,,239200000.0,6100700000.0,2909200000.0,-9400000.0,1527900000.0,7783000000.0,-73600000.0,,4300000.0,,,,,,,,-74400000.0,,,,,295200000.0,95000000.0,,-6000000.0,-384200000.0,13700000.0,,498000000.0,41100000.0,
2011-07-03,4320900000.0,,,,192500000.0,3872800000.0,448100000.0,,356400000.0,112600000.0,234400000.0,1.39,1.37,168204000.0,171541000.0,144800000.0,,1134400000.0,1196700000.0,,,,2724600000.0,,2263000000.0,2372000000.0,197600000.0,490800000.0,7850400000.0,868700000.0,308300000.0,,1751800000.0,,,,,6115600000.0,3040400000.0,-6000000.0,1579400000.0,7850400000.0,147700000.0,,14000000.0,,,,,,,,161200000.0,,,,,295200000.0,213500000.0,,600000.0,-509300000.0,22800000.0,,339700000.0,-7200000.0,
2011-10-02,6579200000.0,,,,282200000.0,5902500000.0,676700000.0,,542000000.0,160200000.0,,2.2,2.15,166779000.0,170248000.0,190100000.0,,1043100000.0,1094600000.0,,,,2573900000.0,,2242500000.0,2283100000.0,189400000.0,438900000.0,7538400000.0,776800000.0,274200000.0,,1785600000.0,,,,,5970400000.0,3162000000.0,-164900000.0,1407700000.0,7538400000.0,222200000.0,,14300000.0,,,,,,,,441000000.0,,,,,295200000.0,323800000.0,,7300000.0,-626300000.0,31800000.0,,216300000.0,38100000.0,
2011-12-31,8630900000.0,,1281100000.0,22300000.0,381400000.0,7794000000.0,836900000.0,,659800000.0,201300000.0,444000000.0,2.69,2.63,165275000.0,168590000.0,165800000.0,,840600000.0,1072500000.0,50300000.0,,,2321900000.0,,2265400000.0,2247100000.0,180600000.0,450200000.0,7284600000.0,847300000.0,313100000.0,,1856100000.0,,80200000.0,,,5906600000.0,3228300000.0,-335200000.0,1219100000.0,7284600000.0,301100000.0,,28400000.0,4100000.0,-27500000.0,,,111100000.0,,,948400000.0,,,,,295200000.0,443800000.0,,-1000000.0,-738000000.0,39300000.0,,-216800000.0,13800000.0,150300000.0
2012-04-01,2042700000.0,,,,99600000.0,1860700000.0,182000000.0,,121600000.0,28000000.0,,0.56,0.55,157530000.0,160945000.0,106800000.0,,1028300000.0,1124500000.0,,,,2516800000.0,,2255600000.0,2281000000.0,177000000.0,506000000.0,7559400000.0,832600000.0,278600000.0,,1812500000.0,,,,,6210700000.0,3300900000.0,-272000000.0,1185800000.0,7559400000.0,69000000.0,,,,,,,,,,-218300000.0,,,,,,76000000.0,,10700000.0,-86700000.0,19700000.0,,251500000.0,-59000000.0,
2012-07-01,4339000000.0,,,,198200000.0,3919400000.0,419600000.0,,314500000.0,78000000.0,,1.46,1.42,156534000.0,159943000.0,123500000.0,,1074000000.0,1035600000.0,,,,2511700000.0,,2203700000.0,2222300000.0,169400000.0,501800000.0,7439500000.0,852500000.0,320300000.0,,1888500000.0,,,,,6098100000.0,3424700000.0,-353100000.0,1175200000.0,7439500000.0,135500000.0,,,,,,,,,,74700000.0,,,,,,138500000.0,,16200000.0,-154700000.0,29700000.0,,34500000.0,-42300000.0,
2012-09-30,6621500000.0,,,,284500000.0,5983300000.0,638200000.0,,488900000.0,129700000.0,,2.2,2.16,155561000.0,158963000.0,181200000.0,,1147700000.0,993000000.0,,,189800000.0,2570300000.0,,2220200000.0,2249100000.0,167000000.0,484400000.0,7524000000.0,906300000.0,278400000.0,,1830100000.0,,,,229800000.0,6053900000.0,3525600000.0,-291200000.0,1298200000.0,7524000000.0,210200000.0,,,,,,,,,,388300000.0,,,,,15300000.0,206900000.0,,-18000000.0,-204200000.0,40800000.0,,-169800000.0,15400000.0,
2012-12-31,8735700000.0,,1318600000.0,26800000.0,385500000.0,7945200000.0,790500000.0,,595600000.0,165000000.0,,2.61,2.55,154648000.0,158084000.0,174100000.0,,864600000.0,1044400000.0,60800000.0,,190800000.0,2339400000.0,,2288600000.0,2359400000.0,162900000.0,519700000.0,7507100000.0,946900000.0,240700000.0,,1685800000.0,,55500000.0,,207900000.0,6217100000.0,3580800000.0,-352400000.0,1114600000.0,7507100000.0,282900000.0,,14000000.0,-600000.0,-29100000.0,,,55900000.0,,,853200000.0,,,,,71200000.0,305000000.0,,-20200000.0,-356000000.0,53100000.0,,-486900000.0,8300000.0,143900000.0
2013-03-31,1991000000.0,,,,109300000.0,1848000000.0,143000000.0,,98200000.0,18100000.0,,0.48,0.47,148976000.0,152316000.0,208000000.0,,973100000.0,1143600000.0,,,213400000.0,2622700000.0,,2293500000.0,2319500000.0,176300000.0,540300000.0,7776000000.0,915800000.0,204300000.0,,1742900000.0,,,,221400000.0,6518500000.0,3633900000.0,-399100000.0,1074900000.0,7776000000.0,72500000.0,,,,,,,,,,-324600000.0,,,,,12600000.0,88700000.0,,8000000.0,-109300000.0,3400000.0,,469000000.0,33900000.0,
2013-06-30,4193400000.0,,,,212200000.0,3846900000.0,346500000.0,,227300000.0,48900000.0,,1.13,1.1,148027000.0,151262000.0,169500000.0,,1051200000.0,1100400000.0,,,225700000.0,2619500000.0,,2306100000.0,2334900000.0,176300000.0,555100000.0,7815600000.0,950200000.0,253500000.0,,1767400000.0,,,,219200000.0,6608200000.0,3710300000.0,-392400000.0,1026600000.0,7815600000.0,147000000.0,,7900000.0,,,,,,,,-57500000.0,,,,,12600000.0,201100000.0,,4500000.0,-218200000.0,13600000.0,,276500000.0,-4600000.0,
2013-09-30,6471300000.0,,,,311200000.0,5913200000.0,558100000.0,,392100000.0,93000000.0,,1.92,1.88,146910000.0,150122000.0,168200000.0,,1021900000.0,980300000.0,,,189400000.0,2425400000.0,,2360100000.0,2379800000.0,171500000.0,543900000.0,7709200000.0,998800000.0,234600000.0,,1570200000.0,,,,229000000.0,6392400000.0,3807300000.0,-328100000.0,1129400000.0,7709200000.0,223600000.0,,3300000.0,,,,,,,,451900000.0,,,,,14200000.0,309600000.0,,-2200000.0,-321600000.0,24300000.0,,-126600000.0,-5900000.0,
2013-12-31,8468100000.0,,1338900000.0,31200000.0,418600000.0,7672700000.0,795400000.0,,583600000.0,149600000.0,,2.79,2.73,145943000.0,149223000.0,416000000.0,,798900000.0,1028300000.0,1000000.0,,,2465700000.0,,2372300000.0,2404300000.0,166100000.0,577500000.0,7819800000.0,998800000.0,264700000.0,,1927400000.0,,110600000.0,,285600000.0,6428500000.0,3913800000.0,-240700000.0,1199900000.0,7819800000.0,299900000.0,,-1600000.0,-80200000.0,-21400000.0,,,50900000.0,,,839000000.0,,,,,14200000.0,378300000.0,,-13400000.0,-379100000.0,32900000.0,,-204000000.0,241900000.0,111400000.0
2014-03-31,2006800000.0,,,,107700000.0,1789400000.0,217400000.0,,144100000.0,39600000.0,,0.67,0.65,140405000.0,144058000.0,175400000.0,,913100000.0,1081600000.0,,,166200000.0,2404300000.0,,2360200000.0,2398800000.0,159800000.0,581200000.0,7744500000.0,969900000.0,238900000.0,,1821300000.0,,,,292300000.0,6462400000.0,3989200000.0,-256500000.0,1079600000.0,7744500000.0,68800000.0,,2600000.0,,,,,,,,-136200000.0,,,,,,61400000.0,,-6300000.0,-55100000.0,9300000.0,,-45100000.0,-240600000.0,
2014-06-30,4298700000.0,,,,219100000.0,3825400000.0,473300000.0,,359400000.0,99800000.0,,1.77,1.72,139704000.0,143472000.0,155300000.0,,998000000.0,1028200000.0,,,162800000.0,2419800000.0,,2383300000.0,2385100000.0,153400000.0,583200000.0,7771400000.0,1116000000.0,233000000.0,,1973600000.0,,,,,6364800000.0,4158300000.0,-253100000.0,1206900000.0,7771400000.0,138400000.0,,6500000.0,,,,,,,,210000000.0,,,,,,135300000.0,,-11200000.0,-124100000.0,18600000.0,,-344000000.0,-260700000.0,
2014-09-30,6537600000.0,,,,342200000.0,5836300000.0,701300000.0,,547300000.0,139600000.0,,2.83,2.76,139133000.0,142986000.0,189500000.0,,933500000.0,972700000.0,,,167200000.0,2378800000.0,,2371100000.0,2300600000.0,144700000.0,564400000.0,7614900000.0,1251200000.0,208400000.0,,2021900000.0,,,,,6200200000.0,4288100000.0,-325500000.0,1214500000.0,7614900000.0,209700000.0,,8300000.0,,,,,,,,650000000.0,,,,,,250000000.0,,-11100000.0,-238900000.0,27700000.0,,-633300000.0,-226500000.0,
2014-12-31,8570000000.0,,1433700000.0,26600000.0,466500000.0,7731400000.0,838600000.0,,645600000.0,149900000.0,,3.39,3.3,138508000.0,142430000.0,191400000.0,,793000000.0,1016700000.0,85400000.0,,,2313500000.0,,2430700000.0,2254500000.0,137100000.0,572300000.0,7571000000.0,1340000000.0,221800000.0,,2006800000.0,,32400000.0,,,6331400000.0,4346900000.0,-522100000.0,1033100000.0,7571000000.0,280900000.0,,11900000.0,152300000.0,23800000.0,,,355300000.0,,,1012500000.0,,,,,,390800000.0,,600000.0,-391400000.0,37200000.0,,-845300000.0,-224600000.0,163200000.0
2015-03-31,1923100000.0,,,,116000000.0,1797200000.0,125900000.0,,27500000.0,500000.0,,0.15,0.15,137086000.0,141076000.0,228800000.0,,901200000.0,1033200000.0,,,162200000.0,2467900000.0,,2423600000.0,2177800000.0,134000000.0,591200000.0,7660500000.0,1271200000.0,243300000.0,,2039300000.0,,,,,6507100000.0,4349800000.0,-642100000.0,940700000.0,7660500000.0,68300000.0,,-24700000.0,,,,,,,,-180500000.0,,,,,29100000.0,105500000.0,,-14100000.0,-120500000.0,9200000.0,,327400000.0,37400000.0,
2015-06-30,4095400000.0,,,,233700000.0,3695700000.0,399700000.0,,265300000.0,78900000.0,,1.32,1.28,137801000.0,141540000.0,227300000.0,,1068700000.0,929000000.0,,,156800000.0,2505100000.0,,2483400000.0,2209200000.0,129500000.0,655200000.0,7852900000.0,1444400000.0,277000000.0,,2192300000.0,,,,,6510100000.0,4492700000.0,-603700000.0,1138600000.0,7852900000.0,139600000.0,,-800000.0,,,,,,,,211700000.0,,,,,29100000.0,227700000.0,,-21600000.0,-235200000.0,18900000.0,,50900000.0,35900000.0,
2015-09-30,6192400000.0,,,,340500000.0,5716600000.0,475800000.0,,282900000.0,47900000.0,,1.64,1.6,137409000.0,141141000.0,244400000.0,,983300000.0,876000000.0,,,164400000.0,2382600000.0,,2547300000.0,2204100000.0,123900000.0,593000000.0,7727000000.0,1451400000.0,332000000.0,,2279600000.0,,,,,6483600000.0,4519600000.0,-620100000.0,1033700000.0,7727000000.0,211500000.0,,-68300000.0,,,,,,,,597000000.0,,,,,29100000.0,356800000.0,,-18300000.0,-367600000.0,26300000.0,,-185800000.0,53000000.0,
2015-12-31,7997000000.0,,1295000000.0,26000000.0,451300000.0,7391800000.0,605200000.0,,345500000.0,47000000.0,,2.05,1.99,137300000.0,140984000.0,224000000.0,,753900000.0,898400000.0,122600000.0,,,2184000000.0,,2685900000.0,2176500000.0,118400000.0,576200000.0,9777000000.0,1500800000.0,334100000.0,,2141600000.0,,30200000.0,,,8515700000.0,4557500000.0,-639900000.0,1251300000.0,9777000000.0,285500000.0,,-61800000.0,-34800000.0,-96900000.0,,,124600000.0,,,1006700000.0,,,,,29100000.0,527900000.0,,-19000000.0,-2720700000.0,36000000.0,,1737100000.0,32600000.0,58400000.0
2016-03-31,1756000000.0,,,,108000000.0,1866000000.0,-110000000.0,,-209000000.0,-83000000.0,,-0.9,-0.9,141793000.0,141793000.0,205000000.0,,908000000.0,956000000.0,,,,2323000000.0,,2730000000.0,2251000000.0,117000000.0,656000000.0,10059000000.0,1259000000.0,424000000.0,,2232000000.0,,,,,8981000000.0,4412000000.0,-609000000.0,1068000000.0,10059000000.0,75000000.0,,-50000000.0,,,,,,,,-386000000.0,,,,,36000000.0,138000000.0,,11000000.0,-185000000.0,7000000.0,,572000000.0,-19000000.0,
2016-06-30,3785000000.0,,,,213000000.0,3618000000.0,278000000.0,,191000000.0,-229000000.0,,2.38,2.33,142038000.0,145227000.0,6399000000.0,,1524000000.0,1483000000.0,,,,10086000000.0,,4396000000.0,5183000000.0,2052000000.0,1236000000.0,25077000000.0,2168000000.0,874000000.0,,10353000000.0,,,,,21243000000.0,4733000000.0,-593000000.0,3731000000.0,25077000000.0,153000000.0,,-268000000.0,,,,,,,,36000000.0,,,,,-413000000.0,273000000.0,,86000000.0,2869000000.0,23000000.0,,3320000000.0,6175000000.0,
2016-09-30,6600000000.0,,,,348000000.0,6317000000.0,283000000.0,,34000000.0,-191000000.0,,1.37,1.35,174564000.0,177702000.0,645000000.0,,1474000000.0,1418000000.0,,,252000000.0,4104000000.0,,4440000000.0,5211000000.0,2046000000.0,1259000000.0,17060000000.0,1864000000.0,404000000.0,,2943000000.0,,,,,13240000000.0,4708000000.0,-616000000.0,3713000000.0,17060000000.0,299000000.0,,-179000000.0,,,,,,,,-433000000.0,,,,,3379000000.0,398000000.0,,-2000000.0,880000000.0,38000000.0,,43000000.0,421000000.0,
2016-12-31,9061000000.0,,1420000000.0,28000000.0,512000000.0,8598000000.0,463000000.0,,125000000.0,-126000000.0,,1.66,1.63,158271000.0,161442000.0,597000000.0,,1158000000.0,1413000000.0,4000000.0,,152000000.0,3653000000.0,,4387000000.0,5095000000.0,1934000000.0,1104000000.0,16173000000.0,2033000000.0,399000000.0,,2969000000.0,,,,,12632000000.0,4739000000.0,-941000000.0,3435000000.0,16173000000.0,453000000.0,,-293000000.0,53000000.0,-30000000.0,,,-55000000.0,,,194000000.0,,,,,3379000000.0,606000000.0,,-5000000.0,672000000.0,48000000.0,,-387000000.0,373000000.0,68000000.0
2017-03-31,2473000000.0,,,,143000000.0,2321000000.0,152000000.0,,84000000.0,22000000.0,,0.39,0.38,175024000.0,178967000.0,458000000.0,,1354000000.0,1554000000.0,,,200000000.0,3907000000.0,,4403000000.0,5152000000.0,1917000000.0,1265000000.0,16644000000.0,1830000000.0,427000000.0,,3018000000.0,,855000000.0,,85000000.0,12921000000.0,4784000000.0,-813000000.0,3619000000.0,16644000000.0,148000000.0,,2000000.0,,,,,,,,-398000000.0,,,,,,125000000.0,,-3000000.0,-91000000.0,-1000000.0,,380000000.0,-139000000.0,
2017-06-30,5328000000.0,,,,271000000.0,4989000000.0,339000000.0,,196000000.0,44000000.0,,0.48,0.47,351066000.0,358979000.0,433000000.0,,1332000000.0,1524000000.0,,,171000000.0,3765000000.0,,4424000000.0,4858000000.0,2512000000.0,1162000000.0,16721000000.0,2146000000.0,591000000.0,,3350000000.0,,633000000.0,,373000000.0,13011000000.0,4849000000.0,-919000000.0,3604000000.0,16721000000.0,377000000.0,,-59000000.0,,,,,,,,263000000.0,,,,,,240000000.0,,-2000000.0,-207000000.0,14000000.0,,-228000000.0,-164000000.0,
2017-09-30,8236000000.0,,,,398000000.0,7773000000.0,463000000.0,,246000000.0,48000000.0,,0.61,0.6,350481000.0,358556000.0,556000000.0,,1425000000.0,1433000000.0,,,148000000.0,3930000000.0,,4525000000.0,4908000000.0,2490000000.0,1150000000.0,17003000000.0,2419000000.0,609000000.0,,3778000000.0,,655000000.0,,422000000.0,13365000000.0,4863000000.0,-925000000.0,3529000000.0,17003000000.0,539000000.0,,,,,,,,,,747000000.0,,,,,,404000000.0,,-3000000.0,-370000000.0,18000000.0,,-429000000.0,-41000000.0,
2017-12-31,10983000000.0,,1757000000.0,27000000.0,514000000.0,10181000000.0,802000000.0,,514000000.0,165000000.0,,1.07,1.05,350269000.0,356985000.0,448000000.0,,1343000000.0,1526000000.0,-370000000.0,,150000000.0,3758000000.0,,4610000000.0,4933000000.0,2462000000.0,1406000000.0,17169000000.0,2762000000.0,540000000.0,,4107000000.0,,695000000.0,,340000000.0,13123000000.0,4987000000.0,-656000000.0,3941000000.0,17169000000.0,729000000.0,,82000000.0,189000000.0,66000000.0,,,639000000.0,,,1478000000.0,,,,,,556000000.0,,-13000000.0,-545000000.0,27000000.0,,-1073000000.0,-149000000.0,107000000.0
2018-03-31,2785000000.0,,,,112000000.0,2559000000.0,226000000.0,,152000000.0,34000000.0,,0.36,0.35,350215000.0,357552000.0,477000000.0,,1751000000.0,1447000000.0,,,146000000.0,4160000000.0,,4727000000.0,4970000000.0,2432000000.0,1442000000.0,17731000000.0,2822000000.0,525000000.0,52000000.0,3905000000.0,,690000000.0,,383000000.0,13593000000.0,5114000000.0,-673000000.0,4033000000.0,17731000000.0,180000000.0,,3000000.0,,,,,,,,-74000000.0,,,,,,242000000.0,,-3000000.0,-284000000.0,,,384000000.0,27000000.0,
2018-06-30,5886000000.0,,,,239000000.0,5417000000.0,469000000.0,,318000000.0,80000000.0,,0.7,0.68,349212000.0,356276000.0,549000000.0,,1640000000.0,1257000000.0,,,206000000.0,4875000000.0,,4473000000.0,4516000000.0,2305000000.0,1366000000.0,17535000000.0,2739000000.0,558000000.0,65000000.0,3954000000.0,,666000000.0,,297000000.0,13540000000.0,5199000000.0,-767000000.0,3889000000.0,17535000000.0,358000000.0,,37000000.0,,,,,,,,434000000.0,,,,,,444000000.0,,-39000000.0,-450000000.0,9000000.0,,164000000.0,98000000.0,
2018-09-30,,,,,352000000.0,8095000000.0,737000000.0,,510000000.0,220000000.0,,0.87,0.86,347113000.0,353755000.0,598000000.0,,1400000000.0,1243000000.0,,,147000000.0,3860000000.0,,4508000000.0,4497000000.0,2247000000.0,1358000000.0,16470000000.0,2953000000.0,450000000.0,67000000.0,3813000000.0,,672000000.0,,296000000.0,12725000000.0,5224000000.0,-800000000.0,3640000000.0,16470000000.0,529000000.0,,103000000.0,,,,,,,,1027000000.0,,,,,,616000000.0,,-50000000.0,-15000000.0,25000000.0,,-801000000.0,152000000.0,
2018-12-31,,,1798000000.0,32000000.0,478000000.0,10700000000.0,935000000.0,,633000000.0,185000000.0,,1.32,1.29,344796000.0,352321000.0,721000000.0,,1280000000.0,1271000000.0,759000000.0,,146000000.0,3940000000.0,,4542000000.0,4475000000.0,2188000000.0,1409000000.0,16554000000.0,3095000000.0,492000000.0,45000000.0,4095000000.0,,645000000.0,,287000000.0,12992000000.0,5341000000.0,-835000000.0,3458000000.0,16554000000.0,702000000.0,,35000000.0,17000000.0,248000000.0,,,592000000.0,,,1566000000.0,,,,,,816000000.0,,-71000000.0,-206000000.0,28000000.0,,-1040000000.0,269000000.0,143000000.0
2019-03-31,,,,,127000000.0,2564000000.0,221000000.0,,140000000.0,10000000.0,,0.35,0.34,334239000.0,342676000.0,603000000.0,,1426000000.0,1275000000.0,,,184000000.0,4399000000.0,,4360000000.0,4410000000.0,2137000000.0,1617000000.0,16923000000.0,2739000000.0,500000000.0,57000000.0,4035000000.0,,,,416000000.0,13274000000.0,5504000000.0,-789000000.0,3546000000.0,16923000000.0,170000000.0,,10000000.0,,,,,,,,-129000000.0,,,,,,154000000.0,,9000000.0,-163000000.0,-4000000.0,,225000000.0,-56000000.0,
2019-06-30,,,,,238000000.0,5274000000.0,528000000.0,,366000000.0,41000000.0,,0.94,0.92,333528000.0,342233000.0,764000000.0,,1511000000.0,1183000000.0,,,160000000.0,4533000000.0,,4385000000.0,4433000000.0,2104000000.0,1654000000.0,17109000000.0,2739000000.0,565000000.0,52000000.0,4134000000.0,,,,424000000.0,13545000000.0,5651000000.0,-797000000.0,3460000000.0,17109000000.0,341000000.0,,-7000000.0,,,,,,,,253000000.0,,,,,,275000000.0,,-11000000.0,-264000000.0,8000000.0,,107000000.0,108000000.0,
2019-09-30,,,,,328000000.0,8029000000.0,726000000.0,,485000000.0,73000000.0,,1.22,1.19,332726000.0,341702000.0,483000000.0,,1405000000.0,1180000000.0,,,209000000.0,3829000000.0,,4320000000.0,4371000000.0,2027000000.0,1690000000.0,16237000000.0,2658000000.0,498000000.0,57000000.0,3773000000.0,,,,391000000.0,12772000000.0,5694000000.0,-716000000.0,3365000000.0,16237000000.0,510000000.0,,-16000000.0,,,,,,,,656000000.0,,,,,,425000000.0,,-26000000.0,-449000000.0,16000000.0,,-418000000.0,-231000000.0,
2019-12-31,,,1775000000.0,44000000.0,417000000.0,10542000000.0,932000000.0,,608000000.0,71000000.0,,1.71,1.66,331102000.0,340121000.0,1798000000.0,,1186000000.0,1274000000.0,807000000.0,,181000000.0,4884000000.0,,4470000000.0,4419000000.0,2002000000.0,1585000000.0,17360000000.0,3136000000.0,676000000.0,87000000.0,5577000000.0,,,,380000000.0,14341000000.0,5803000000.0,-910000000.0,2949000000.0,17360000000.0,678000000.0,,-45000000.0,-49000000.0,45000000.0,,,72000000.0,,,1548000000.0,,,,,,598000000.0,,-16000000.0,-422000000.0,19000000.0,,-46000000.0,1078000000.0,128000000.0
2020-03-31,,,,,131000000.0,2630000000.0,155000000.0,,44000000.0,-4000000.0,,0.07,0.07,325346000.0,332326000.0,801000000.0,,1417000000.0,1354000000.0,,,224000000.0,4241000000.0,,4499000000.0,4270000000.0,1914000000.0,1621000000.0,16545000000.0,2613000000.0,632000000.0,88000000.0,4003000000.0,,,,384000000.0,13845000000.0,5777000000.0,-1139000000.0,2630000000.0,16545000000.0,169000000.0,,-36000000.0,,,,,,,,-708000000.0,,,,,,213000000.0,,4000000.0,-234000000.0,,,25000000.0,-995000000.0,
2020-06-30,,,,,242000000.0,5253000000.0,333000000.0,,155000000.0,23000000.0,,0.36,0.35,325994000.0,331884000.0,643000000.0,,1447000000.0,1388000000.0,,,169000000.0,4010000000.0,,4662000000.0,4314000000.0,1902000000.0,1722000000.0,16610000000.0,2699000000.0,629000000.0,76000000.0,4126000000.0,,,,369000000.0,13780000000.0,5822000000.0,-1068000000.0,2762000000.0,16610000000.0,339000000.0,,-50000000.0,,,,,,,,-232000000.0,,,,,,447000000.0,,-23000000.0,-441000000.0,,,-388000000.0,-1153000000.0,
2020-09-30,,,,,363000000.0,7972000000.0,707000000.0,,460000000.0,92000000.0,,1.1,1.08,326549000.0,332654000.0,771000000.0,,1418000000.0,1309000000.0,,,173000000.0,4025000000.0,,,4401000000.0,1897000000.0,1754000000.0,16972000000.0,2832000000.0,618000000.0,92000000.0,3764000000.0,,,,414000000.0,14019000000.0,6014000000.0,-1155000000.0,2886000000.0,16972000000.0,499000000.0,,-23000000.0,,,,,,,,345000000.0,,,,,69000000.0,683000000.0,,-18000000.0,-751000000.0,,,-521000000.0,-1023000000.0,
2020-12-31,,,,47000000.0,525000000.0,10778000000.0,1003000000.0,,687000000.0,99000000.0,,1.79,1.76,326260000.0,332815000.0,1366000000.0,,1344000000.0,1353000000.0,865000000.0,,218000000.0,4675000000.0,,,4484000000.0,1883000000.0,1859000000.0,18252000000.0,3430000000.0,650000000.0,108000000.0,4444000000.0,,,,441000000.0,14915000000.0,6192000000.0,-954000000.0,3275000000.0,18252000000.0,668000000.0,,17000000.0,135000000.0,64000000.0,,,66000000.0,,,1432000000.0,,,,,69000000.0,1113000000.0,,-18000000.0,-1181000000.0,-18000000.0,,-602000000.0,-425000000.0,157000000.0
2021-03-31,,,,,157000000.0,2825000000.0,300000000.0,,233000000.0,32000000.0,,0.61,0.6,327811000.0,333673000.0,461000000.0,,1640000000.0,1399000000.0,,,262000000.0,4237000000.0,,,4416000000.0,1813000000.0,1943000000.0,17979000000.0,3355000000.0,586000000.0,89000000.0,4984000000.0,,,,489000000.0,14425000000.0,6342000000.0,-897000000.0,3492000000.0,17979000000.0,168000000.0,,-2000000.0,,,,,,,,-477000000.0,,,,,,363000000.0,,-14000000.0,-348000000.0,,,-54000000.0,-910000000.0,
2021-06-30,,,,,323000000.0,5911000000.0,673000000.0,,540000000.0,148000000.0,,1.23,1.2,327718000.0,333615000.0,571000000.0,,2102000000.0,1490000000.0,,,348000000.0,5029000000.0,,,4448000000.0,1785000000.0,1969000000.0,19146000000.0,3961000000.0,851000000.0,244000000.0,5917000000.0,,,,494000000.0,15445000000.0,6496000000.0,-797000000.0,3639000000.0,19146000000.0,340000000.0,,73000000.0,,,,,,,,168000000.0,,,,,,757000000.0,,-20000000.0,-736000000.0,,,-222000000.0,-795000000.0,
2021-09-30,,,,,471000000.0,9226000000.0,911000000.0,,709000000.0,146000000.0,,1.78,1.75,327097000.0,332938000.0,1446000000.0,,1976000000.0,1638000000.0,,,344000000.0,5917000000.0,,,4407000000.0,1732000000.0,1906000000.0,20132000000.0,4210000000.0,795000000.0,226000000.0,6131000000.0,,,,486000000.0,16367000000.0,6611000000.0,-653000000.0,3704000000.0,20132000000.0,515000000.0,,34000000.0,,,,,,,,876000000.0,,,,,,1204000000.0,,11000000.0,-1104000000.0,,,327000000.0,77000000.0,
2021-12-31,,,,56000000.0,593000000.0,12520000000.0,1291000000.0,,1008000000.0,156000000.0,,2.69,2.65,325989000.0,331615000.0,563000000.0,,2022000000.0,1795000000.0,906000000.0,,305000000.0,5223000000.0,,,4378000000.0,1688000000.0,1923000000.0,19714000000.0,4759000000.0,830000000.0,272000000.0,5953000000.0,,,,484000000.0,16029000000.0,6843000000.0,-582000000.0,3627000000.0,19714000000.0,700000000.0,,35000000.0,863000000.0,464000000.0,,,1312000000.0,,,1760000000.0,,,,,,1726000000.0,,25000000.0,-1639000000.0,,,-894000000.0,-802000000.0,136000000.0
2022-03-31,,,,,186000000.0,3106000000.0,610000000.0,,541000000.0,100000000.0,,1.39,1.37,320904000.0,325916000.0,437000000.0,,2495000000.0,2323000000.0,,,418000000.0,6306000000.0,,,4324000000.0,1627000000.0,1986000000.0,20926000000.0,5026000000.0,891000000.0,234000000.0,6486000000.0,,,,494000000.0,16969000000.0,7224000000.0,-611000000.0,3898000000.0,20926000000.0,185000000.0,,48000000.0,,,,,,,,-804000000.0,,,,,,362000000.0,,-18000000.0,-46000000.0,,,715000000.0,-133000000.0,
2022-06-30,,,,,347000000.0,7347000000.0,503000000.0,,364000000.0,101000000.0,,0.85,0.84,318944000.0,323316000.0,480000000.0,,2546000000.0,2473000000.0,,,401000000.0,6493000000.0,,,4350000000.0,1474000000.0,1980000000.0,20926000000.0,4991000000.0,968000000.0,235000000.0,6483000000.0,,,,489000000.0,17393000000.0,6987000000.0,-346000000.0,3465000000.0,20926000000.0,353000000.0,,-32000000.0,,,,,,,,-398000000.0,,,,,,819000000.0,,-25000000.0,-496000000.0,,,834000000.0,-73000000.0,
2022-09-30,,,,,506000000.0,10775000000.0,1026000000.0,,808000000.0,139000000.0,,2.09,2.07,317296000.0,321222000.0,473000000.0,,2322000000.0,2201000000.0,,,261000000.0,5812000000.0,,,4119000000.0,1410000000.0,1974000000.0,20053000000.0,4527000000.0,898000000.0,213000000.0,6189000000.0,,,,479000000.0,16504000000.0,7316000000.0,-648000000.0,3479000000.0,20053000000.0,510000000.0,,-23000000.0,,,,,,,,-224000000.0,,,,,,1262000000.0,,-62000000.0,-452000000.0,,,623000000.0,-83000000.0,
2022-12-31,,,,55000000.0,626000000.0,14135000000.0,1214000000.0,,884000000.0,159000000.0,,2.27,2.25,316433000.0,320008000.0,548000000.0,,2107000000.0,2179000000.0,843000000.0,,168000000.0,5489000000.0,,,4235000000.0,1417000000.0,1715000000.0,19909000000.0,4383000000.0,981000000.0,316000000.0,7008000000.0,,,,447000000.0,16382000000.0,7309000000.0,-679000000.0,3461000000.0,19909000000.0,672000000.0,,-2000000.0,305000000.0,458000000.0,,,-83000000.0,,,301000000.0,,,,,,1651000000.0,,-106000000.0,-786000000.0,,,485000000.0,-21000000.0,143000000.0
2023-03-31,,,,,131000000.0,3162000000.0,327000000.0,,214000000.0,41000000.0,,0.56,0.56,314236000.0,316667000.0,572000000.0,,2072000000.0,2191000000.0,,,183000000.0,5507000000.0,,,4255000000.0,1389000000.0,1755000000.0,20109000000.0,3647000000.0,967000000.0,304000000.0,7220000000.0,,,,488000000.0,16401000000.0,7422000000.0,-637000000.0,3639000000.0,20109000000.0,166000000.0,,,,,,,,,,-275000000.0,,,,,,343000000.0,,-7000000.0,-336000000.0,,,649000000.0,36000000.0,
2023-06-30,,,,,296000000.0,6407000000.0,648000000.0,,420000000.0,77000000.0,,1.11,1.1,314561000.0,316867000.0,955000000.0,,1823000000.0,1982000000.0,,,207000000.0,5435000000.0,,,4269000000.0,1366000000.0,1821000000.0,20171000000.0,3433000000.0,981000000.0,267000000.0,6926000000.0,,,,469000000.0,16266000000.0,7533000000.0,-582000000.0,3836000000.0,20171000000.0,336000000.0,,-23000000.0,,,,,,,,361000000.0,,,,,,608000000.0,,-4000000.0,-604000000.0,,,644000000.0,410000000.0,
2023-09-30,,,,,428000000.0,9653000000.0,973000000.0,,623000000.0,79000000.0,,1.76,1.74,314983000.0,317296000.0,1335000000.0,,1660000000.0,1688000000.0,,,326000000.0,5408000000.0,,,4222000000.0,1315000000.0,1723000000.0,19932000000.0,3294000000.0,1003000000.0,307000000.0,6715000000.0,,,,468000000.0,15924000000.0,7673000000.0,-642000000.0,3938000000.0,19932000000.0,509000000.0,,-87000000.0,,,,,,,,1127000000.0,,,,,,830000000.0,,-4000000.0,-826000000.0,,,490000000.0,791000000.0,
2023-12-31,,,,55000000.0,558000000.0,12756000000.0,1273000000.0,,814000000.0,123000000.0,,2.25,2.23,314775000.0,317022000.0,695000000.0,,1946000000.0,1559000000.0,1199000000.0,,295000000.0,4883000000.0,,,4290000000.0,1309000000.0,1441000000.0,19303000000.0,3753000000.0,1034000000.0,337000000.0,6185000000.0,,,,458000000.0,15466000000.0,7763000000.0,-916000000.0,3769000000.0,19303000000.0,686000000.0,,-67000000.0,-238000000.0,-626000000.0,,,-510000000.0,,,1863000000.0,,,,,,1045000000.0,,8000000.0,-1053000000.0,,,-662000000.0,152000000.0,179000000.0
2024-03-31,,,,,211000000.0,2678000000.0,196000000.0,,101000000.0,27000000.0,,11.7,11.61,314950000.0,317385000.0,1719000000.0,,2585000000.0,1498000000.0,,,225000000.0,6524000000.0,,,4211000000.0,1199000000.0,1330000000.0,19898000000.0,3257000000.0,1589000000.0,99000000.0,5384000000.0,,,,382000000.0,12521000000.0,11386000000.0,-893000000.0,7308000000.0,19898000000.0,167000000.0,,176000000.0,,,,,,,,-1247000000.0,,,,,,154000000.0,,-24000000.0,5292000000.0,,,-2978000000.0,1015000000.0,
2024-06-30,,,,,376000000.0,,,,301000000.0,76000000.0,,12.31,12.21,312109000.0,314690000.0,1346000000.0,,2193000000.0,1426000000.0,,,229000000.0,5752000000.0,,,4190000000.0,1159000000.0,1313000000.0,18961000000.0,3174000000.0,1173000000.0,76000000.0,4889000000.0,,,,358000000.0,11978000000.0,11481000000.0,-921000000.0,6913000000.0,18961000000.0,319000000.0,,185000000.0,,,,,,,,-995000000.0,,,,,,260000000.0,,-42000000.0,5204000000.0,,,-3496000000.0,638000000.0,
2024-09-30,,,,,518000000.0,,,,528000000.0,118000000.0,,13.08,12.96,308851000.0,311674000.0,1440000000.0,,2195000000.0,1385000000.0,,,113000000.0,5607000000.0,,,4244000000.0,1138000000.0,1285000000.0,18824000000.0,3261000000.0,1103000000.0,84000000.0,5124000000.0,,,,370000000.0,12069000000.0,11618000000.0,-912000000.0,6683000000.0,18824000000.0,469000000.0,,201000000.0,,,,,,,,-385000000.0,,,,,,377000000.0,,-136000000.0,5181000000.0,,,-3998000000.0,734000000.0,
,,,,,,,,,,,,,,,,,,,,,,,,,,,,,,,,,,,,,,,,,,,,,,,,,,,,,,,,,,,,,,,,,,,
,,,,,,,,,,,,,,,,,,,,,,,,,,,,,,,,,,,,,,,,,,,,,,,,,,,,,,,,,,,,,,,,,,,
