Date,Net sales,Cost of sales,Gross margin,Research and development,"Selling, general and administrative",Total operating expenses,Operating income,"Other income/(expense), net",Income before provision for income taxes,Provision for income taxes,Net income,Earnings per share basic,Earnings per share diluted,Weighted-average basic,Weighted-average diluted,Cash and cash equivalents,Short-term marketable securities,"Accounts receivable, net",Inventories,Deferred tax assets,Vendor non-trade receivables,Other current assets,Total current assets,Long-term marketable securities,"Property, Plant and Equipment, Net",Goodwill,"Acquired intangible assets, net","Other Assets, Noncurrent",Total assets,accounts payable,Accrued expenses,Deferred revenue,Total current liabilities,Deferred revenue - non-current,deferred tax liabilities,long term taxes payable,Total other non-current liabilities,Total liabilities,Retained Earnings (Accumulated Deficit),Accumulated other comprehensive (loss)/income,Total shareholders equity,Total liabilities and shareholders' equity,"Depreciation, amortization and accretion",Stock-based compensation expense,Deferred income tax expense,"Increase (Decrease) in Accounts receivable, net",Increase (Decrease) in Inventories,Increase (Decrease) in Other Receivables,Increase (Decrease) in Other Operating Assets,Increase (Decrease) in Accounts Payable,Increase (Decrease) in Deferred Revenue,Increase (Decrease) Other liabilities,Cash generated by operating activities,Purchases of marketable securities,Proceeds from maturities of marketable securities,Proceeds from sales of marketable securities,Purchases of other long-term investments,"Business acquisitions, net of cash acquired",Cash payments for capital asset purchases,Payments for acquisition of intangible assets,Payments for (Proceeds from) Other Investing Activities,Cash used in investing activities,Proceeds from issuance of common stock,Excess tax benefits from stock-based compensation,Cash generated/used in financing activities,Increase/(decrease) in cash and cash equivalents,"Cash paid for income taxes, net"
2009-12-31,12562000000.0,6037000000.0,6525000000.0,917000000.0,2731000000.0,,,,2734000000.0,519000000.0,2205000000.0,3.63,3.59,607000000.0,614000000.0,2786000000.0,,,2557000000.0,226000000.0,,400000000.0,8271000000.0,,5159000000.0,1825000000.0,513000000.0,1586000000.0,17354000000.0,,,,4464000000.0,,,,2030000000.0,,7343000000.0,-1777000000.0,7191000000.0,17354000000.0,638000000.0,140000000.0,267000000.0,-167000000.0,-60000000.0,,,,,,2909000000.0,,,,,,1014000000.0,,-24000000.0,-1146000000.0,,,-1012000000.0,655000000.0,246000000.0
2010-03-31,2927000000.0,1884000000.0,1043000000.0,227000000.0,683000000.0,,,,112000000.0,172000000.0,-63000000.0,-0.11,-0.11,602000000.0,602000000.0,2673000000.0,,,2477000000.0,,,611000000.0,8015000000.0,,5064000000.0,2002000000.0,556000000.0,1529000000.0,17166000000.0,,,,4284000000.0,,,,2167000000.0,,7030000000.0,-2033000000.0,6429000000.0,17166000000.0,166000000.0,30000000.0,91000000.0,-33000000.0,-94000000.0,,,,,,279000000.0,,,,,,230000000.0,,,-464000000.0,,,119000000.0,-113000000.0,
2010-06-30,6121000000.0,3440000000.0,2681000000.0,446000000.0,1404000000.0,,,,782000000.0,305000000.0,535000000.0,0.9,0.9,597000000.0,602000000.0,2300000000.0,,,2384000000.0,,,619000000.0,7375000000.0,,4983000000.0,1956000000.0,522000000.0,1651000000.0,16487000000.0,,,,4085000000.0,,,,2149000000.0,,7376000000.0,-2348000000.0,5898000000.0,16487000000.0,335000000.0,63000000.0,120000000.0,38000000.0,119000000.0,,,,,,1062000000.0,,,,,,467000000.0,,,-721000000.0,,,-670000000.0,-486000000.0,
2010-09-30,9345000000.0,5005000000.0,4340000000.0,653000000.0,2074000000.0,,,,1423000000.0,422000000.0,997000000.0,1.68,1.67,593000000.0,597000000.0,2788000000.0,,,2500000000.0,,,647000000.0,8140000000.0,,5208000000.0,2027000000.0,518000000.0,1670000000.0,17563000000.0,,,,4199000000.0,,,,2241000000.0,,7717000000.0,-1971000000.0,6531000000.0,17563000000.0,506000000.0,92000000.0,169000000.0,27000000.0,94000000.0,,,,,,2068000000.0,,,,,,699000000.0,,,-973000000.0,,,-978000000.0,2000000.0,
2010-12-31,12843000000.0,6885000000.0,5958000000.0,915000000.0,2907000000.0,,,,1890000000.0,463000000.0,1420000000.0,2.41,2.39,590000000.0,594000000.0,2685000000.0,,,2371000000.0,709000000.0,,345000000.0,7989000000.0,,5260000000.0,2015000000.0,500000000.0,1725000000.0,17489000000.0,,,,4041000000.0,,,,2289000000.0,,7925000000.0,-2139000000.0,6567000000.0,17489000000.0,685000000.0,120000000.0,76000000.0,122000000.0,-20000000.0,,,,,,3003000000.0,,,,,,963000000.0,,-18000000.0,-1264000000.0,,,-1716000000.0,-101000000.0,
2011-03-31,3284000000.0,1609000000.0,1675000000.0,214000000.0,716000000.0,,,,731000000.0,154000000.0,570000000.0,0.99,0.98,577000000.0,581000000.0,2168000000.0,,,2517000000.0,,,677000000.0,7761000000.0,,5419000000.0,2060000000.0,500000000.0,1673000000.0,17413000000.0,,,,3889000000.0,,,,2202000000.0,,8316000000.0,-1875000000.0,6734000000.0,17413000000.0,158000000.0,28000000.0,91000000.0,68000000.0,61000000.0,,,,,,371000000.0,,,,,,198000000.0,,,-212000000.0,,,-688000000.0,-517000000.0,
2011-06-30,6820000000.0,3310000000.0,3510000000.0,453000000.0,1481000000.0,,,,1954000000.0,328000000.0,1185000000.0,2.07,2.05,573000000.0,578000000.0,2018000000.0,,,2648000000.0,,,,7809000000.0,,5481000000.0,2168000000.0,702000000.0,1581000000.0,17741000000.0,,,,4031000000.0,,,,2088000000.0,,8754000000.0,-1772000000.0,6997000000.0,17741000000.0,327000000.0,61000000.0,160000000.0,157000000.0,214000000.0,,,,,,1003000000.0,,,,,202000000.0,408000000.0,,,-504000000.0,,,-1186000000.0,-667000000.0,
2011-09-30,10299000000.0,5018000000.0,5281000000.0,692000000.0,2268000000.0,,,,2941000000.0,477000000.0,1761000000.0,3.08,3.06,571000000.0,575000000.0,2338000000.0,,,2621000000.0,,,,8002000000.0,,5426000000.0,2119000000.0,710000000.0,1586000000.0,17843000000.0,,,,4165000000.0,,,,2041000000.0,,9154000000.0,-2049000000.0,6952000000.0,17843000000.0,503000000.0,94000000.0,218000000.0,102000000.0,272000000.0,,,,,,1925000000.0,,,,,229000000.0,643000000.0,,,-766000000.0,,,-1492000000.0,-347000000.0,
2011-12-31,13893000000.0,6847000000.0,7046000000.0,946000000.0,3154000000.0,,,,2809000000.0,553000000.0,2224000000.0,3.91,3.88,569000000.0,573000000.0,2905000000.0,,,2628000000.0,564000000.0,,,8650000000.0,,5525000000.0,2317000000.0,826000000.0,1755000000.0,19073000000.0,,,,4857000000.0,,,,2639000000.0,,9429000000.0,-2591000000.0,6585000000.0,19073000000.0,670000000.0,119000000.0,172000000.0,229000000.0,315000000.0,,,,,,2817000000.0,,,,,590000000.0,960000000.0,,,-1427000000.0,,,-1137000000.0,220000000.0,
2012-03-31,3388000000.0,1674000000.0,1714000000.0,269000000.0,752000000.0,,,,908000000.0,144000000.0,588000000.0,1.05,1.04,559000000.0,563000000.0,2272000000.0,,,2737000000.0,,,,8117000000.0,,5637000000.0,2488000000.0,917000000.0,1625000000.0,18784000000.0,,,,4857000000.0,,,,2552000000.0,,9831000000.0,-2449000000.0,6725000000.0,18784000000.0,175000000.0,28000000.0,54000000.0,-24000000.0,72000000.0,,,,,,413000000.0,,,,,304000000.0,239000000.0,,-43000000.0,-500000000.0,,,-548000000.0,-633000000.0,
2012-06-30,6960000000.0,3374000000.0,3586000000.0,575000000.0,1541000000.0,,,,1894000000.0,300000000.0,1249000000.0,2.25,2.24,554000000.0,558000000.0,2353000000.0,,,2730000000.0,,,,8048000000.0,,5623000000.0,2467000000.0,887000000.0,1421000000.0,18446000000.0,,,,4870000000.0,,,,2532000000.0,,10306000000.0,-2737000000.0,6551000000.0,18446000000.0,355000000.0,63000000.0,119000000.0,-114000000.0,100000000.0,,,,,,1356000000.0,,,,,321000000.0,503000000.0,,,-750000000.0,,,-1124000000.0,-552000000.0,
2012-09-30,10437000000.0,5041000000.0,5396000000.0,865000000.0,2284000000.0,,,,2819000000.0,483000000.0,1832000000.0,3.32,3.29,552000000.0,556000000.0,3191000000.0,,,2831000000.0,,,,9105000000.0,,5862000000.0,2498000000.0,867000000.0,1493000000.0,19825000000.0,,,,4458000000.0,,,,2563000000.0,,10642000000.0,-2549000000.0,7129000000.0,19825000000.0,534000000.0,97000000.0,197000000.0,-72000000.0,136000000.0,,,,,,2161000000.0,,,,,495000000.0,762000000.0,,,-1171000000.0,,,-664000000.0,286000000.0,
2012-12-31,14190000000.0,6889000000.0,7301000000.0,1156000000.0,3324000000.0,,,,2889000000.0,563000000.0,2326000000.0,4.22,4.18,551000000.0,556000000.0,3270000000.0,,,2803000000.0,524000000.0,,,9260000000.0,,6098000000.0,2502000000.0,814000000.0,1716000000.0,20390000000.0,,,,4759000000.0,,,,3073000000.0,,10888000000.0,-2810000000.0,6938000000.0,20390000000.0,712000000.0,130000000.0,-17000000.0,41000000.0,129000000.0,,,,,,3106000000.0,,,,,515000000.0,1161000000.0,,,-1569000000.0,,,-1115000000.0,365000000.0,415000000.0
2013-03-31,3448000000.0,1692000000.0,1756000000.0,246000000.0,795000000.0,,,,912000000.0,141000000.0,552000000.0,1.01,1.0,545000000.0,551000000.0,2689000000.0,,,2963000000.0,,,,8814000000.0,,6205000000.0,2506000000.0,1131000000.0,1662000000.0,20318000000.0,,,,4778000000.0,,,,3382000000.0,,11194000000.0,-2757000000.0,6961000000.0,20318000000.0,183000000.0,32000000.0,38000000.0,-85000000.0,181000000.0,,,,,,386000000.0,,,,,67000000.0,292000000.0,,-10000000.0,-349000000.0,,,-600000000.0,-581000000.0,
2013-06-30,7117000000.0,3422000000.0,3695000000.0,519000000.0,1633000000.0,,,,1931000000.0,294000000.0,1142000000.0,2.1,2.07,543000000.0,550000000.0,5989000000.0,,,3069000000.0,,,,12185000000.0,,6361000000.0,2498000000.0,1053000000.0,1654000000.0,23751000000.0,,,,4516000000.0,,,,3296000000.0,,11517000000.0,-2765000000.0,7282000000.0,23751000000.0,366000000.0,72000000.0,-63000000.0,-12000000.0,306000000.0,,,,,,1149000000.0,,,,,87000000.0,639000000.0,,-10000000.0,-716000000.0,,,2295000000.0,2719000000.0,
2013-09-30,10891000000.0,5250000000.0,5641000000.0,809000000.0,2617000000.0,,,,2889000000.0,432000000.0,1686000000.0,3.1,3.06,543000000.0,550000000.0,2376000000.0,,,3581000000.0,,,,9597000000.0,,7518000000.0,3780000000.0,2682000000.0,1673000000.0,25250000000.0,,,,4996000000.0,,,,3856000000.0,,11792000000.0,-2600000000.0,7749000000.0,25250000000.0,573000000.0,111000000.0,85000000.0,-70000000.0,412000000.0,,,,,,2115000000.0,,,,,3772000000.0,1037000000.0,,-14000000.0,-4795000000.0,,,1795000000.0,-894000000.0,
2013-12-31,15259000000.0,7664000000.0,7595000000.0,1246000000.0,3681000000.0,,,,2549000000.0,537000000.0,2012000000.0,3.7,3.66,543000000.0,549000000.0,2733000000.0,,,3499000000.0,270000000.0,,,10004000000.0,,7832000000.0,4205000000.0,2294000000.0,1534000000.0,25869000000.0,,,,5906000000.0,,,,3351000000.0,,11852000000.0,-1976000000.0,8463000000.0,25869000000.0,823000000.0,150000000.0,-224000000.0,36000000.0,311000000.0,,,,,,3198000000.0,,,,,3851000000.0,1525000000.0,,,-5362000000.0,,,1645000000.0,-537000000.0,648000000.0
2014-03-31,3951000000.0,1990000000.0,1961000000.0,313000000.0,920000000.0,,,,890000000.0,153000000.0,,1.02,1.01,542000000.0,548000000.0,2049000000.0,,,3748000000.0,,,,9388000000.0,,7962000000.0,4227000000.0,2268000000.0,1416000000.0,25261000000.0,,,,5645000000.0,,,,3406000000.0,,12142000000.0,-1946000000.0,8671000000.0,25261000000.0,236000000.0,31000000.0,-17000000.0,-233000000.0,233000000.0,,,,,,559000000.0,,,,,59000000.0,421000000.0,,,-384000000.0,,,-852000000.0,-684000000.0,
2014-06-30,8215000000.0,4213000000.0,4002000000.0,638000000.0,1918000000.0,,,,1728000000.0,294000000.0,,1.98,1.96,542000000.0,548000000.0,1866000000.0,,,3836000000.0,,,,9487000000.0,,8152000000.0,4226000000.0,2329000000.0,1435000000.0,25629000000.0,,,,5795000000.0,,,,3619000000.0,,12378000000.0,-2145000000.0,8662000000.0,25629000000.0,489000000.0,72000000.0,-31000000.0,-3000000.0,360000000.0,,,,,,1158000000.0,,,,,176000000.0,844000000.0,,,-926000000.0,,,-1072000000.0,-867000000.0,
2014-09-30,12199000000.0,6266000000.0,5933000000.0,1086000000.0,2938000000.0,,,,2431000000.0,419000000.0,,2.85,2.82,542000000.0,548000000.0,2078000000.0,,,3704000000.0,,,,9631000000.0,,8448000000.0,4016000000.0,2185000000.0,1283000000.0,25563000000.0,,,,5990000000.0,,,,3394000000.0,,12563000000.0,-2654000000.0,8404000000.0,25563000000.0,747000000.0,115000000.0,35000000.0,35000000.0,468000000.0,,,,,,2072000000.0,,,,,323000000.0,1325000000.0,,,-1545000000.0,,,-1127000000.0,-655000000.0,
2014-12-31,16671000000.0,8514000000.0,8157000000.0,1421000000.0,4029000000.0,,,,2439000000.0,493000000.0,2497000000.0,4.61,4.56,542000000.0,547000000.0,2925000000.0,,,3559000000.0,553000000.0,,,10351000000.0,,8698000000.0,3874000000.0,2079000000.0,915000000.0,25917000000.0,,,,6042000000.0,,,,4113000000.0,,13227000000.0,-3650000000.0,8120000000.0,25917000000.0,1005000000.0,159000000.0,-78000000.0,125000000.0,439000000.0,,,,,,3215000000.0,,,,,409000000.0,1898000000.0,,,-1542000000.0,,,-1402000000.0,192000000.0,726000000.0
2015-03-31,3764000000.0,1963000000.0,1801000000.0,300000000.0,1015000000.0,,,,530000000.0,110000000.0,430000000.0,0.79,0.78,543000000.0,548000000.0,2530000000.0,,,3501000000.0,,,,9734000000.0,,8492000000.0,3694000000.0,2068000000.0,873000000.0,24861000000.0,,,,6074000000.0,,,,3819000000.0,,13352000000.0,-4709000000.0,7258000000.0,24861000000.0,247000000.0,39000000.0,46000000.0,-12000000.0,207000000.0,,,,,,96000000.0,,,,,235000000.0,521000000.0,,,-770000000.0,,,384000000.0,-395000000.0,
2015-06-30,7657000000.0,3936000000.0,3721000000.0,688000000.0,2112000000.0,,,,998000000.0,242000000.0,762000000.0,1.4,1.39,544000000.0,549000000.0,6680000000.0,,,3842000000.0,,,,14497000000.0,,8967000000.0,3792000000.0,2084000000.0,675000000.0,30015000000.0,,,,6312000000.0,,,,3628000000.0,,13389000000.0,-4146000000.0,7988000000.0,30015000000.0,497000000.0,87000000.0,51000000.0,98000000.0,439000000.0,,,,,,792000000.0,,,,,341000000.0,1021000000.0,,,-1360000000.0,,,4456000000.0,3755000000.0,
2015-09-30,7365000000.0,4291000000.0,3074000000.0,442000000.0,2361000000.0,,271000000.0,,223000000.0,-35000000.0,763000000.0,1.4,1.39,546000000.0,549000000.0,1970000000.0,,,1696000000.0,,,,11138000000.0,,4338000000.0,2720000000.0,1408000000.0,568000000.0,20172000000.0,,,,5981000000.0,,,,2555000000.0,,9578000000.0,-617000000.0,7824000000.0,20172000000.0,593000000.0,96000000.0,63000000.0,-5000000.0,205000000.0,,,,,,923000000.0,,,,,27000000.0,658000000.0,14000000.0,,-1575000000.0,,,-129000000.0,-955000000.0,
2015-12-31,9968000000.0,5822000000.0,4146000000.0,603000000.0,3094000000.0,,449000000.0,,428000000.0,35000000.0,968000000.0,1.78,1.76,545000000.0,549000000.0,2213000000.0,,,1604000000.0,159000000.0,,435000000.0,11796000000.0,,4386000000.0,2687000000.0,1349000000.0,757000000.0,20975000000.0,,,,5750000000.0,,195000000.0,,2425000000.0,,9683000000.0,224000000.0,8846000000.0,20975000000.0,759000000.0,126000000.0,-53000000.0,4000000.0,118000000.0,,,,,,1647000000.0,,,,,34000000.0,911000000.0,,,-1807000000.0,,,-357000000.0,-712000000.0,466000000.0
2016-03-31,2375000000.0,1410000000.0,965000000.0,136000000.0,641000000.0,,188000000.0,,3329000000.0,-58000000.0,3380000000.0,6.16,6.12,549000000.0,552000000.0,2211000000.0,,,1682000000.0,,,,8017000000.0,,4403000000.0,2727000000.0,1359000000.0,844000000.0,17350000000.0,,,,3823000000.0,,,,2439000000.0,,12923000000.0,-3035000000.0,9019000000.0,17350000000.0,189000000.0,23000000.0,,-16000000.0,26000000.0,,,,,,-333000000.0,,,,,33000000.0,184000000.0,23000000.0,,-201000000.0,,,510000000.0,-2000000.0,429000000.0
2016-06-30,4960000000.0,3023000000.0,1937000000.0,331000000.0,1350000000.0,,256000000.0,,4547000000.0,-52000000.0,4592000000.0,8.38,8.32,548000000.0,553000000.0,2630000000.0,,,1591000000.0,,,,6823000000.0,,4329000000.0,2658000000.0,1254000000.0,918000000.0,15982000000.0,,,,3723000000.0,,,,1655000000.0,,14037000000.0,-4204000000.0,8509000000.0,15982000000.0,395000000.0,54000000.0,,38000000.0,25000000.0,,,,,,442000000.0,,,,,42000000.0,352000000.0,,,-370000000.0,,,328000000.0,417000000.0,345000000.0
2016-09-30,7518000000.0,4510000000.0,3008000000.0,490000000.0,2076000000.0,,442000000.0,,4675000000.0,-51000000.0,4722000000.0,8.63,8.55,547000000.0,552000000.0,2597000000.0,,,1568000000.0,,,,6589000000.0,,4327000000.0,2679000000.0,1180000000.0,1020000000.0,15795000000.0,,,,2606000000.0,,,,1691000000.0,,14049000000.0,-4172000000.0,8677000000.0,15795000000.0,599000000.0,84000000.0,,-22000000.0,11000000.0,,,,,,941000000.0,,,,,47000000.0,519000000.0,,,-536000000.0,,,-44000000.0,384000000.0,453000000.0
2016-12-31,10163000000.0,6053000000.0,4110000000.0,647000000.0,2739000000.0,,724000000.0,,4954000000.0,-12000000.0,4965000000.0,9.09,9.01,546000000.0,551000000.0,2801000000.0,,,1430000000.0,536000000.0,,341000000.0,6574000000.0,,4289000000.0,2595000000.0,1111000000.0,977000000.0,15546000000.0,,,,2744000000.0,,93000000.0,,1743000000.0,,14200000000.0,-4556000000.0,8290000000.0,15546000000.0,,115000000.0,-301000000.0,-15000000.0,-80000000.0,,,,,,1654000000.0,,,,,48000000.0,719000000.0,,,-715000000.0,,,-324000000.0,588000000.0,500000000.0
2017-03-31,2475000000.0,1433000000.0,1042000000.0,128000000.0,570000000.0,,344000000.0,,328000000.0,55000000.0,272000000.0,0.5,0.49,541000000.0,551000000.0,2858000000.0,,,1480000000.0,,,,6633000000.0,,4274000000.0,2633000000.0,1091000000.0,1028000000.0,15659000000.0,,,,2438000000.0,,,,1762000000.0,,14323000000.0,-4418000000.0,8686000000.0,15659000000.0,194000000.0,18000000.0,,-78000000.0,29000000.0,,,,,,189000000.0,,,,,6000000.0,123000000.0,,,-117000000.0,,,-37000000.0,57000000.0,
2017-06-30,5080000000.0,2908000000.0,2172000000.0,284000000.0,1205000000.0,,683000000.0,,634000000.0,97000000.0,537000000.0,0.99,0.97,544000000.0,555000000.0,3817000000.0,,,1525000000.0,,,,7704000000.0,,4337000000.0,2746000000.0,1109000000.0,1067000000.0,16963000000.0,,,,2558000000.0,,,,1786000000.0,,14480000000.0,-4176000000.0,9175000000.0,16963000000.0,378000000.0,46000000.0,,-43000000.0,38000000.0,,,,,,718000000.0,,,,,36000000.0,279000000.0,,,-313000000.0,,,566000000.0,1016000000.0,
2017-09-30,7787000000.0,4487000000.0,3300000000.0,435000000.0,1890000000.0,,975000000.0,,924000000.0,139000000.0,788000000.0,1.45,1.42,545000000.0,557000000.0,3517000000.0,,,1550000000.0,,,,7448000000.0,,4488000000.0,3117000000.0,1371000000.0,1117000000.0,17541000000.0,,,,2662000000.0,,,,1925000000.0,,14615000000.0,-3994000000.0,9466000000.0,17541000000.0,562000000.0,77000000.0,,-32000000.0,,,,,,,1323000000.0,,,,,680000000.0,410000000.0,,,-1088000000.0,,,391000000.0,716000000.0,
2017-12-31,10561000000.0,6099000000.0,4462000000.0,617000000.0,2587000000.0,,1258000000.0,,1217000000.0,493000000.0,717000000.0,1.32,1.29,543000000.0,555000000.0,3394000000.0,,,1475000000.0,128000000.0,,368000000.0,7263000000.0,,4588000000.0,3099000000.0,1374000000.0,787000000.0,17111000000.0,,,,2821000000.0,,280000000.0,,1665000000.0,,14483000000.0,-4001000000.0,9124000000.0,17111000000.0,761000000.0,107000000.0,194000000.0,-30000000.0,-76000000.0,,,,,,1837000000.0,,,,,686000000.0,634000000.0,,,-1310000000.0,,,61000000.0,593000000.0,255000000.0
2018-03-31,2677000000.0,1563000000.0,1114000000.0,140000000.0,622000000.0,,432000000.0,,438000000.0,49000000.0,389000000.0,0.72,0.71,539000000.0,551000000.0,2947000000.0,,,1581000000.0,,,,6956000000.0,,4614000000.0,3107000000.0,1507000000.0,706000000.0,16890000000.0,,,,2642000000.0,,,,1605000000.0,,14734000000.0,-3876000000.0,9099000000.0,16890000000.0,192000000.0,20000000.0,,-76000000.0,56000000.0,,,,,,447000000.0,,,,,219000000.0,155000000.0,,,-374000000.0,,,-545000000.0,-447000000.0,
2018-06-30,5519000000.0,3166000000.0,2353000000.0,314000000.0,1303000000.0,,816000000.0,,842000000.0,110000000.0,732000000.0,1.36,1.33,537000000.0,549000000.0,2857000000.0,,,1622000000.0,,,,6890000000.0,,4531000000.0,2984000000.0,1427000000.0,746000000.0,16578000000.0,,,,2629000000.0,,,,1585000000.0,,14966000000.0,-4199000000.0,8881000000.0,16578000000.0,387000000.0,54000000.0,,-43000000.0,134000000.0,,,,,,852000000.0,,,,,228000000.0,311000000.0,,,-539000000.0,,,-808000000.0,-537000000.0,
2018-09-30,8286000000.0,4697000000.0,3589000000.0,480000000.0,1988000000.0,,1201000000.0,,1248000000.0,-138000000.0,1276000000.0,2.38,2.33,536000000.0,548000000.0,2860000000.0,,,1718000000.0,,,,7028000000.0,,4520000000.0,2980000000.0,1402000000.0,917000000.0,16847000000.0,,,,2704000000.0,,,,1545000000.0,,15394000000.0,-4239000000.0,9130000000.0,16847000000.0,594000000.0,87000000.0,,16000000.0,236000000.0,,,,,,1341000000.0,,,,,255000000.0,468000000.0,,,-715000000.0,,,-1095000000.0,-534000000.0,
2018-12-31,11127000000.0,6346000000.0,4781000000.0,655000000.0,2617000000.0,,1599000000.0,,1693000000.0,63000000.0,1624000000.0,3.04,2.97,534000000.0,546000000.0,1832000000.0,,,1653000000.0,256000000.0,,413000000.0,5919000000.0,,4542000000.0,2958000000.0,1398000000.0,824000000.0,15641000000.0,,,,2836000000.0,,205000000.0,,1516000000.0,7825000000.0,15626000000.0,-4424000000.0,7794000000.0,15641000000.0,785000000.0,115000000.0,-267000000.0,12000000.0,197000000.0,,,,,,2096000000.0,,,,,268000000.0,681000000.0,,,-938000000.0,,,-2603000000.0,-1562000000.0,
2019-03-31,2632000000.0,1552000000.0,1080000000.0,129000000.0,600000000.0,,384000000.0,,391000000.0,44000000.0,347000000.0,0.68,0.66,512000000.0,522000000.0,1908000000.0,,,1751000000.0,,,,6087000000.0,,4539000000.0,2930000000.0,1441000000.0,836000000.0,16350000000.0,,,,3327000000.0,,,,1483000000.0,8681000000.0,15970000000.0,-4562000000.0,7646000000.0,16350000000.0,195000000.0,22000000.0,,-32000000.0,82000000.0,,,,,,142000000.0,,,,,109000000.0,198000000.0,,-1000000.0,-306000000.0,,,238000000.0,76000000.0,
2019-06-30,5472000000.0,3233000000.0,2239000000.0,295000000.0,1242000000.0,,739000000.0,,754000000.0,64000000.0,690000000.0,1.35,1.33,511000000.0,520000000.0,2925000000.0,,,1757000000.0,,,,7218000000.0,,4541000000.0,2938000000.0,1364000000.0,895000000.0,17544000000.0,,,,2597000000.0,,,,1464000000.0,9708000000.0,16184000000.0,-4639000000.0,7812000000.0,17544000000.0,393000000.0,57000000.0,,60000000.0,91000000.0,,,,,,611000000.0,,,,,111000000.0,352000000.0,,-1000000.0,-462000000.0,,,968000000.0,1093000000.0,
2019-09-30,8323000000.0,4860000000.0,3463000000.0,439000000.0,1869000000.0,,1236000000.0,,1193000000.0,163000000.0,1024000000.0,2.01,1.97,511000000.0,520000000.0,3009000000.0,,,1715000000.0,,,,7210000000.0,,4406000000.0,2847000000.0,1365000000.0,882000000.0,17299000000.0,,,,2611000000.0,,,,1514000000.0,9682000000.0,15849000000.0,-4288000000.0,7588000000.0,17299000000.0,580000000.0,92000000.0,,23000000.0,88000000.0,,,,,,1275000000.0,,,,,186000000.0,505000000.0,,-12000000.0,-679000000.0,,,614000000.0,1171000000.0,
2019-12-31,11362000000.0,6601000000.0,4761000000.0,595000000.0,2535000000.0,,1772000000.0,,970000000.0,-41000000.0,1001000000.0,1.97,1.93,509000000.0,519000000.0,3335000000.0,,1896000000.0,1653000000.0,429000000.0,,389000000.0,7503000000.0,,4512000000.0,3030000000.0,1471000000.0,1069000000.0,18193000000.0,,,,3230000000.0,,192000000.0,85000000.0,1732000000.0,10281000000.0,15718000000.0,-3710000000.0,7882000000.0,18193000000.0,789000000.0,122000000.0,-310000000.0,65000000.0,-4000000.0,,,,,,2104000000.0,,,,,418000000.0,696000000.0,,,-1100000000.0,,,498000000.0,1497000000.0,
2020-03-31,2802000000.0,1639000000.0,1163000000.0,146000000.0,628000000.0,,409000000.0,,378000000.0,45000000.0,332000000.0,0.65,0.64,507000000.0,516000000.0,4110000000.0,,,1694000000.0,,,,8333000000.0,,4340000000.0,2961000000.0,1759000000.0,1105000000.0,19075000000.0,,,,3036000000.0,,,,1827000000.0,11345000000.0,15935000000.0,-4177000000.0,7699000000.0,19075000000.0,199000000.0,29000000.0,,60000000.0,83000000.0,,,,,,272000000.0,,,,,443000000.0,172000000.0,,-11000000.0,-604000000.0,,,1170000000.0,775000000.0,
2020-06-30,5520000000.0,3319000000.0,2201000000.0,263000000.0,1218000000.0,,740000000.0,,667000000.0,87000000.0,578000000.0,1.14,1.12,509000000.0,517000000.0,4100000000.0,,,1905000000.0,,,,8566000000.0,,4382000000.0,3052000000.0,1716000000.0,1168000000.0,19465000000.0,,,,2880000000.0,,,,1882000000.0,11305000000.0,16055000000.0,-3988000000.0,8128000000.0,19465000000.0,401000000.0,64000000.0,,25000000.0,261000000.0,,,,,,646000000.0,,,,,453000000.0,316000000.0,,-11000000.0,-758000000.0,,,909000000.0,759000000.0,
2020-09-30,8492000000.0,5096000000.0,3396000000.0,386000000.0,1819000000.0,,1210000000.0,,1082000000.0,143000000.0,934000000.0,1.83,1.81,511000000.0,518000000.0,4400000000.0,,,1988000000.0,,,,9033000000.0,,4460000000.0,3094000000.0,1678000000.0,1255000000.0,20098000000.0,,,,3422000000.0,,,,1824000000.0,11496000000.0,16285000000.0,-3839000000.0,8567000000.0,20098000000.0,610000000.0,97000000.0,,126000000.0,305000000.0,,,,,,1156000000.0,,,,,466000000.0,472000000.0,,-23000000.0,-915000000.0,,,798000000.0,1031000000.0,
2020-12-31,11673000000.0,7086000000.0,4587000000.0,521000000.0,2469000000.0,,1616000000.0,,1292000000.0,182000000.0,1102000000.0,2.17,2.13,509000000.0,517000000.0,3730000000.0,,2077000000.0,1916000000.0,605000000.0,,342000000.0,8411000000.0,,4722000000.0,3217000000.0,1671000000.0,1395000000.0,20019000000.0,,,,3333000000.0,,,135000000.0,1673000000.0,11293000000.0,16328000000.0,-3314000000.0,8689000000.0,20019000000.0,823000000.0,130000000.0,-88000000.0,126000000.0,162000000.0,,,,,,1868000000.0,,,,,494000000.0,709000000.0,,,-1179000000.0,,,-345000000.0,401000000.0,
2021-03-31,2946000000.0,1801000000.0,1145000000.0,128000000.0,627000000.0,,390000000.0,,351000000.0,51000000.0,298000000.0,0.59,0.58,505000000.0,511000000.0,3200000000.0,,,2017000000.0,,,,7856000000.0,,4614000000.0,3111000000.0,1962000000.0,1356000000.0,19466000000.0,1023000000.0,1757000000.0,,3187000000.0,,,,1636000000.0,10976000000.0,16502000000.0,-3480000000.0,8452000000.0,19466000000.0,217000000.0,22000000.0,,-51000000.0,129000000.0,,,22000000.0,,,377000000.0,,,,,381000000.0,171000000.0,,-14000000.0,-538000000.0,,,-358000000.0,-550000000.0,
2021-06-30,6044000000.0,3666000000.0,2378000000.0,267000000.0,1302000000.0,,814000000.0,,743000000.0,142000000.0,596000000.0,1.18,1.17,504000000.0,510000000.0,3136000000.0,,,2065000000.0,,,,8004000000.0,,4649000000.0,3148000000.0,1910000000.0,1404000000.0,19682000000.0,1005000000.0,1882000000.0,,3344000000.0,,,,1624000000.0,11147000000.0,16658000000.0,-3376000000.0,8494000000.0,19682000000.0,439000000.0,59000000.0,,42000000.0,155000000.0,,,-9000000.0,,,854000000.0,,,,,417000000.0,329000000.0,,-20000000.0,-726000000.0,,,-707000000.0,-596000000.0,
2021-09-30,9270000000.0,5571000000.0,3699000000.0,396000000.0,1982000000.0,,1327000000.0,,1194000000.0,141000000.0,1046000000.0,2.08,2.06,503000000.0,509000000.0,3300000000.0,,,2025000000.0,,,,8167000000.0,,4582000000.0,3098000000.0,1876000000.0,1503000000.0,19807000000.0,999000000.0,1932000000.0,,3441000000.0,,,,1621000000.0,10992000000.0,16967000000.0,-3482000000.0,8770000000.0,19807000000.0,645000000.0,93000000.0,,128000000.0,149000000.0,,,14000000.0,,,1529000000.0,,,,,463000000.0,508000000.0,,-38000000.0,-933000000.0,,,-1031000000.0,-475000000.0,
2021-12-31,12784000000.0,7679000000.0,5105000000.0,534000000.0,2867000000.0,,1710000000.0,,1477000000.0,182000000.0,1284000000.0,2.56,2.53,502000000.0,508000000.0,2951000000.0,,2629000000.0,2453000000.0,1462000000.0,,390000000.0,8872000000.0,,5178000000.0,9836000000.0,7792000000.0,1213000000.0,33521000000.0,1246000000.0,2479000000.0,162000000.0,4236000000.0,,,90000000.0,2493000000.0,24400000000.0,17065000000.0,-3380000000.0,9077000000.0,33521000000.0,890000000.0,146000000.0,-146000000.0,170000000.0,37000000.0,,,104000000.0,,,2222000000.0,,,,,10502000000.0,743000000.0,,,-11200000000.0,,,8245000000.0,-780000000.0,
2022-03-31,3707000000.0,2359000000.0,1348000000.0,150000000.0,1052000000.0,,163000000.0,,94000000.0,21000000.0,71000000.0,0.14,0.14,503000000.0,509000000.0,2300000000.0,,,2548000000.0,,,,8173000000.0,,5114000000.0,9816000000.0,7693000000.0,1311000000.0,32716000000.0,1223000000.0,2258000000.0,,3890000000.0,,,,2434000000.0,23597000000.0,16994000000.0,-3387000000.0,9075000000.0,32716000000.0,380000000.0,32000000.0,,-153000000.0,105000000.0,,,5000000.0,,,208000000.0,,,,,174000000.0,140000000.0,,-10000000.0,-304000000.0,,,-548000000.0,-657000000.0,
2022-06-30,7453000000.0,4652000000.0,2801000000.0,298000000.0,2028000000.0,,503000000.0,,389000000.0,61000000.0,323000000.0,0.64,0.64,504000000.0,508000000.0,1900000000.0,,,2663000000.0,,,,7882000000.0,,4976000000.0,9644000000.0,7459000000.0,1304000000.0,31831000000.0,1282000000.0,2226000000.0,,3916000000.0,,,,2264000000.0,22928000000.0,17099000000.0,-3767000000.0,8859000000.0,31831000000.0,735000000.0,77000000.0,,-43000000.0,308000000.0,,,91000000.0,,,482000000.0,,,,,190000000.0,311000000.0,,-10000000.0,-491000000.0,,,-1017000000.0,-1100000000.0,
2022-09-30,11226000000.0,7292000000.0,3934000000.0,450000000.0,2975000000.0,,-2799000000.0,,-2966000000.0,-32000000.0,-2937000000.0,-5.83,-5.83,504000000.0,504000000.0,1601000000.0,,2555000000.0,2675000000.0,,,,7810000000.0,,4799000000.0,6639000000.0,6927000000.0,1244000000.0,27965000000.0,1234000000.0,2195000000.0,,3708000000.0,,,,2071000000.0,22386000000.0,14015000000.0,-4054000000.0,5535000000.0,27965000000.0,1069000000.0,122000000.0,,116000000.0,410000000.0,,,84000000.0,,,772000000.0,,,,,206000000.0,479000000.0,,-10000000.0,-675000000.0,,,-1319000000.0,-1352000000.0,
2022-12-31,15113000000.0,9716000000.0,5397000000.0,605000000.0,3887000000.0,,-1943000000.0,,-2353000000.0,68000000.0,-2433000000.0,-4.83,-4.83,504000000.0,504000000.0,1718000000.0,,2659000000.0,2718000000.0,1280000000.0,,399000000.0,8011000000.0,,4979000000.0,6843000000.0,6793000000.0,1111000000.0,28287000000.0,1139000000.0,2202000000.0,164000000.0,4745000000.0,,,,1959000000.0,22392000000.0,14050000000.0,-3833000000.0,5833000000.0,28287000000.0,1403000000.0,154000000.0,-225000000.0,146000000.0,361000000.0,,,-76000000.0,,,1211000000.0,,,,,263000000.0,679000000.0,,,-931000000.0,,,-1438000000.0,-1234000000.0,
2023-03-31,3649000000.0,2302000000.0,1347000000.0,164000000.0,1010000000.0,,186000000.0,,70000000.0,25000000.0,44000000.0,0.09,0.09,505000000.0,507000000.0,1700000000.0,,2547000000.0,2922000000.0,,,,8099000000.0,,5000000000.0,6868000000.0,6640000000.0,1130000000.0,28291000000.0,1290000000.0,2317000000.0,,4760000000.0,,,,1854000000.0,22350000000.0,13947000000.0,-3739000000.0,5879000000.0,28291000000.0,319000000.0,25000000.0,,-136000000.0,181000000.0,,,157000000.0,,,479000000.0,,,,,3000000.0,172000000.0,,-5000000.0,-170000000.0,,,-372000000.0,-45000000.0,
2023-06-30,7220000000.0,4834000000.0,2386000000.0,329000000.0,1959000000.0,,112000000.0,,-183000000.0,24000000.0,-141000000.0,-0.28,-0.28,506000000.0,506000000.0,1722000000.0,,2495000000.0,2897000000.0,,,,8205000000.0,,4494000000.0,6418000000.0,6470000000.0,1067000000.0,27885000000.0,1240000000.0,2278000000.0,,5765000000.0,,,,1622000000.0,22254000000.0,13655000000.0,-3814000000.0,5569000000.0,27885000000.0,628000000.0,62000000.0,,-102000000.0,209000000.0,,,157000000.0,,,830000000.0,,,,,3000000.0,328000000.0,,-5000000.0,-343000000.0,,,-492000000.0,4000000.0,
2023-09-30,10928000000.0,7425000000.0,3503000000.0,495000000.0,2961000000.0,,61000000.0,,-341000000.0,-223000000.0,2508000000.0,4.95,4.93,507000000.0,509000000.0,5790000000.0,,2512000000.0,2873000000.0,,,,12034000000.0,,4278000000.0,6407000000.0,6230000000.0,1188000000.0,30656000000.0,1246000000.0,2537000000.0,,6209000000.0,,,,1778000000.0,22490000000.0,16015000000.0,-3716000000.0,8101000000.0,30656000000.0,939000000.0,103000000.0,,-55000000.0,216000000.0,,,136000000.0,,,1195000000.0,,,,,6000000.0,502000000.0,,-19000000.0,3443000000.0,,,-554000000.0,4070000000.0,
2023-12-31,14813000000.0,9838000000.0,4975000000.0,667000000.0,3946000000.0,,390000000.0,,-103000000.0,-34000000.0,2656000000.0,5.25,5.25,506000000.0,506000000.0,3194000000.0,,2690000000.0,2824000000.0,918000000.0,,387000000.0,9600000000.0,,4433000000.0,6514000000.0,6079000000.0,1126000000.0,28276000000.0,1241000000.0,2594000000.0,148000000.0,6503000000.0,,,,1737000000.0,19808000000.0,16114000000.0,-3554000000.0,8402000000.0,28276000000.0,1263000000.0,133000000.0,-499000000.0,66000000.0,114000000.0,,,107000000.0,,,1726000000.0,,,,,6000000.0,692000000.0,,-26000000.0,3213000000.0,,,-3489000000.0,1476000000.0,
2024-03-31,3592000000.0,2205000000.0,1387000000.0,176000000.0,1027000000.0,,187000000.0,,116000000.0,77000000.0,37000000.0,0.07,0.07,508000000.0,510000000.0,3030000000.0,,2521000000.0,2988000000.0,,,,9400000000.0,,4370000000.0,6430000000.0,5905000000.0,1152000000.0,27788000000.0,1329000000.0,2402000000.0,,6365000000.0,,,,1652000000.0,19553000000.0,16003000000.0,-3722000000.0,8173000000.0,27788000000.0,335000000.0,25000000.0,,-137000000.0,204000000.0,,,131000000.0,,,163000000.0,,,,,,,6000000.0,0.0,-166000000.0,,,-140000000.0,-168000000.0,
2024-06-30,7404000000.0,4586000000.0,2818000000.0,349000000.0,2048000000.0,,-192000000.0,,-257000000.0,131000000.0,-314000000.0,-0.62,-0.62,510000000.0,510000000.0,2100000000.0,,2639000000.0,2985000000.0,,,,8593000000.0,,4314000000.0,6001000000.0,5741000000.0,1139000000.0,26312000000.0,1251000000.0,2412000000.0,,6131000000.0,,,,1598000000.0,18604000000.0,15539000000.0,-3828000000.0,7643000000.0,26312000000.0,623000000.0,53000000.0,,23000000.0,229000000.0,,,64000000.0,,,278000000.0,,,,,,,7000000.0,-8000000.0,-257000000.0,,,-1076000000.0,-1102000000.0,
2024-09-30,7883000000.0,4858000000.0,3025000000.0,379000000.0,2206000000.0,,449000000.0,,232000000.0,70000000.0,140000000.0,0.27,0.27,510000000.0,512000000.0,1420000000.0,,1729000000.0,2103000000.0,,,,8864000000.0,,2833000000.0,5783000000.0,5449000000.0,886000000.0,26676000000.0,841000000.0,1772000000.0,,6200000000.0,,,,1263000000.0,18734000000.0,15529000000.0,-3647000000.0,7872000000.0,26676000000.0,752000000.0,75000000.0,,17000000.0,180000000.0,,,3000000.0,,,531000000.0,,,,,,,9000000.0,-8000000.0,-421000000.0,,,-1222000000.0,-1118000000.0,
