Date,Net sales,Cost of sales,Gross margin,Research and development,"Selling, general and administrative",Total operating expenses,Operating income,"Other income/(expense), net",Income before provision for income taxes,Provision for income taxes,Net income,Earnings per share basic,Earnings per share diluted,Weighted-average basic,Weighted-average diluted,Cash and cash equivalents,Short-term marketable securities,"Accounts receivable, net",Inventories,Deferred tax assets,Vendor non-trade receivables,Other current assets,Total current assets,Long-term marketable securities,"Property, Plant and Equipment, Net",Goodwill,"Acquired intangible assets, net","Other Assets, Noncurrent",Total assets,accounts payable,Accrued expenses,Deferred revenue,Total current liabilities,Deferred revenue - non-current,deferred tax liabilities,long term taxes payable,Total other non-current liabilities,Total liabilities,Retained Earnings (Accumulated Deficit),Accumulated other comprehensive (loss)/income,Total shareholders equity,Total liabilities and shareholders' equity,"Depreciation, amortization and accretion",Stock-based compensation expense,Deferred income tax expense,"Increase (Decrease) in Accounts receivable, net",Increase (Decrease) in Inventories,Increase (Decrease) in Other Receivables,Increase (Decrease) in Other Operating Assets,Increase (Decrease) in Accounts Payable,Increase (Decrease) in Deferred Revenue,Increase (Decrease) Other liabilities,Cash generated by operating activities,Purchases of marketable securities,Proceeds from maturities of marketable securities,Proceeds from sales of marketable securities,Purchases of other long-term investments,"Business acquisitions, net of cash acquired",Cash payments for capital asset purchases,Payments for acquisition of intangible assets,Payments for (Proceeds from) Other Investing Activities,Cash used in investing activities,Proceeds from issuance of common stock,Excess tax benefits from stock-based compensation,Cash generated/used in financing activities,Increase/(decrease) in cash and cash equivalents,"Cash paid for income taxes, net"
2009-11-28,33141000000.0,,8183000000.0,,7179000000.0,,952000000.0,,922000000.0,338000000.0,538000000.0,1.29,1.27,417100000.0,428600000.0,564000000.0,,,8978000000.0,,,1002000000.0,13267000000.0,,4123000000.0,2421000000.0,,502000000.0,21100000000.0,9083000000.0,1856000000.0,,12678000000.0,,,,1194000000.0,,5076000000.0,7000000.0,5529000000.0,21100000000.0,,88000000.0,-41000000.0,691000000.0,,,5000000.0,3936000000.0,,374000000.0,679000000.0,,,,,,469000000.0,,18000000.0,-405000000.0,,3000000.0,-208000000.0,66000000.0,
2010-02-27,49694000000.0,,12160000000.0,,9873000000.0,,2235000000.0,,2195000000.0,802000000.0,1317000000.0,3.16,3.1,416800000.0,427500000.0,1826000000.0,,,5486000000.0,,,1144000000.0,10566000000.0,,4070000000.0,2452000000.0,,452000000.0,18302000000.0,5276000000.0,1681000000.0,,8978000000.0,,,,1256000000.0,,5797000000.0,40000000.0,6320000000.0,18302000000.0,,118000000.0,-30000000.0,63000000.0,,,98000000.0,141000000.0,,279000000.0,2206000000.0,,,,,7000000.0,615000000.0,,16000000.0,-540000000.0,,7000000.0,-348000000.0,1328000000.0,732000000.0
2010-05-29,10787000000.0,,2793000000.0,,2480000000.0,,313000000.0,,302000000.0,121000000.0,155000000.0,0.37,0.36,420300000.0,431700000.0,1239000000.0,,,6335000000.0,,,1030000000.0,10388000000.0,,3982000000.0,2386000000.0,,477000000.0,17956000000.0,5860000000.0,1601000000.0,,8603000000.0,,,,1253000000.0,,5892000000.0,-40000000.0,6368000000.0,17956000000.0,,29000000.0,3000000.0,-388000000.0,,,-49000000.0,620000000.0,,-208000000.0,169000000.0,,,,,,161000000.0,,1000000.0,-254000000.0,,10000000.0,-494000000.0,-587000000.0,
2010-08-28,22126000000.0,,5711000000.0,,4987000000.0,,724000000.0,,705000000.0,267000000.0,409000000.0,0.98,0.96,416900000.0,427700000.0,843000000.0,,,6346000000.0,,,1048000000.0,9959000000.0,,3915000000.0,2365000000.0,,456000000.0,17362000000.0,5573000000.0,1589000000.0,,8471000000.0,,,,1181000000.0,,6000000000.0,-25000000.0,6015000000.0,17362000000.0,,58000000.0,50000000.0,-197000000.0,,,-75000000.0,361000000.0,,-225000000.0,84000000.0,,,,,,342000000.0,,1000000.0,-160000000.0,,10000000.0,-905000000.0,-983000000.0,
2010-11-27,34016000000.0,,8694000000.0,,7585000000.0,,1109000000.0,,1078000000.0,400000000.0,626000000.0,1.53,1.5,410300000.0,420700000.0,925000000.0,,,10064000000.0,,,1045000000.0,14829000000.0,,3994000000.0,2441000000.0,,380000000.0,22352000000.0,9858000000.0,1920000000.0,,13420000000.0,,,,1166000000.0,,5824000000.0,138000000.0,6001000000.0,22352000000.0,,87000000.0,-6000000.0,805000000.0,,,-80000000.0,4492000000.0,,159000000.0,545000000.0,,,,,,529000000.0,,2000000.0,-361000000.0,,13000000.0,-1093000000.0,-901000000.0,
2011-02-26,50272000000.0,,12637000000.0,,10325000000.0,,2114000000.0,,2078000000.0,714000000.0,1277000000.0,3.14,3.08,406100000.0,416500000.0,1103000000.0,,,5897000000.0,291000000.0,,1103000000.0,10473000000.0,,3823000000.0,2454000000.0,,435000000.0,17849000000.0,4894000000.0,1471000000.0,,8663000000.0,,68000000.0,,1183000000.0,,6372000000.0,173000000.0,6602000000.0,17849000000.0,,121000000.0,-134000000.0,371000000.0,,,-40000000.0,-443000000.0,,-156000000.0,1190000000.0,,,,,,744000000.0,,4000000.0,-569000000.0,,11000000.0,-1357000000.0,-723000000.0,882000000.0
2011-05-28,10940000000.0,,2768000000.0,,2484000000.0,,282000000.0,,263000000.0,99000000.0,136000000.0,0.35,0.35,387700000.0,397200000.0,2208000000.0,,,6356000000.0,,,967000000.0,11293000000.0,,3767000000.0,2488000000.0,,479000000.0,18673000000.0,5714000000.0,1544000000.0,,8736000000.0,,,,1184000000.0,,6045000000.0,236000000.0,6319000000.0,18673000000.0,,31000000.0,63000000.0,-651000000.0,,,-26000000.0,844000000.0,,-86000000.0,1324000000.0,,,,,,202000000.0,,,-186000000.0,,1000000.0,-37000000.0,1105000000.0,
2012-03-03,50705000000.0,,12573000000.0,,10242000000.0,,1085000000.0,,1043000000.0,709000000.0,-1698000000.0,-3.36,-4.89,366300000.0,366300000.0,1199000000.0,,,5731000000.0,263000000.0,,1079000000.0,10297000000.0,,3471000000.0,1335000000.0,,403000000.0,16005000000.0,5364000000.0,1685000000.0,,8855000000.0,,16000000.0,,1099000000.0,,3621000000.0,90000000.0,3745000000.0,16005000000.0,,120000000.0,28000000.0,-41000000.0,,,24000000.0,574000000.0,,-23000000.0,3293000000.0,,,,,174000000.0,766000000.0,,2000000.0,-724000000.0,,0.0,-2478000000.0,96000000.0,568000000.0
2012-05-05,11610000000.0,,2907000000.0,,2518000000.0,,262000000.0,,235000000.0,72000000.0,158000000.0,0.46,0.46,342200000.0,342800000.0,1386000000.0,,,6065000000.0,,,1019000000.0,10316000000.0,,3407000000.0,1335000000.0,,471000000.0,16011000000.0,5731000000.0,1595000000.0,,9001000000.0,,,,1025000000.0,,3520000000.0,98000000.0,3672000000.0,16011000000.0,,33000000.0,-98000000.0,-623000000.0,,,96000000.0,-1153000000.0,,-264000000.0,379000000.0,,,,,10000000.0,141000000.0,,,-94000000.0,,,-305000000.0,-15000000.0,
2012-08-04,22157000000.0,,5471000000.0,,4958000000.0,,295000000.0,,244000000.0,86000000.0,170000000.0,0.5,0.5,340300000.0,341000000.0,680000000.0,,,6299000000.0,,,1070000000.0,10184000000.0,,3407000000.0,1342000000.0,,474000000.0,15849000000.0,6055000000.0,1476000000.0,,9448000000.0,,,,1125000000.0,,3395000000.0,86000000.0,3515000000.0,15849000000.0,,64000000.0,-88000000.0,-300000000.0,,,139000000.0,-834000000.0,,-575000000.0,-222000000.0,,,,,,316000000.0,,5000000.0,-195000000.0,,,-334000000.0,-721000000.0,
2012-11-03,32910000000.0,,8057000000.0,,7496000000.0,,307000000.0,,238000000.0,84000000.0,160000000.0,0.47,0.47,339300000.0,340400000.0,309000000.0,,,8156000000.0,,,1131000000.0,11846000000.0,,3407000000.0,1344000000.0,,524000000.0,17556000000.0,7933000000.0,1531000000.0,,11148000000.0,,,,1122000000.0,,3328000000.0,105000000.0,3507000000.0,17556000000.0,,95000000.0,-96000000.0,-216000000.0,,,167000000.0,967000000.0,,-541000000.0,-121000000.0,,,,,,522000000.0,,4000000.0,-412000000.0,,,-607000000.0,-1092000000.0,
2013-05-04,9380000000.0,,2170000000.0,,1996000000.0,,168000000.0,,146000000.0,49000000.0,-81000000.0,-0.24,-0.24,339000000.0,341000000.0,908000000.0,,,5461000000.0,,,821000000.0,10006000000.0,,2830000000.0,528000000.0,,255000000.0,14331000000.0,4776000000.0,1142000000.0,,8561000000.0,,,,1001000000.0,,2723000000.0,82000000.0,2916000000.0,14331000000.0,,22000000.0,-16000000.0,-473000000.0,,,-26000000.0,-1118000000.0,,-362000000.0,-5000000.0,,,,,0.0,174000000.0,,1000000.0,-116000000.0,,,-641000000.0,-755000000.0,
2013-08-03,18680000000.0,,4639000000.0,,4045000000.0,,581000000.0,,552000000.0,218000000.0,266000000.0,0.78,0.77,340400000.0,344400000.0,1910000000.0,,,5437000000.0,,,879000000.0,9414000000.0,,2744000000.0,528000000.0,,362000000.0,13284000000.0,4968000000.0,1185000000.0,,7028000000.0,,,,1017000000.0,,2930000000.0,529000000.0,3602000000.0,13284000000.0,,45000000.0,-3000000.0,-145000000.0,,,59000000.0,-1114000000.0,,-392000000.0,19000000.0,,,,,0.0,301000000.0,,2000000.0,-203000000.0,,,292000000.0,84000000.0,
2013-11-02,28042000000.0,,6809000000.0,,6093000000.0,,672000000.0,,631000000.0,253000000.0,239000000.0,0.7,0.69,342800000.0,348900000.0,2170000000.0,,,6978000000.0,,,963000000.0,11234000000.0,,2726000000.0,528000000.0,,364000000.0,15068000000.0,6578000000.0,1233000000.0,,8665000000.0,,,,1035000000.0,,2926000000.0,528000000.0,3742000000.0,15068000000.0,,70000000.0,-3000000.0,-208000000.0,,,102000000.0,465000000.0,,-347000000.0,324000000.0,,,,,0.0,422000000.0,,1000000.0,-315000000.0,,8000000.0,359000000.0,344000000.0,
2014-02-01,42410000000.0,,9690000000.0,,8391000000.0,,1140000000.0,,1087000000.0,398000000.0,532000000.0,1.56,1.53,342100000.0,347600000.0,2678000000.0,,,5376000000.0,284000000.0,,900000000.0,10485000000.0,,2598000000.0,425000000.0,,404000000.0,14013000000.0,5122000000.0,873000000.0,399000000.0,7436000000.0,50000000.0,21000000.0,,976000000.0,,3159000000.0,492000000.0,3986000000.0,14013000000.0,,90000000.0,-17000000.0,-7000000.0,,,70000000.0,-986000000.0,,-273000000.0,1094000000.0,,,,,0.0,547000000.0,,1000000.0,-517000000.0,,,319000000.0,852000000.0,332000000.0
2014-05-03,9035000000.0,,2020000000.0,,1820000000.0,,197000000.0,,180000000.0,-281000000.0,461000000.0,1.33,1.31,347400000.0,350400000.0,2569000000.0,,,5255000000.0,,,926000000.0,10118000000.0,,2525000000.0,425000000.0,,743000000.0,13911000000.0,4952000000.0,731000000.0,394000000.0,6880000000.0,,,,1003000000.0,,3562000000.0,494000000.0,4421000000.0,13911000000.0,,23000000.0,-401000000.0,-436000000.0,,,-7000000.0,-144000000.0,,-312000000.0,308000000.0,,,,,,111000000.0,,0.0,-362000000.0,,,-53000000.0,-109000000.0,
2014-08-02,17931000000.0,,4075000000.0,,3632000000.0,,435000000.0,,405000000.0,-202000000.0,607000000.0,1.74,1.73,349300000.0,352200000.0,2141000000.0,,,5583000000.0,,,943000000.0,10611000000.0,,2532000000.0,425000000.0,100000000.0,681000000.0,14349000000.0,5244000000.0,796000000.0,442000000.0,7251000000.0,,,,976000000.0,,3649000000.0,494000000.0,4526000000.0,14349000000.0,,40000000.0,-394000000.0,-301000000.0,,,-17000000.0,120000000.0,,-270000000.0,487000000.0,,,,,,258000000.0,,-3000000.0,-907000000.0,,,-114000000.0,-537000000.0,
2014-11-01,27311000000.0,,6203000000.0,,5561000000.0,,625000000.0,,581000000.0,-133000000.0,714000000.0,2.05,2.02,350100000.0,354000000.0,1929000000.0,,,6900000000.0,,,959000000.0,12063000000.0,,2524000000.0,425000000.0,99000000.0,651000000.0,15762000000.0,6626000000.0,788000000.0,449000000.0,8626000000.0,,,,972000000.0,,3689000000.0,468000000.0,4569000000.0,15762000000.0,,63000000.0,-381000000.0,-237000000.0,,,-14000000.0,1526000000.0,,-263000000.0,774000000.0,,,,,,425000000.0,,-3000000.0,-1342000000.0,,,-175000000.0,-749000000.0,
2015-01-31,40339000000.0,,9047000000.0,,7592000000.0,,1450000000.0,,1387000000.0,141000000.0,1233000000.0,3.53,3.49,349500000.0,353600000.0,2432000000.0,,,5174000000.0,566000000.0,,703000000.0,11729000000.0,,2295000000.0,425000000.0,,583000000.0,15256000000.0,5030000000.0,782000000.0,326000000.0,7777000000.0,49000000.0,0.0,,881000000.0,,4141000000.0,382000000.0,4995000000.0,15256000000.0,,87000000.0,-297000000.0,19000000.0,,,-29000000.0,434000000.0,,-164000000.0,1935000000.0,,,,,0.0,561000000.0,,-5000000.0,-1712000000.0,,,-223000000.0,-52000000.0,355000000.0
2015-05-02,8558000000.0,,2030000000.0,,1766000000.0,,86000000.0,,75000000.0,38000000.0,129000000.0,0.37,0.36,352400000.0,357600000.0,2173000000.0,,,4930000000.0,,,732000000.0,10396000000.0,,2244000000.0,425000000.0,18000000.0,603000000.0,13719000000.0,4584000000.0,743000000.0,304000000.0,6721000000.0,,,,906000000.0,,4009000000.0,330000000.0,4868000000.0,13719000000.0,,27000000.0,-25000000.0,-302000000.0,,,-4000000.0,-446000000.0,,-309000000.0,-10000000.0,,,,,,124000000.0,,,-214000000.0,,,-238000000.0,-453000000.0,
2015-08-01,17086000000.0,,4128000000.0,,3577000000.0,,374000000.0,,347000000.0,146000000.0,293000000.0,0.83,0.82,351000000.0,355800000.0,1800000000.0,,,4995000000.0,,,730000000.0,10245000000.0,,2235000000.0,425000000.0,18000000.0,610000000.0,13566000000.0,4680000000.0,778000000.0,316000000.0,6838000000.0,,,,879000000.0,,4092000000.0,298000000.0,4622000000.0,13566000000.0,,55000000.0,-41000000.0,-268000000.0,,,9000000.0,-335000000.0,,-284000000.0,308000000.0,,,,,,293000000.0,,0.0,-478000000.0,,,-640000000.0,-826000000.0,
2015-10-31,25905000000.0,,6240000000.0,,5451000000.0,,604000000.0,,560000000.0,230000000.0,418000000.0,1.2,1.18,348900000.0,353600000.0,1697000000.0,,,6651000000.0,,,676000000.0,11735000000.0,,2329000000.0,425000000.0,18000000.0,636000000.0,15175000000.0,6184000000.0,790000000.0,330000000.0,8395000000.0,,,,874000000.0,,4135000000.0,296000000.0,4650000000.0,15175000000.0,,80000000.0,-43000000.0,-229000000.0,,,-20000000.0,1152000000.0,,-271000000.0,463000000.0,,,,,,493000000.0,,0.0,-618000000.0,,,-761000000.0,-929000000.0,
2016-01-30,39528000000.0,,9191000000.0,,7618000000.0,,1375000000.0,,1310000000.0,503000000.0,897000000.0,2.59,2.56,346500000.0,350700000.0,1976000000.0,,,5051000000.0,510000000.0,,392000000.0,9886000000.0,,2346000000.0,425000000.0,,813000000.0,13519000000.0,4450000000.0,802000000.0,357000000.0,6925000000.0,45000000.0,,,877000000.0,,4130000000.0,271000000.0,4378000000.0,13519000000.0,,104000000.0,48000000.0,-123000000.0,,,-36000000.0,-536000000.0,,-140000000.0,1322000000.0,,,,,,649000000.0,,-28000000.0,-419000000.0,,,-1515000000.0,-650000000.0,550000000.0
2016-04-30,8443000000.0,,2145000000.0,,1744000000.0,,372000000.0,,360000000.0,134000000.0,229000000.0,0.71,0.7,323600000.0,326700000.0,1845000000.0,,,4719000000.0,,,401000000.0,9282000000.0,,2332000000.0,425000000.0,18000000.0,813000000.0,12901000000.0,4397000000.0,791000000.0,349000000.0,6334000000.0,,,,807000000.0,,4078000000.0,316000000.0,,12901000000.0,,31000000.0,8000000.0,-73000000.0,,,30000000.0,-73000000.0,,-211000000.0,483000000.0,,,,,,136000000.0,,-4000000.0,-42000000.0,,,-612000000.0,-131000000.0,
2016-07-30,16976000000.0,,4207000000.0,,3517000000.0,,661000000.0,,639000000.0,231000000.0,427000000.0,1.33,1.31,322200000.0,324800000.0,1861000000.0,,,4908000000.0,,,409000000.0,9694000000.0,,2295000000.0,425000000.0,18000000.0,822000000.0,13254000000.0,4800000000.0,840000000.0,380000000.0,6800000000.0,,,,794000000.0,,3991000000.0,296000000.0,,13254000000.0,,57000000.0,0.0,-240000000.0,,,29000000.0,355000000.0,,-159000000.0,1288000000.0,,,,,,276000000.0,,,-495000000.0,,,-933000000.0,-115000000.0,
2016-10-29,25921000000.0,,6410000000.0,,5407000000.0,,973000000.0,,943000000.0,343000000.0,621000000.0,1.94,1.92,320200000.0,323600000.0,1341000000.0,,,6331000000.0,,,398000000.0,11021000000.0,,2298000000.0,425000000.0,18000000.0,780000000.0,14542000000.0,6233000000.0,782000000.0,380000000.0,8166000000.0,,,,791000000.0,,3953000000.0,277000000.0,,14542000000.0,,82000000.0,28000000.0,-80000000.0,,,18000000.0,1801000000.0,,-192000000.0,1395000000.0,,,,,,445000000.0,,,-856000000.0,,,-1187000000.0,-635000000.0,
2017-01-28,39403000000.0,,9440000000.0,,7547000000.0,,1854000000.0,,1816000000.0,609000000.0,1228000000.0,3.86,3.81,318500000.0,322600000.0,2240000000.0,,,4864000000.0,317000000.0,,384000000.0,10516000000.0,,2293000000.0,425000000.0,,622000000.0,13856000000.0,4984000000.0,865000000.0,418000000.0,7122000000.0,34000000.0,,,704000000.0,,4399000000.0,279000000.0,,13856000000.0,,108000000.0,201000000.0,185000000.0,,,-10000000.0,518000000.0,,23000000.0,2545000000.0,,,,,,582000000.0,,-3000000.0,-887000000.0,,,-1404000000.0,264000000.0,628000000.0
2017-04-29,8528000000.0,,2022000000.0,,1722000000.0,,300000000.0,,292000000.0,104000000.0,188000000.0,0.61,0.6,309200000.0,315000000.0,1651000000.0,,,4637000000.0,,,409000000.0,9656000000.0,,2287000000.0,425000000.0,,587000000.0,12955000000.0,4599000000.0,699000000.0,371000000.0,6470000000.0,,,,684000000.0,,4202000000.0,266000000.0,,12955000000.0,,31000000.0,12000000.0,-333000000.0,,,25000000.0,-382000000.0,,-364000000.0,243000000.0,,,,,,153000000.0,,-1000000.0,-423000000.0,,,-413000000.0,-599000000.0,
2017-07-29,17468000000.0,,4175000000.0,,3552000000.0,,621000000.0,,602000000.0,205000000.0,397000000.0,1.29,1.27,306700000.0,313000000.0,1365000000.0,,,5167000000.0,,,456000000.0,10078000000.0,,2327000000.0,425000000.0,,614000000.0,13444000000.0,5072000000.0,787000000.0,427000000.0,7105000000.0,,,,682000000.0,,3996000000.0,321000000.0,4347000000.0,13444000000.0,,67000000.0,9000000.0,-401000000.0,,,45000000.0,15000000.0,,-237000000.0,692000000.0,,,,,,296000000.0,,-1000000.0,-708000000.0,,,-874000000.0,,
2017-10-28,26788000000.0,,6455000000.0,,5484000000.0,,971000000.0,,944000000.0,309000000.0,636000000.0,2.09,2.05,304100000.0,310600000.0,1103000000.0,,,6663000000.0,,,431000000.0,11405000000.0,,2352000000.0,425000000.0,,603000000.0,14785000000.0,6587000000.0,808000000.0,426000000.0,9152000000.0,,,,697000000.0,,3818000000.0,304000000.0,4152000000.0,14785000000.0,,97000000.0,4000000.0,-413000000.0,,,36000000.0,1530000000.0,,-187000000.0,1203000000.0,,,,,,489000000.0,,0.0,-1016000000.0,,,-1335000000.0,,
2018-02-03,42151000000.0,,9876000000.0,,8023000000.0,,1843000000.0,,1817000000.0,818000000.0,1000000000.0,3.33,3.26,300400000.0,307100000.0,1101000000.0,,,5209000000.0,159000000.0,,438000000.0,9829000000.0,,2421000000.0,425000000.0,,374000000.0,13049000000.0,4873000000.0,864000000.0,453000000.0,7817000000.0,22000000.0,,,809000000.0,,3270000000.0,314000000.0,,13049000000.0,,129000000.0,162000000.0,-315000000.0,,,21000000.0,-196000000.0,,117000000.0,2141000000.0,,,,,,688000000.0,,9000000.0,-1002000000.0,,,-2297000000.0,,366000000.0
2018-05-05,9109000000.0,,2125000000.0,,1830000000.0,,265000000.0,,,49000000.0,208000000.0,0.74,0.72,282600000.0,288300000.0,1848000000.0,,,4964000000.0,,,473000000.0,8930000000.0,,2385000000.0,425000000.0,,342000000.0,12082000000.0,4619000000.0,780000000.0,371000000.0,7055000000.0,,,,815000000.0,,3082000000.0,310000000.0,3420000000.0,12082000000.0,,32000000.0,9000000.0,-189000000.0,,,13000000.0,-214000000.0,,-506000000.0,204000000.0,,,,,,181000000.0,,-9000000.0,1073000000.0,,,-516000000.0,,
2018-08-04,18488000000.0,14134000000.0,4354000000.0,,3707000000.0,,600000000.0,,586000000.0,134000000.0,452000000.0,1.61,1.58,280800000.0,286000000.0,1865000000.0,,,5016000000.0,,,510000000.0,8771000000.0,,2432000000.0,425000000.0,18000000.0,365000000.0,11993000000.0,5338000000.0,801000000.0,438000000.0,7229000000.0,,,,777000000.0,,2863000000.0,296000000.0,3186000000.0,11993000000.0,,63000000.0,5000000.0,-120000000.0,-187000000.0,,53000000.0,485000000.0,,,1108000000.0,,,,,,375000000.0,,-10000000.0,1200000000.0,29000000.0,,-1524000000.0,768000000.0,
2018-11-03,28078000000.0,21400000000.0,6678000000.0,,5709000000.0,,922000000.0,,916000000.0,187000000.0,729000000.0,2.62,2.57,278600000.0,283800000.0,1228000000.0,,,8168000000.0,,,508000000.0,10901000000.0,,2525000000.0,921000000.0,,653000000.0,15000000000.0,7964000000.0,844000000.0,449000000.0,9933000000.0,,,,775000000.0,,2685000000.0,300000000.0,3012000000.0,15000000000.0,550000000.0,92000000.0,15000000.0,-121000000.0,2950000000.0,,45000000.0,3085000000.0,,,1107000000.0,,,,,792000000.0,619000000.0,,-15000000.0,574000000.0,37000000.0,,-1526000000.0,139000000.0,
2019-02-02,42879000000.0,32918000000.0,9961000000.0,,8015000000.0,,1900000000.0,,1888000000.0,424000000.0,1464000000.0,5.3,5.2,276400000.0,281400000.0,1980000000.0,,,5409000000.0,55000000.0,,466000000.0,8870000000.0,,2510000000.0,915000000.0,,606000000.0,12901000000.0,5257000000.0,982000000.0,446000000.0,7513000000.0,11000000.0,,,750000000.0,,2985000000.0,294000000.0,,12901000000.0,770000000.0,123000000.0,10000000.0,-28000000.0,194000000.0,,34000000.0,432000000.0,,,2408000000.0,,,,,787000000.0,819000000.0,,-16000000.0,508000000.0,38000000.0,,-2018000000.0,884000000.0,391000000.0
2019-05-04,9142000000.0,6973000000.0,2169000000.0,,1835000000.0,,334000000.0,,330000000.0,65000000.0,265000000.0,0.99,0.98,267600000.0,271500000.0,1561000000.0,,,5195000000.0,,,425000000.0,8014000000.0,,2334000000.0,915000000.0,,579000000.0,14550000000.0,4718000000.0,851000000.0,409000000.0,7171000000.0,,,,659000000.0,,3038000000.0,289000000.0,3354000000.0,14550000000.0,200000000.0,36000000.0,13000000.0,-182000000.0,-207000000.0,,14000000.0,-519000000.0,,,2000000.0,,,,,,193000000.0,,-1000000.0,-192000000.0,11000000.0,,-226000000.0,-417000000.0,
2019-08-03,18678000000.0,14226000000.0,4452000000.0,,3757000000.0,,647000000.0,,637000000.0,134000000.0,503000000.0,1.88,1.86,267400000.0,270900000.0,1289000000.0,,,5208000000.0,,,409000000.0,8192000000.0,,2361000000.0,965000000.0,,686000000.0,14978000000.0,5045000000.0,799000000.0,468000000.0,7576000000.0,,,,640000000.0,,2965000000.0,294000000.0,3285000000.0,14978000000.0,401000000.0,74000000.0,10000000.0,-57000000.0,-199000000.0,,29000000.0,-213000000.0,,,625000000.0,,,,,125000000.0,385000000.0,,-1000000.0,-828000000.0,27000000.0,,-576000000.0,-780000000.0,
2019-11-02,28442000000.0,21629000000.0,6813000000.0,,5730000000.0,,1042000000.0,,1026000000.0,230000000.0,796000000.0,2.99,2.96,266000000.0,269100000.0,1205000000.0,,,7569000000.0,,,345000000.0,10175000000.0,,2359000000.0,982000000.0,,659000000.0,16926000000.0,7232000000.0,769000000.0,445000000.0,9726000000.0,,,,636000000.0,,2809000000.0,290000000.0,3125000000.0,16926000000.0,607000000.0,109000000.0,20000000.0,36000000.0,2159000000.0,,2000000.0,1984000000.0,,,937000000.0,,,,,145000000.0,586000000.0,,-1000000.0,-727000000.0,45000000.0,,-1060000000.0,-852000000.0,
2020-02-01,43638000000.0,33590000000.0,10048000000.0,,7998000000.0,,2009000000.0,,1993000000.0,452000000.0,1541000000.0,5.82,5.75,264900000.0,268100000.0,2229000000.0,,,5174000000.0,1009000000.0,,305000000.0,8857000000.0,,2328000000.0,984000000.0,,713000000.0,15591000000.0,5288000000.0,906000000.0,281000000.0,8060000000.0,,,,657000000.0,,3158000000.0,295000000.0,3479000000.0,15591000000.0,812000000.0,143000000.0,70000000.0,131000000.0,-237000000.0,,-16000000.0,47000000.0,,,2565000000.0,,,,,145000000.0,743000000.0,,-1000000.0,-895000000.0,48000000.0,,-1498000000.0,171000000.0,514000000.0
2020-05-02,8562000000.0,6597000000.0,1965000000.0,,1735000000.0,,229000000.0,,218000000.0,59000000.0,159000000.0,0.61,0.61,258300000.0,260400000.0,3919000000.0,,,3993000000.0,,,335000000.0,8996000000.0,,2291000000.0,986000000.0,,701000000.0,15605000000.0,4428000000.0,769000000.0,257000000.0,8804000000.0,,,,694000000.0,,3126000000.0,243000000.0,3410000000.0,15605000000.0,207000000.0,15000000.0,15000000.0,-383000000.0,-1136000000.0,,12000000.0,-816000000.0,,,827000000.0,,,,,,178000000.0,,1000000.0,-179000000.0,,,1049000000.0,1679000000.0,
2020-08-01,18472000000.0,14237000000.0,4235000000.0,,3437000000.0,,797000000.0,,779000000.0,188000000.0,591000000.0,2.28,2.26,259500000.0,262100000.0,5305000000.0,,,4136000000.0,,,336000000.0,10683000000.0,,2277000000.0,986000000.0,,696000000.0,17412000000.0,6613000000.0,893000000.0,267000000.0,10080000000.0,,,,716000000.0,,3413000000.0,256000000.0,3778000000.0,17412000000.0,414000000.0,65000000.0,13000000.0,-232000000.0,-1014000000.0,,17000000.0,1343000000.0,,,3788000000.0,,,,,,340000000.0,,-3000000.0,-383000000.0,22000000.0,,-332000000.0,3067000000.0,
2020-10-31,30325000000.0,23295000000.0,7030000000.0,,5560000000.0,,1358000000.0,,1334000000.0,352000000.0,982000000.0,3.79,3.74,259800000.0,263700000.0,5136000000.0,,,7459000000.0,,,383000000.0,14551000000.0,,2265000000.0,986000000.0,,708000000.0,21202000000.0,9110000000.0,968000000.0,278000000.0,12945000000.0,,,,798000000.0,,3659000000.0,268000000.0,4086000000.0,21202000000.0,628000000.0,107000000.0,19000000.0,-106000000.0,2300000000.0,,60000000.0,3824000000.0,,,3907000000.0,,,,,,534000000.0,,-1000000.0,-1153000000.0,28000000.0,,170000000.0,2916000000.0,
2021-01-30,47262000000.0,36689000000.0,10573000000.0,,7928000000.0,,2391000000.0,,2377000000.0,579000000.0,1798000000.0,6.93,6.84,259600000.0,263000000.0,5494000000.0,,,5612000000.0,17000000.0,,373000000.0,12540000000.0,,2260000000.0,986000000.0,,669000000.0,19067000000.0,6979000000.0,972000000.0,,10521000000.0,,,,694000000.0,,4233000000.0,328000000.0,4587000000.0,19067000000.0,839000000.0,135000000.0,-36000000.0,-73000000.0,435000000.0,,51000000.0,1676000000.0,,,4927000000.0,,,,,,713000000.0,,1000000.0,-788000000.0,28000000.0,,-876000000.0,3270000000.0,442000000.0
2021-05-01,11637000000.0,8922000000.0,2715000000.0,,1988000000.0,,769000000.0,,766000000.0,172000000.0,595000000.0,2.35,2.32,253100000.0,256700000.0,4278000000.0,,,5721000000.0,,,359000000.0,11268000000.0,,2233000000.0,986000000.0,,655000000.0,17705000000.0,6360000000.0,978000000.0,,9641000000.0,,,,694000000.0,,3762000000.0,338000000.0,4158000000.0,17705000000.0,216000000.0,37000000.0,,-210000000.0,90000000.0,,6000000.0,-630000000.0,,,105000000.0,,,,,,161000000.0,,2000000.0,-253000000.0,,,-1089000000.0,-1232000000.0,
2021-07-31,23486000000.0,17961000000.0,5525000000.0,,3997000000.0,,1566000000.0,,1560000000.0,236000000.0,1329000000.0,5.28,5.22,251700000.0,254700000.0,4340000000.0,,,6417000000.0,,,400000000.0,12040000000.0,,2226000000.0,986000000.0,,657000000.0,18579000000.0,6946000000.0,892000000.0,,10357000000.0,,,,554000000.0,,3975000000.0,335000000.0,4335000000.0,18579000000.0,430000000.0,71000000.0,2000000.0,-175000000.0,794000000.0,,19000000.0,-58000000.0,,,864000000.0,,,,,,323000000.0,,2000000.0,-358000000.0,22000000.0,,-1662000000.0,-1151000000.0,
2021-10-30,35396000000.0,27069000000.0,8327000000.0,,6130000000.0,,2236000000.0,,2224000000.0,402000000.0,1828000000.0,7.31,7.23,249900000.0,252900000.0,3465000000.0,,,8553000000.0,,,486000000.0,13520000000.0,,2256000000.0,986000000.0,,652000000.0,20102000000.0,8405000000.0,895000000.0,,11946000000.0,,,,553000000.0,,3917000000.0,337000000.0,4278000000.0,20102000000.0,644000000.0,105000000.0,-16000000.0,-43000000.0,2924000000.0,,12000000.0,1387000000.0,,,1061000000.0,,,,,,548000000.0,,2000000.0,-707000000.0,28000000.0,,-2347000000.0,-1987000000.0,
2022-01-29,51761000000.0,40121000000.0,11640000000.0,,8635000000.0,,3039000000.0,,3024000000.0,574000000.0,2454000000.0,9.94,9.84,246800000.0,249300000.0,2936000000.0,,,5965000000.0,3000000.0,,596000000.0,10539000000.0,,2250000000.0,1384000000.0,,677000000.0,17504000000.0,6803000000.0,946000000.0,,10674000000.0,,,,533000000.0,,2668000000.0,329000000.0,3020000000.0,17504000000.0,869000000.0,141000000.0,14000000.0,-17000000.0,328000000.0,,14000000.0,-201000000.0,,,3252000000.0,,,,,468000000.0,737000000.0,,,-1372000000.0,29000000.0,,-4297000000.0,-2420000000.0,716000000.0
2022-04-30,10647000000.0,8294000000.0,2353000000.0,,1890000000.0,,462000000.0,,451000000.0,110000000.0,341000000.0,1.5,1.49,226800000.0,228400000.0,640000000.0,,,6258000000.0,,,613000000.0,8315000000.0,,2251000000.0,1385000000.0,,596000000.0,15251000000.0,5492000000.0,771000000.0,,8635000000.0,,,,558000000.0,,2417000000.0,328000000.0,2767000000.0,15251000000.0,224000000.0,39000000.0,,-238000000.0,297000000.0,,-4000000.0,-1296000000.0,,,-1384000000.0,,,,,,215000000.0,,-3000000.0,-213000000.0,,,-650000000.0,-2245000000.0,
2022-07-30,20976000000.0,16336000000.0,4640000000.0,,3772000000.0,,833000000.0,,818000000.0,168000000.0,647000000.0,2.86,2.85,226100000.0,227200000.0,840000000.0,,,6043000000.0,,,621000000.0,8344000000.0,,2319000000.0,1385000000.0,,575000000.0,15419000000.0,5406000000.0,820000000.0,,8650000000.0,,,,472000000.0,,2522000000.0,328000000.0,2892000000.0,15419000000.0,453000000.0,65000000.0,,-201000000.0,79000000.0,,13000000.0,-1434000000.0,,,-709000000.0,,,,,,441000000.0,,-1000000.0,-484000000.0,,,-861000000.0,-2053000000.0,
2022-10-29,31563000000.0,24591000000.0,6972000000.0,,5713000000.0,,1198000000.0,,1177000000.0,252000000.0,924000000.0,4.09,4.07,225900000.0,226900000.0,932000000.0,,,7294000000.0,,,646000000.0,9922000000.0,,2373000000.0,1383000000.0,,544000000.0,17021000000.0,7056000000.0,744000000.0,,10170000000.0,,,,500000000.0,,2597000000.0,313000000.0,2993000000.0,17021000000.0,679000000.0,98000000.0,10000000.0,14000000.0,1365000000.0,,1000000.0,224000000.0,,,-108000000.0,,,,,,696000000.0,,-1000000.0,-736000000.0,15000000.0,,-1058000000.0,-1912000000.0,
2023-01-28,46298000000.0,36386000000.0,9912000000.0,,7970000000.0,,1795000000.0,,1788000000.0,370000000.0,1419000000.0,6.31,6.29,224800000.0,225700000.0,1874000000.0,,,5140000000.0,967000000.0,,647000000.0,8802000000.0,,2352000000.0,1383000000.0,,520000000.0,15803000000.0,5687000000.0,843000000.0,,8979000000.0,,,,705000000.0,,2430000000.0,322000000.0,2795000000.0,15803000000.0,918000000.0,138000000.0,51000000.0,103000000.0,-809000000.0,,21000000.0,-1099000000.0,,,1824000000.0,,,,,,930000000.0,,-7000000.0,-962000000.0,16000000.0,,-1806000000.0,-952000000.0,283000000.0
2023-04-29,9467000000.0,7317000000.0,2150000000.0,,1848000000.0,,311000000.0,,320000000.0,75000000.0,244000000.0,1.11,1.11,218900000.0,219900000.0,1030000000.0,,,5219000000.0,,,653000000.0,7762000000.0,,2321000000.0,1383000000.0,,528000000.0,14688000000.0,4874000000.0,759000000.0,,7908000000.0,,,,704000000.0,,2454000000.0,317000000.0,2793000000.0,14688000000.0,237000000.0,38000000.0,,-279000000.0,86000000.0,,17000000.0,-790000000.0,,,-331000000.0,,,,,,204000000.0,,,-204000000.0,,,-281000000.0,-821000000.0,
2023-07-29,19050000000.0,14680000000.0,4370000000.0,,3727000000.0,,659000000.0,,689000000.0,171000000.0,518000000.0,2.37,2.36,218700000.0,219500000.0,1093000000.0,,,5651000000.0,,,704000000.0,8304000000.0,,2305000000.0,1383000000.0,,513000000.0,15318000000.0,5471000000.0,709000000.0,,8433000000.0,,,,651000000.0,,2491000000.0,322000000.0,2835000000.0,15318000000.0,473000000.0,75000000.0,,-289000000.0,508000000.0,,32000000.0,-206000000.0,,,181000000.0,,,,,,395000000.0,,-2000000.0,-381000000.0,,,-560000000.0,-762000000.0,
2023-10-28,28806000000.0,22204000000.0,6602000000.0,,5605000000.0,,1013000000.0,,1037000000.0,257000000.0,781000000.0,3.58,3.57,218400000.0,219100000.0,636000000.0,,,7562000000.0,,,766000000.0,9865000000.0,,2313000000.0,1383000000.0,,494000000.0,16882000000.0,7133000000.0,760000000.0,,10010000000.0,,,,660000000.0,,2482000000.0,308000000.0,2812000000.0,16882000000.0,702000000.0,110000000.0,,-240000000.0,2444000000.0,,17000000.0,1468000000.0,,,290000000.0,,,,,,612000000.0,,-5000000.0,-600000000.0,,,-872000000.0,-1194000000.0,
2024-02-03,43452000000.0,33849000000.0,9603000000.0,,7876000000.0,,1574000000.0,,1621000000.0,381000000.0,1241000000.0,5.7,5.68,217700000.0,218500000.0,1447000000.0,,,4958000000.0,167000000.0,,553000000.0,7897000000.0,,2260000000.0,1383000000.0,,669000000.0,14967000000.0,4637000000.0,902000000.0,,7909000000.0,,,,654000000.0,,2683000000.0,317000000.0,3053000000.0,14967000000.0,923000000.0,145000000.0,-214000000.0,-204000000.0,-178000000.0,,18000000.0,-1025000000.0,,,1470000000.0,,,,,,795000000.0,,-2000000.0,-781000000.0,19000000.0,,-1144000000.0,-460000000.0,543000000.0
2024-05-04,8847000000.0,6783000000.0,2064000000.0,,1737000000.0,,312000000.0,,325000000.0,80000000.0,246000000.0,1.14,1.13,216200000.0,217200000.0,1214000000.0,,,5225000000.0,,,544000000.0,7753000000.0,,2196000000.0,1383000000.0,,649000000.0,14752000000.0,4664000000.0,812000000.0,,7649000000.0,,,,665000000.0,,2722000000.0,312000000.0,3082000000.0,14752000000.0,219000000.0,38000000.0,,-168000000.0,273000000.0,,8000000.0,43000000.0,,,156000000.0,,,,,,152000000.0,,15000000.0,-167000000.0,,,-252000000.0,-266000000.0,
2024-08-03,18135000000.0,13885000000.0,4250000000.0,,3547000000.0,,695000000.0,,716000000.0,181000000.0,537000000.0,2.49,2.47,216100000.0,217200000.0,1387000000.0,,,5706000000.0,,,598000000.0,8562000000.0,,2183000000.0,1383000000.0,,636000000.0,15624000000.0,5542000000.0,756000000.0,,8451000000.0,,,,593000000.0,,2775000000.0,310000000.0,3107000000.0,15624000000.0,437000000.0,74000000.0,,-66000000.0,761000000.0,,11000000.0,904000000.0,,,817000000.0,,,,,,335000000.0,,17000000.0,-352000000.0,,,-557000000.0,-95000000.0,
2024-11-02,27580000000.0,21113000000.0,6467000000.0,,5418000000.0,,1045000000.0,,1072000000.0,266000000.0,810000000.0,3.76,3.73,215700000.0,217200000.0,643000000.0,,,7806000000.0,,,574000000.0,9955000000.0,,2196000000.0,1383000000.0,,642000000.0,17018000000.0,7145000000.0,690000000.0,,9948000000.0,,,,551000000.0,,2751000000.0,309000000.0,3082000000.0,17018000000.0,650000000.0,108000000.0,,-4000000.0,2869000000.0,,16000000.0,2483000000.0,,,561000000.0,,,,,,528000000.0,,-6000000.0,-522000000.0,,,-892000000.0,-855000000.0,
