Date,Net sales,Cost of sales,Gross margin,Research and development,"Selling, general and administrative",Total operating expenses,Operating income,"Other income/(expense), net",Income before provision for income taxes,Provision for income taxes,Net income,Earnings per share basic,Earnings per share diluted,Weighted-average basic,Weighted-average diluted,Cash and cash equivalents,Short-term marketable securities,"Accounts receivable, net",Inventories,Deferred tax assets,Vendor non-trade receivables,Other current assets,Total current assets,Long-term marketable securities,"Property, Plant and Equipment, Net",Goodwill,"Acquired intangible assets, net","Other Assets, Noncurrent",Total assets,accounts payable,Accrued expenses,Deferred revenue,Total current liabilities,Deferred revenue - non-current,deferred tax liabilities,long term taxes payable,Total other non-current liabilities,Total liabilities,Retained Earnings (Accumulated Deficit),Accumulated other comprehensive (loss)/income,Total shareholders equity,Total liabilities and shareholders' equity,"Depreciation, amortization and accretion",Stock-based compensation expense,Deferred income tax expense,"Increase (Decrease) in Accounts receivable, net",Increase (Decrease) in Inventories,Increase (Decrease) in Other Receivables,Increase (Decrease) in Other Operating Assets,Increase (Decrease) in Accounts Payable,Increase (Decrease) in Deferred Revenue,Increase (Decrease) Other liabilities,Cash generated by operating activities,Purchases of marketable securities,Proceeds from maturities of marketable securities,Proceeds from sales of marketable securities,Purchases of other long-term investments,"Business acquisitions, net of cash acquired",Cash payments for capital asset purchases,Payments for acquisition of intangible assets,Payments for (Proceeds from) Other Investing Activities,Cash used in investing activities,Proceeds from issuance of common stock,Excess tax benefits from stock-based compensation,Cash generated/used in financing activities,Increase/(decrease) in cash and cash equivalents,"Cash paid for income taxes, net"
2009-12-31,1916774000.0,919542000.0,,,450928000.0,1470754000.0,446020000.0,,439468000.0,123490000.0,316376000.0,1.33,1.3,,,1182306000.0,,,1163999000.0,,,359218000.0,4056893000.0,,2999426000.0,769975000.0,,485726000.0,9094276000.0,,,,1538827000.0,,,,187453000.0,,7978872000.0,-337827000.0,5260159000.0,9094276000.0,125221000.0,35320000.0,1709000.0,,,,,,,,394628000.0,,,,,274756000.0,111564000.0,,9605000.0,-141828000.0,,7824000.0,-466673000.0,-211938000.0,
2010-03-31,3761628000.0,1806437000.0,,,877275000.0,2885114000.0,876514000.0,,866866000.0,253163000.0,614007000.0,2.6,2.53,,,830688000.0,,,1166044000.0,,,373192000.0,3939493000.0,,2967677000.0,764059000.0,,480508000.0,8943392000.0,,,,1467466000.0,,,,201123000.0,,8192151000.0,-459605000.0,5149634000.0,8943392000.0,252027000.0,52467000.0,14125000.0,,,,,,,,687596000.0,,,,,281367000.0,229597000.0,,34591000.0,-472291000.0,,17591000.0,-777628000.0,-563556000.0,
2010-06-30,5639857000.0,2712259000.0,,,1300958000.0,4323242000.0,1316615000.0,,1297322000.0,377336000.0,,3.91,3.82,235316000.0,241151000.0,750106000.0,,,1121643000.0,,,385383000.0,4123061000.0,,2887393000.0,754951000.0,,486671000.0,9031673000.0,,,,1531426000.0,,,,209703000.0,,8412924000.0,-598375000.0,5153877000.0,9031673000.0,383005000.0,69117000.0,7088000.0,,,,,,,,1194347000.0,,,,,281367000.0,329985000.0,,42924000.0,-879268000.0,,18911000.0,-956184000.0,-644138000.0,
2010-09-30,7372333000.0,3543183000.0,,,1721356000.0,5695536000.0,1676797000.0,,1661160000.0,484820000.0,,5.62,5.49,234328000.0,240136000.0,1215989000.0,,,1145337000.0,838066000.0,,410341000.0,4505250000.0,,3100492000.0,763961000.0,,487590000.0,9650694000.0,325402000.0,661112000.0,,1671673000.0,,21558000.0,,149975000.0,,8724228000.0,-457909000.0,5434580000.0,9650694000.0,502113000.0,79374000.0,-16075000.0,,116500000.0,,,,,,1659017000.0,,,,,281367000.0,537306000.0,,81636000.0,-699965000.0,,23202000.0,-1222687000.0,-178255000.0,
2010-12-31,1842005000.0,865431000.0,,,447954000.0,1428927000.0,413078000.0,,408151000.0,93875000.0,,1.39,1.36,228083000.0,232915000.0,1249355000.0,,,1195477000.0,,,415012000.0,4950841000.0,,3081855000.0,760962000.0,,480655000.0,10071270000.0,,,,1612353000.0,,,,172047000.0,,8947065000.0,-476974000.0,4877933000.0,10071270000.0,123192000.0,34081000.0,,,,,,,,,469743000.0,,,,,,79842000.0,,5827000.0,-567350000.0,,14979000.0,135987000.0,33366000.0,
2011-03-31,3764028000.0,1786020000.0,,,889897000.0,2910610000.0,853418000.0,,836612000.0,211273000.0,,2.8,2.74,224528000.0,229529000.0,748588000.0,,,1276931000.0,,,511579000.0,4856630000.0,,3165683000.0,866260000.0,,491484000.0,10344223000.0,,,,1578911000.0,,,,276085000.0,,9168895000.0,-290623000.0,5099061000.0,10344223000.0,245397000.0,53720000.0,,,,,,,,,706888000.0,,,,,204970000.0,193688000.0,,24930000.0,-1023996000.0,,19133000.0,-155490000.0,-467401000.0,
2011-06-30,5778109000.0,2738000000.0,,,1364543000.0,4452984000.0,1325125000.0,,1297253000.0,333804000.0,,4.36,4.26,222674000.0,227782000.0,1158037000.0,,,1331103000.0,,,570509000.0,5073133000.0,,3217123000.0,867778000.0,,491692000.0,10620819000.0,,,,1657926000.0,,,,275233000.0,,9422074000.0,-198411000.0,5298400000.0,10620819000.0,372210000.0,72202000.0,,,,,,,,,1174492000.0,,,,,204970000.0,321268000.0,,41759000.0,-830996000.0,,35200000.0,-408253000.0,-57952000.0,
2011-09-30,7828904000.0,3737352000.0,,476496000.0,1851774000.0,6065622000.0,1763282000.0,,1716263000.0,451411000.0,,5.75,5.62,221175000.0,226280000.0,1175282000.0,,,1244972000.0,984588000.0,,631409000.0,4668331000.0,,3211197000.0,991121000.0,,444610000.0,10430428000.0,304836000.0,795224000.0,,1823228000.0,,58553000.0,,225877000.0,,9633584000.0,-670000000.0,4828175000.0,10430428000.0,504089000.0,73363000.0,17634000.0,,117539000.0,,,,,,1712530000.0,,,,,492081000.0,515385000.0,,63588000.0,-1039337000.0,,37189000.0,-714382000.0,-40707000.0,
2011-12-31,1887645000.0,926182000.0,,113936000.0,488958000.0,1529076000.0,358569000.0,,344254000.0,81244000.0,,1.23,1.21,214300000.0,217634000.0,2196278000.0,,,1261730000.0,,,599642000.0,5694144000.0,,3212312000.0,992736000.0,,407032000.0,11413363000.0,,,,1606374000.0,,,,329642000.0,,9799928000.0,-572554000.0,4727554000.0,11413363000.0,135618000.0,34355000.0,,,,,,,,,313019000.0,,,,,,103653000.0,,25776000.0,-251914000.0,,3736000.0,959167000.0,1020996000.0,
2012-03-31,3878464000.0,1897015000.0,,232464000.0,983978000.0,3113457000.0,765007000.0,,736887000.0,183328000.0,,2.63,2.59,210385000.0,213970000.0,1839490000.0,,,1320580000.0,,,630096000.0,5300585000.0,,3274122000.0,1032493000.0,,451350000.0,11195392000.0,,,,1621489000.0,,,,347137000.0,,9998883000.0,-453392000.0,4476288000.0,11195392000.0,-265881000.0,-53626000.0,,,,,,,,,610419000.0,,,,,50891000.0,214516000.0,,52870000.0,-225865000.0,,7376000.0,277511000.0,664208000.0,
2012-06-30,5741211000.0,2789044000.0,,343968000.0,1439094000.0,4572106000.0,1169105000.0,,1110509000.0,275260000.0,,4.24,4.17,207605000.0,211254000.0,1658719000.0,,,1239118000.0,,,565208000.0,5284715000.0,,3149975000.0,1016576000.0,,463103000.0,11024864000.0,,,,1889669000.0,,,,350150000.0,,10233693000.0,-705657000.0,4234504000.0,11024864000.0,-383559000.0,-71689000.0,,,,,,,,,1135936000.0,,,,,50891000.0,313481000.0,,70540000.0,-644211000.0,,8748000.0,-56353000.0,483437000.0,
2012-09-30,7708382000.0,3755388000.0,,471755000.0,1923354000.0,6150497000.0,1557885000.0,,1472408000.0,362880000.0,,5.69,5.59,205460000.0,209181000.0,1671165000.0,,,1240679000.0,968552000.0,,515255000.0,5322071000.0,,3303928000.0,1076077000.0,,499967000.0,11360909000.0,350455000.0,740636000.0,,1978055000.0,,72330000.0,,261705000.0,,10435378000.0,-801811000.0,4135889000.0,11360909000.0,510938000.0,89045000.0,-52187000.0,,92413000.0,,,,,,1693364000.0,,,,,103424000.0,487430000.0,,99206000.0,-894129000.0,,14854000.0,-370172000.0,495883000.0,
2012-12-31,1900192000.0,894063000.0,,118162000.0,495878000.0,1508103000.0,392089000.0,,365696000.0,95447000.0,,3.18,3.13,196427000.0,199570000.0,1917472000.0,,,1359822000.0,,,437816000.0,5477472000.0,,3316778000.0,1097691000.0,,513087000.0,11629437000.0,,,,2003782000.0,,,,290703000.0,,10963549000.0,-746497000.0,4469469000.0,11629437000.0,128833000.0,36835000.0,,,,,,,,,225905000.0,,,,,123738000.0,80385000.0,,24988000.0,391292000.0,,4896000.0,-378817000.0,246307000.0,
2013-03-31,3900567000.0,1876319000.0,,240538000.0,1010489000.0,3127346000.0,773221000.0,,726167000.0,179797000.0,,4.61,4.53,195528000.0,199068000.0,2023860000.0,,,1391825000.0,,,467454000.0,5499998000.0,,3314964000.0,1099682000.0,,492672000.0,11629923000.0,,,,1878039000.0,,,,287590000.0,,11142597000.0,-803069000.0,4588782000.0,11629923000.0,265477000.0,58263000.0,,,,,,,,,542947000.0,,,,,138225000.0,197333000.0,,53004000.0,414880000.0,,14136000.0,-500080000.0,352695000.0,
2013-06-30,5953232000.0,2868993000.0,,361654000.0,1544808000.0,4775455000.0,1177777000.0,,1105230000.0,266982000.0,,6.16,6.04,195312000.0,199111000.0,1962086000.0,,,1409108000.0,,,471604000.0,5434511000.0,,3351662000.0,1092337000.0,,505745000.0,11587047000.0,,,,1692817000.0,,,,299661000.0,,11347943000.0,-864152000.0,4716520000.0,11587047000.0,403681000.0,78741000.0,,,,,,,,,989288000.0,,,,,136271000.0,339024000.0,,71936000.0,296345000.0,,20127000.0,-830151000.0,290921000.0,
2013-09-30,8054000000.0,3883000000.0,,494000000.0,2422000000.0,6800000000.0,1254000000.0,,1165000000.0,236000000.0,,6.63,6.49,195157000.0,199193000.0,1890000000.0,,,1402000000.0,901000000.0,,623000000.0,5873000000.0,,3476000000.0,1109000000.0,,487000000.0,12149000000.0,333000000.0,1067000000.0,,2130000000.0,,203000000.0,,408000000.0,,11342000000.0,-516000000.0,5043000000.0,12149000000.0,546000000.0,100000000.0,-149000000.0,,145000000.0,,,,,,1717000000.0,,,,,136000000.0,522000000.0,,99000000.0,-311000000.0,,23000000.0,-968000000.0,219000000.0,454000000.0
2013-12-31,2015000000.0,980000000.0,,126000000.0,531000000.0,1637000000.0,378000000.0,,359000000.0,88000000.0,,1.4,1.37,194203000.0,198110000.0,1679000000.0,,,1467000000.0,,,650000000.0,5743000000.0,,3495000000.0,1105000000.0,,502000000.0,12035000000.0,,,,1997000000.0,,,,416000000.0,,11507000000.0,-500000000.0,5078000000.0,12035000000.0,142000000.0,42000000.0,,,,,,,,,355000000.0,,,,,,99000000.0,,25000000.0,-267000000.0,,13000000.0,-298000000.0,-211000000.0,
2014-03-31,4086000000.0,1999000000.0,,273000000.0,1056000000.0,3327000000.0,759000000.0,,722000000.0,164000000.0,,2.88,2.82,193909000.0,197998000.0,1731000000.0,,,1512000000.0,,,678000000.0,5946000000.0,,3512000000.0,1124000000.0,,483000000.0,12250000000.0,,,,2016000000.0,,,,427000000.0,,11689000000.0,-455000000.0,5315000000.0,12250000000.0,272000000.0,67000000.0,,,,,,,,,768000000.0,,,,,40000000.0,214000000.0,,41000000.0,-498000000.0,,19000000.0,-422000000.0,-159000000.0,
2014-06-30,6244000000.0,3045000000.0,,410000000.0,1584000000.0,5039000000.0,1204000000.0,,1145000000.0,261000000.0,884000000.0,4.57,4.47,193624000.0,197813000.0,1661000000.0,,,1553000000.0,,,649000000.0,6045000000.0,,3551000000.0,1116000000.0,,502000000.0,12374000000.0,,,,2093000000.0,,,,432000000.0,,11909000000.0,-457000000.0,5378000000.0,12374000000.0,413000000.0,91000000.0,,,,,,,,,1207000000.0,,,,,40000000.0,339000000.0,,66000000.0,-730000000.0,,26000000.0,-701000000.0,-229000000.0,
2014-09-30,8446000000.0,4145000000.0,,550000000.0,2145000000.0,6840000000.0,1606000000.0,,1522000000.0,337000000.0,1185000000.0,6.13,5.99,193299000.0,197709000.0,1861000000.0,,,1495000000.0,969000000.0,,704000000.0,6131000000.0,,3605000000.0,1090000000.0,,497000000.0,12447000000.0,401000000.0,1053000000.0,,2235000000.0,,130000000.0,,383000000.0,,12105000000.0,-1001000000.0,5053000000.0,12447000000.0,562000000.0,113000000.0,-94000000.0,,189000000.0,,,,,,1746000000.0,,,,,40000000.0,592000000.0,,84000000.0,-948000000.0,,27000000.0,-807000000.0,-29000000.0,330000000.0
2014-12-31,2051000000.0,1006000000.0,,129000000.0,544000000.0,1702000000.0,349000000.0,,285000000.0,50000000.0,236000000.0,1.22,1.2,192844000.0,197000000.0,8540000000.0,,,1512000000.0,,,784000000.0,12111000000.0,,3565000000.0,1140000000.0,,506000000.0,18503000000.0,,,,2081000000.0,,,,432000000.0,,12224000000.0,-1139000000.0,5068000000.0,18503000000.0,139000000.0,48000000.0,,,,,,,,,286000000.0,,,,,106000000.0,105000000.0,,30000000.0,368000000.0,,31000000.0,6033000000.0,6679000000.0,
2015-03-31,4102000000.0,2011000000.0,,258000000.0,1055000000.0,3460000000.0,642000000.0,,510000000.0,58000000.0,452000000.0,2.32,2.28,196085000.0,199938000.0,1912000000.0,,,2278000000.0,,,1016000000.0,6996000000.0,,3992000000.0,7663000000.0,,696000000.0,28293000000.0,,,,4497000000.0,,,,3513000000.0,,12324000000.0,-1623000000.0,7159000000.0,28293000000.0,277000000.0,92000000.0,,,,,,,,,514000000.0,,,,,8307000000.0,252000000.0,,66000000.0,-7829000000.0,,40000000.0,7392000000.0,51000000.0,
2015-06-30,7222000000.0,3943000000.0,,437000000.0,1820000000.0,6444000000.0,779000000.0,,549000000.0,35000000.0,514000000.0,2.58,2.52,210175000.0,214928000.0,1559000000.0,,,2020000000.0,,,921000000.0,6303000000.0,,4047000000.0,7464000000.0,,674000000.0,27079000000.0,,,,4517000000.0,,,,2936000000.0,,12260000000.0,-1535000000.0,7253000000.0,27079000000.0,576000000.0,138000000.0,,,,,,,,,1052000000.0,,,,,8334000000.0,387000000.0,,92000000.0,-8003000000.0,,48000000.0,6667000000.0,-302000000.0,
2015-09-30,10282000000.0,5587000000.0,4695000000.0,632000000.0,2563000000.0,9207000000.0,1074000000.0,,739000000.0,44000000.0,695000000.0,3.43,3.35,202537000.0,207509000.0,1424000000.0,,,1959000000.0,1367000000.0,,950000000.0,6045000000.0,,4060000000.0,7537000000.0,,673000000.0,26820000000.0,631000000.0,1624000000.0,,4386000000.0,,1951000000.0,,2767000000.0,,12314000000.0,-1738000000.0,7164000000.0,26820000000.0,891000000.0,166000000.0,-274000000.0,,-200000000.0,,,,,,1730000000.0,,,,,8414000000.0,596000000.0,,110000000.0,-8318000000.0,,48000000.0,6190000000.0,-436000000.0,240000000.0
2015-12-31,2986000000.0,1578000000.0,,187000000.0,748000000.0,2635000000.0,352000000.0,,266000000.0,37000000.0,229000000.0,1.08,1.06,211689000.0,216294000.0,1583000000.0,,,1985000000.0,,,514000000.0,5641000000.0,,3957000000.0,7372000000.0,,727000000.0,26046000000.0,,,,4529000000.0,,,,2286000000.0,,12402000000.0,-1840000000.0,7223000000.0,26046000000.0,289000000.0,76000000.0,,,,,,,,,463000000.0,,,,,0.0,134000000.0,,18000000.0,-145000000.0,,44000000.0,-145000000.0,158000000.0,
2016-03-31,6054000000.0,3162000000.0,,369000000.0,1480000000.0,5236000000.0,818000000.0,,642000000.0,75000000.0,567000000.0,2.67,2.62,212469000.0,216695000.0,1696000000.0,,,1846000000.0,,,551000000.0,6612000000.0,,3779000000.0,7448000000.0,,694000000.0,26236000000.0,,,,4380000000.0,,,,2181000000.0,,12600000000.0,-1647000000.0,7666000000.0,26236000000.0,569000000.0,119000000.0,,,,,,,,,1020000000.0,,,,,0.0,258000000.0,,22000000.0,-170000000.0,,51000000.0,-576000000.0,272000000.0,
2016-06-30,9252000000.0,4813000000.0,,575000000.0,2209000000.0,7918000000.0,1334000000.0,,1065000000.0,107000000.0,958000000.0,4.51,4.41,213083000.0,217372000.0,1686000000.0,,1618000000.0,1835000000.0,,,409000000.0,6534000000.0,,3813000000.0,7425000000.0,,712000000.0,26016000000.0,,,,4219000000.0,,,,2045000000.0,,12850000000.0,-1605000000.0,8033000000.0,26016000000.0,841000000.0,158000000.0,,,,,,,,,1854000000.0,,,,,0.0,405000000.0,,64000000.0,-318000000.0,,75000000.0,-1276000000.0,262000000.0,
2016-09-30,12483000000.0,6492000000.0,5991000000.0,828000000.0,3005000000.0,11053000000.0,1430000000.0,,1074000000.0,97000000.0,976000000.0,4.59,4.49,212702000.0,217536000.0,1541000000.0,,1618000000.0,1719000000.0,1544000000.0,,480000000.0,6367000000.0,,3901000000.0,7419000000.0,,753000000.0,25586000000.0,665000000.0,1575000000.0,,4400000000.0,,,,1684000000.0,,12727000000.0,-1929000000.0,7633000000.0,25586000000.0,1114000000.0,196000000.0,-519000000.0,,-69000000.0,,,,,,2559000000.0,,,,,0.0,693000000.0,,108000000.0,-669000000.0,,86000000.0,-1761000000.0,117000000.0,218000000.0
2016-12-31,2922000000.0,1470000000.0,,182000000.0,709000000.0,2111000000.0,811000000.0,,692000000.0,131000000.0,562000000.0,2.64,2.58,213064000.0,217739000.0,919000000.0,,1518000000.0,1692000000.0,,,643000000.0,5187000000.0,,3827000000.0,7363000000.0,,927000000.0,24318000000.0,,,,4570000000.0,,,,1798000000.0,,13133000000.0,-2162000000.0,7583000000.0,24318000000.0,262000000.0,61000000.0,,,,,,,,,315000000.0,,,,,,112000000.0,,23000000.0,48000000.0,,0.0,-955000000.0,-622000000.0,
2017-03-31,5892000000.0,3007000000.0,,368000000.0,1432000000.0,4634000000.0,1257000000.0,,1054000000.0,148000000.0,905000000.0,4.24,4.15,213583000.0,217986000.0,548000000.0,,1569000000.0,1747000000.0,,,664000000.0,4891000000.0,,3941000000.0,7405000000.0,,948000000.0,24121000000.0,,,,4018000000.0,,,,1702000000.0,,13321000000.0,-2009000000.0,7963000000.0,24121000000.0,523000000.0,99000000.0,,,,,,,,,1040000000.0,,,,,40000000.0,272000000.0,,34000000.0,-155000000.0,,0.0,-1861000000.0,-993000000.0,
2017-06-30,8927000000.0,4539000000.0,,554000000.0,2151000000.0,7892000000.0,1035000000.0,,650000000.0,-271000000.0,773000000.0,3.43,3.36,220807000.0,220807000.0,13852000000.0,,1749000000.0,1829000000.0,,,731000000.0,18212000000.0,,4410000000.0,7513000000.0,,938000000.0,37166000000.0,,,,3273000000.0,,,,1406000000.0,,12989000000.0,-1923000000.0,12587000000.0,37166000000.0,802000000.0,138000000.0,,,,,,,,,1424000000.0,,,,,158000000.0,467000000.0,,94000000.0,-536000000.0,,0.0,11433000000.0,12310000000.0,
2017-09-30,12093000000.0,6151000000.0,5942000000.0,774000000.0,2925000000.0,10615000000.0,1478000000.0,,976000000.0,-124000000.0,1100000000.0,4.7,4.6,218943000.0,223588000.0,14179000000.0,,1744000000.0,1818000000.0,1216000000.0,,856000000.0,18633000000.0,,4638000000.0,7563000000.0,,968000000.0,37734000000.0,797000000.0,1393000000.0,,3342000000.0,,,,1609000000.0,,13111000000.0,-1723000000.0,12948000000.0,37734000000.0,1088000000.0,174000000.0,-74000000.0,,46000000.0,,,,,,2550000000.0,,,,,174000000.0,727000000.0,,161000000.0,-883000000.0,,0.0,10977000000.0,12638000000.0,265000000.0
2017-12-31,3080000000.0,1530000000.0,,192000000.0,774000000.0,2850000000.0,230000000.0,,105000000.0,241000000.0,-136000000.0,-0.76,-0.76,230038000.0,230038000.0,1124000000.0,,2000000000.0,2967000000.0,,,1255000000.0,7542000000.0,,5262000000.0,22699000000.0,,1184000000.0,55363000000.0,,,,4895000000.0,,,,5961000000.0,,12765000000.0,-1740000000.0,21247000000.0,55363000000.0,291000000.0,141000000.0,,,,,,,,,320000000.0,,,,,15013000000.0,178000000.0,,62000000.0,-15315000000.0,,,1938000000.0,-13055000000.0,
2018-03-31,7302000000.0,4148000000.0,,452000000.0,1831000000.0,6889000000.0,413000000.0,,111000000.0,260000000.0,-148000000.0,-0.9,-0.9,267341000.0,267341000.0,1251000000.0,,2293000000.0,2543000000.0,,,1241000000.0,7512000000.0,,5411000000.0,23491000000.0,,1159000000.0,54573000000.0,,,,4426000000.0,,,,5233000000.0,,12616000000.0,-1704000000.0,21152000000.0,54573000000.0,844000000.0,207000000.0,,,,,,,,,1017000000.0,,,,,15118000000.0,391000000.0,,138000000.0,-15540000000.0,,,1565000000.0,-12929000000.0,
2018-06-30,11581000000.0,6410000000.0,,728000000.0,2912000000.0,10655000000.0,926000000.0,,759000000.0,313000000.0,594000000.0,2.08,2.03,267836000.0,273925000.0,1384000000.0,,2243000000.0,2562000000.0,,,1196000000.0,7525000000.0,,5321000000.0,23505000000.0,,984000000.0,53977000000.0,,,,6106000000.0,,,,5088000000.0,,12971000000.0,-1902000000.0,21357000000.0,53977000000.0,1412000000.0,261000000.0,,,,,,,,,1559000000.0,,,,,15111000000.0,588000000.0,,145000000.0,-15298000000.0,,,949000000.0,-12795000000.0,
2018-09-30,15983000000.0,8721000000.0,7262000000.0,1006000000.0,4015000000.0,14487000000.0,1497000000.0,,1173000000.0,862000000.0,311000000.0,0.62,0.6,258354000.0,264621000.0,1140000000.0,,2319000000.0,2451000000.0,1275000000.0,,1251000000.0,7411000000.0,,5375000000.0,23600000000.0,,1078000000.0,53904000000.0,1106000000.0,2255000000.0,,7216000000.0,,,,5743000000.0,,12596000000.0,-1909000000.0,20994000000.0,53904000000.0,1978000000.0,322000000.0,-262000000.0,,-246000000.0,,,,,,2865000000.0,,,,,15281000000.0,895000000.0,,198000000.0,-15829000000.0,,0.0,-58000000.0,-13039000000.0,235000000.0
2018-12-31,4160000000.0,2187000000.0,,258000000.0,1073000000.0,3273000000.0,888000000.0,,714000000.0,115000000.0,599000000.0,2.09,2.05,269035000.0,274256000.0,943000000.0,,2216000000.0,2522000000.0,,,1157000000.0,6941000000.0,,5362000000.0,23505000000.0,,1062000000.0,52932000000.0,,,,7145000000.0,,,,5762000000.0,,13018000000.0,-1927000000.0,21404000000.0,52932000000.0,563000000.0,93000000.0,,,,,,,,,245000000.0,,,,,0.0,167000000.0,,20000000.0,299000000.0,,,-734000000.0,-195000000.0,
2019-03-31,8355000000.0,4408000000.0,,510000000.0,2161000000.0,7332000000.0,1024000000.0,,718000000.0,98000000.0,619000000.0,2.02,1.98,269882000.0,274429000.0,686000000.0,,2279000000.0,2627000000.0,,,1161000000.0,6844000000.0,,5473000000.0,23513000000.0,,1061000000.0,52598000000.0,,,,7108000000.0,,,,5810000000.0,,12792000000.0,-1839000000.0,21309000000.0,52598000000.0,1126000000.0,152000000.0,,,,,,,,,1027000000.0,,,,,0.0,362000000.0,,90000000.0,30000000.0,,,-1532000000.0,-469000000.0,
2019-06-30,12706000000.0,6684000000.0,,792000000.0,3238000000.0,11056000000.0,1649000000.0,,1178000000.0,107000000.0,1071000000.0,3.55,3.49,270249000.0,274510000.0,523000000.0,,2220000000.0,2629000000.0,,,1326000000.0,6781000000.0,,5550000000.0,23498000000.0,,1063000000.0,52233000000.0,,,,6237000000.0,,,,5621000000.0,,12997000000.0,-1897000000.0,21497000000.0,52233000000.0,1700000000.0,208000000.0,,,,,,,,,1959000000.0,,,,,0.0,599000000.0,,182000000.0,-300000000.0,,,-2300000000.0,-642000000.0,
2019-09-30,17290000000.0,9002000000.0,8288000000.0,1062000000.0,4332000000.0,15530000000.0,1760000000.0,,1176000000.0,-57000000.0,1233000000.0,4.01,3.94,269943000.0,274775000.0,536000000.0,,2345000000.0,2579000000.0,1234000000.0,,1119000000.0,6664000000.0,,5659000000.0,23376000000.0,,1088000000.0,51765000000.0,1092000000.0,2127000000.0,,5655000000.0,,,,5676000000.0,,12913000000.0,-2283000000.0,21081000000.0,51765000000.0,2253000000.0,261000000.0,-633000000.0,,149000000.0,,,,,,3330000000.0,,,,,0.0,957000000.0,,261000000.0,-741000000.0,,,-3223000000.0,-646000000.0,536000000.0
2019-12-31,4225000000.0,2247000000.0,,270000000.0,1121000000.0,3724000000.0,501000000.0,,394000000.0,117000000.0,278000000.0,0.88,0.87,271102000.0,274952000.0,560000000.0,,2074000000.0,2760000000.0,,,987000000.0,6438000000.0,,5782000000.0,23435000000.0,,1573000000.0,51952000000.0,,,,6726000000.0,,,,5785000000.0,,12938000000.0,-2202000000.0,21202000000.0,51952000000.0,530000000.0,82000000.0,,,,,,,,,713000000.0,,,,,,173000000.0,,114000000.0,-287000000.0,,,-413000000.0,18000000.0,
2020-03-31,8479000000.0,4766000000.0,,535000000.0,2146000000.0,7607000000.0,871000000.0,,594000000.0,134000000.0,461000000.0,1.42,1.4,272014000.0,275173000.0,2351000000.0,,2160000000.0,2793000000.0,,,1156000000.0,8555000000.0,,5664000000.0,23415000000.0,,1509000000.0,53516000000.0,,,,8755000000.0,,,,5747000000.0,,12868000000.0,-2419000000.0,20951000000.0,53516000000.0,1067000000.0,141000000.0,-136000000.0,,,,,,,,1196000000.0,,,,,,395000000.0,,147000000.0,-542000000.0,,,1210000000.0,1849000000.0,
2020-06-30,12333000000.0,6962000000.0,,797000000.0,3126000000.0,11104000000.0,1229000000.0,,842000000.0,96000000.0,746000000.0,2.41,2.38,282385000.0,285148000.0,2882000000.0,,1993000000.0,2945000000.0,,,903000000.0,8827000000.0,,5841000000.0,23549000000.0,,1632000000.0,53959000000.0,,,,6067000000.0,,,,5483000000.0,,12916000000.0,-2367000000.0,24022000000.0,53959000000.0,1601000000.0,193000000.0,,,,,,,,,2058000000.0,,,,,139000000.0,597000000.0,,169000000.0,-905000000.0,,,1230000000.0,2374000000.0,
2020-09-30,17117000000.0,9540000000.0,7577000000.0,1096000000.0,4325000000.0,15633000000.0,1484000000.0,,985000000.0,111000000.0,874000000.0,2.75,2.71,278971000.0,282402000.0,2825000000.0,,2398000000.0,2743000000.0,1376000000.0,,891000000.0,8969000000.0,,5923000000.0,23620000000.0,,1687000000.0,54012000000.0,1355000000.0,2638000000.0,,5836000000.0,,,,5753000000.0,,12791000000.0,-2548000000.0,23765000000.0,54012000000.0,2154000000.0,244000000.0,-286000000.0,,125000000.0,,,,,,3539000000.0,,,,,164000000.0,810000000.0,,257000000.0,-1232000000.0,,,22000000.0,2326000000.0,518000000.0
2020-12-31,5315000000.0,2583000000.0,,291000000.0,1149000000.0,4074000000.0,1241000000.0,,1157000000.0,154000000.0,1003000000.0,3.38,3.35,290590000.0,293112000.0,3248000000.0,,2370000000.0,2814000000.0,,,889000000.0,9537000000.0,,6096000000.0,23758000000.0,,1801000000.0,54748000000.0,,,,7021000000.0,,,,5549000000.0,,13522000000.0,-2414000000.0,24663000000.0,54748000000.0,555000000.0,83000000.0,,,,,,,,,1533000000.0,,,,,67000000.0,246000000.0,,116000000.0,-430000000.0,,,-592000000.0,530000000.0,
2021-03-31,10223000000.0,5244000000.0,,608000000.0,2298000000.0,8547000000.0,1676000000.0,,1462000000.0,160000000.0,1302000000.0,4.32,4.28,291095000.0,293547000.0,3734000000.0,,2118000000.0,2895000000.0,,,1065000000.0,10000000000.0,,6142000000.0,23772000000.0,,1758000000.0,54921000000.0,,,,5376000000.0,,,,5575000000.0,,13557000000.0,-2329000000.0,24826000000.0,54921000000.0,1113000000.0,138000000.0,,,,,,,,,2721000000.0,,,,,179000000.0,499000000.0,,186000000.0,-863000000.0,,,-893000000.0,981000000.0,
2021-06-30,15113000000.0,7973000000.0,,952000000.0,3535000000.0,12809000000.0,2304000000.0,,1976000000.0,149000000.0,1827000000.0,6.06,6.0,290401000.0,293094000.0,3153000000.0,,2078000000.0,2947000000.0,,,1207000000.0,9538000000.0,,6164000000.0,23814000000.0,,1821000000.0,54333000000.0,,,,7749000000.0,,,,5329000000.0,,13821000000.0,-2330000000.0,24135000000.0,54333000000.0,1681000000.0,189000000.0,,,,,,,,,3696000000.0,,,,,283000000.0,766000000.0,,137000000.0,-1186000000.0,,,-2164000000.0,365000000.0,
2021-09-30,20248000000.0,10821000000.0,,1339000000.0,4867000000.0,17449000000.0,2799000000.0,,2242000000.0,150000000.0,2092000000.0,6.92,6.85,289288000.0,292089000.0,2283000000.0,,2497000000.0,2866000000.0,1343000000.0,,1072000000.0,8838000000.0,,6393000000.0,23901000000.0,,1952000000.0,53866000000.0,1793000000.0,2943000000.0,,6626000000.0,,,,5225000000.0,,13826000000.0,-2088000000.0,23677000000.0,53866000000.0,2273000000.0,237000000.0,-288000000.0,,104000000.0,,,,,,4647000000.0,,,,,508000000.0,1231000000.0,,142000000.0,-1880000000.0,,,-3306000000.0,-525000000.0,670000000.0
2021-12-31,4995000000.0,2572000000.0,,329000000.0,1223000000.0,4180000000.0,815000000.0,,723000000.0,46000000.0,677000000.0,2.3,2.28,284685000.0,286723000.0,1903000000.0,,2177000000.0,3035000000.0,,,1040000000.0,8307000000.0,,6384000000.0,24116000000.0,,1945000000.0,53363000000.0,,,,6735000000.0,,,,5030000000.0,,14233000000.0,-2043000000.0,24160000000.0,53363000000.0,557000000.0,83000000.0,,,,,,,,,674000000.0,,,,,415000000.0,188000000.0,,84000000.0,-686000000.0,,,-327000000.0,-345000000.0,
2022-03-31,10006000000.0,5278000000.0,,673000000.0,2456000000.0,8539000000.0,1467000000.0,,1248000000.0,117000000.0,1131000000.0,3.81,3.78,285243000.0,287299000.0,3147000000.0,,2303000000.0,3258000000.0,,,1256000000.0,10152000000.0,,6406000000.0,24096000000.0,,1866000000.0,54786000000.0,,,,6657000000.0,,,,4973000000.0,,14416000000.0,-1910000000.0,24525000000.0,54786000000.0,1114000000.0,140000000.0,,,,,,,,,1118000000.0,,,,,450000000.0,415000000.0,,124000000.0,-990000000.0,,,804000000.0,928000000.0,
2022-06-30,14109000000.0,7709000000.0,,956000000.0,3527000000.0,12316000000.0,1793000000.0,,1463000000.0,115000000.0,1491000000.0,4.99,4.95,285441000.0,287431000.0,2558000000.0,,2218000000.0,3163000000.0,,,1392000000.0,9547000000.0,,6005000000.0,23968000000.0,,1793000000.0,53199000000.0,,,,7080000000.0,,,,4934000000.0,,15088000000.0,-1660000000.0,25493000000.0,53199000000.0,1648000000.0,184000000.0,,,,,,,,,1498000000.0,,,,,450000000.0,658000000.0,,107000000.0,-1215000000.0,,,-187000000.0,368000000.0,
2022-09-30,18870000000.0,10393000000.0,,1256000000.0,4709000000.0,16588000000.0,2282000000.0,,1783000000.0,148000000.0,1779000000.0,5.93,5.88,285005000.0,287364000.0,1006000000.0,,2191000000.0,3224000000.0,1178000000.0,,1559000000.0,8141000000.0,,6012000000.0,24621000000.0,,1848000000.0,52934000000.0,1699000000.0,2605000000.0,,7811000000.0,,,,5052000000.0,,15157000000.0,-1488000000.0,25282000000.0,52934000000.0,2229000000.0,233000000.0,-129000000.0,,631000000.0,,,,,,2471000000.0,,,,,2070000000.0,973000000.0,,178000000.0,-3220000000.0,,,-736000000.0,-1233000000.0,532000000.0
2022-12-31,4586000000.0,2453000000.0,,313000000.0,1187000000.0,4001000000.0,585000000.0,,481000000.0,-28000000.0,509000000.0,1.71,1.7,283887000.0,285340000.0,612000000.0,,2282000000.0,3604000000.0,,,1545000000.0,8175000000.0,,6247000000.0,24763000000.0,,1955000000.0,53129000000.0,,,,7625000000.0,,,,4862000000.0,,15384000000.0,-1559000000.0,25472000000.0,53129000000.0,567000000.0,89000000.0,,,,,,,,,399000000.0,,,,,0.0,208000000.0,,83000000.0,-291000000.0,,,-534000000.0,-415000000.0,
2023-03-31,9407000000.0,5038000000.0,,651000000.0,2392000000.0,8193000000.0,1213000000.0,,1009000000.0,68000000.0,969000000.0,3.25,3.24,284292000.0,285645000.0,1981000000.0,,2413000000.0,3656000000.0,,,1444000000.0,9587000000.0,,6356000000.0,24780000000.0,,1994000000.0,54394000000.0,,,,7304000000.0,,,,4471000000.0,,15563000000.0,-1575000000.0,25689000000.0,54394000000.0,1130000000.0,145000000.0,,,,,,,,,584000000.0,,,,,0.0,389000000.0,,134000000.0,-524000000.0,,,835000000.0,909000000.0,
2023-06-30,14285000000.0,7816000000.0,,956000000.0,3581000000.0,12523000000.0,1762000000.0,,1481000000.0,104000000.0,1376000000.0,4.62,4.6,286317000.0,287944000.0,923000000.0,,2414000000.0,3588000000.0,,,1282000000.0,8588000000.0,,6474000000.0,24584000000.0,,2059000000.0,53017000000.0,,,,6878000000.0,,,,4373000000.0,,15691000000.0,-1507000000.0,25937000000.0,53017000000.0,1701000000.0,201000000.0,,,,,,,,,1665000000.0,,,,,0.0,580000000.0,,272000000.0,-853000000.0,,,-959000000.0,-134000000.0,
2023-09-30,19372000000.0,11202000000.0,,1237000000.0,4719000000.0,17261000000.0,2111000000.0,,1662000000.0,132000000.0,1484000000.0,4.97,4.94,286282000.0,288392000.0,1416000000.0,,2534000000.0,3273000000.0,1642000000.0,,1380000000.0,8676000000.0,,6557000000.0,24522000000.0,,2078000000.0,52780000000.0,1641000000.0,2604000000.0,,6641000000.0,,,,4582000000.0,,15535000000.0,-1548000000.0,25796000000.0,52780000000.0,2288000000.0,259000000.0,-622000000.0,,15000000.0,,,,,,2990000000.0,,,,,0.0,874000000.0,,382000000.0,-716000000.0,,,-1956000000.0,322000000.0,629000000.0
2023-12-31,4706000000.0,2679000000.0,,290000000.0,1213000000.0,4267000000.0,439000000.0,,359000000.0,77000000.0,281000000.0,0.97,0.96,290113000.0,291398000.0,1180000000.0,,2267000000.0,3304000000.0,,,1349000000.0,8156000000.0,,6647000000.0,24597000000.0,,2259000000.0,52274000000.0,,,,7540000000.0,,,,4414000000.0,,15540000000.0,-1515000000.0,25332000000.0,52274000000.0,561000000.0,83000000.0,,,,,,,,,855000000.0,,,,,,116000000.0,,116000000.0,-233000000.0,,,-862000000.0,-247000000.0,
2024-03-31,9751000000.0,5420000000.0,,589000000.0,2406000000.0,8578000000.0,1173000000.0,,991000000.0,173000000.0,818000000.0,2.82,2.81,289941000.0,291209000.0,2348000000.0,,2559000000.0,3229000000.0,,,1330000000.0,10340000000.0,,6591000000.0,24566000000.0,,2399000000.0,54157000000.0,,,,7327000000.0,,,,4297000000.0,,15802000000.0,-1535000000.0,25647000000.0,54157000000.0,1132000000.0,143000000.0,,,,,,,,,1369000000.0,,,,,,250000000.0,,224000000.0,-1289000000.0,,,843000000.0,913000000.0,
2024-06-30,14741000000.0,8103000000.0,,888000000.0,3601000000.0,12966000000.0,1775000000.0,,1491000000.0,186000000.0,1305000000.0,4.5,4.49,289815000.0,290857000.0,4459000000.0,,2596000000.0,3255000000.0,,,1018000000.0,12207000000.0,,6518000000.0,24546000000.0,,2401000000.0,55582000000.0,,,,6605000000.0,,,,4071000000.0,,16015000000.0,-1579000000.0,25868000000.0,55582000000.0,1700000000.0,196000000.0,,,,,,,,,2666000000.0,,,,,,429000000.0,,318000000.0,-1577000000.0,,,1963000000.0,3006000000.0,
2024-09-30,20178000000.0,11053000000.0,,1190000000.0,4857000000.0,17780000000.0,2397000000.0,,2005000000.0,300000000.0,1705000000.0,5.88,5.86,289763000.0,291009000.0,1717000000.0,,3033000000.0,3843000000.0,1498000000.0,,1292000000.0,10468000000.0,,6821000000.0,26465000000.0,,2615000000.0,57286000000.0,1896000000.0,3476000000.0,,8956000000.0,,,,3558000000.0,,16139000000.0,-1732000000.0,25890000000.0,57286000000.0,2286000000.0,247000000.0,-211000000.0,,-98000000.0,,,,,,3844000000.0,,,,,3924000000.0,725000000.0,,444000000.0,-5514000000.0,,,2087000000.0,375000000.0,653000000.0
