Date,Net sales,Cost of sales,Gross margin,Research and development,"Selling, general and administrative",Total operating expenses,Operating income,"Other income/(expense), net",Income before provision for income taxes,Provision for income taxes,Net income,Earnings per share basic,Earnings per share diluted,Weighted-average basic,Weighted-average diluted,Cash and cash equivalents,Short-term marketable securities,"Accounts receivable, net",Inventories,Deferred tax assets,Vendor non-trade receivables,Other current assets,Total current assets,Long-term marketable securities,"Property, Plant and Equipment, Net",Goodwill,"Acquired intangible assets, net","Other Assets, Noncurrent",Total assets,accounts payable,Accrued expenses,Deferred revenue,Total current liabilities,Deferred revenue - non-current,deferred tax liabilities,long term taxes payable,Total other non-current liabilities,Total liabilities,Retained Earnings (Accumulated Deficit),Accumulated other comprehensive (loss)/income,Total shareholders equity,Total liabilities and shareholders' equity,"Depreciation, amortization and accretion",Stock-based compensation expense,Deferred income tax expense,"Increase (Decrease) in Accounts receivable, net",Increase (Decrease) in Inventories,Increase (Decrease) in Other Receivables,Increase (Decrease) in Other Operating Assets,Increase (Decrease) in Accounts Payable,Increase (Decrease) in Deferred Revenue,Increase (Decrease) Other liabilities,Cash generated by operating activities,Purchases of marketable securities,Proceeds from maturities of marketable securities,Proceeds from sales of marketable securities,Purchases of other long-term investments,"Business acquisitions, net of cash acquired",Cash payments for capital asset purchases,Payments for acquisition of intangible assets,Payments for (Proceeds from) Other Investing Activities,Cash used in investing activities,Proceeds from issuance of common stock,Excess tax benefits from stock-based compensation,Cash generated/used in financing activities,Increase/(decrease) in cash and cash equivalents,"Cash paid for income taxes, net"
2009-12-31,1377411000.0,,,,,910434000.0,466977000.0,47308000.0,,156736000.0,355603000.0,1.55,1.54,,,2753253000.0,1063711000.0,,,70535000.0,,,5031628000.0,103291000.0,530926000.0,1439874000.0,567345000.0,36382000.0,9224129000.0,,26848000.0,,971307000.0,,223645000.0,,83929000.0,2052739000.0,6986831000.0,125399000.0,7135051000.0,9224129000.0,,19619000.0,-106000.0,,,,56321000.0,,,-19528000.0,317075000.0,,,,,0.0,9590000.0,,,69149000.0,,9502000.0,-640591000.0,-254143000.0,
2010-03-31,2790524000.0,,,,,1862412000.0,928112000.0,94529000.0,,306682000.0,712288000.0,3.11,3.1,,,2860991000.0,1053009000.0,,,75307000.0,,,5123003000.0,102517000.0,534785000.0,1445139000.0,567562000.0,34736000.0,9520582000.0,,27284000.0,,989638000.0,,228770000.0,,86556000.0,2104016000.0,7217850000.0,143687000.0,7384276000.0,9520582000.0,,40368000.0,-2092000.0,,,,56845000.0,,,2047000.0,696397000.0,,,,,0.0,27862000.0,,,-30973000.0,,10415000.0,-733960000.0,-80831000.0,
2010-09-30,5852999000.0,,,,,3894319000.0,1958680000.0,111128000.0,,618312000.0,1445689000.0,6.36,6.33,226104.0,227353.0,3985312000.0,1114637000.0,,,143659000.0,,,6362793000.0,4820000.0,548956000.0,1444269000.0,562360000.0,45680000.0,10708088000.0,,36760000.0,,1006642000.0,,237810000.0,,91261000.0,2958109000.0,7530877000.0,173716000.0,7726994000.0,10708088000.0,67700000.0,81710000.0,-12057000.0,,,,122584000.0,,,33159000.0,1651039000.0,,,247100000.0,,,57403000.0,,,-32668000.0,,11719000.0,-594919000.0,1019265000.0,
2010-12-31,1700313000.0,,,,,1041079000.0,659234000.0,38433000.0,,207550000.0,501157000.0,2.24,2.23,223169000.0,224253000.0,4101724000.0,1017398000.0,,,96114000.0,,,6808499000.0,,566672000.0,1447065000.0,560336000.0,122522000.0,12391955000.0,,,,1108329000.0,,241306000.0,,86503000.0,4238432000.0,7827026000.0,186537000.0,8129728000.0,12391955000.0,,21775000.0,5957000.0,,,,135780000.0,,,9130000.0,245776000.0,,,140000000.0,,,54003000.0,,,244102000.0,,12047000.0,-292712000.0,197314000.0,
2011-12-31,1701876000.0,,,,,1069496000.0,632380000.0,62611000.0,694991000.0,201265000.0,480785000.0,2.21,2.2,216143000.0,216727000.0,4248837000.0,756165000.0,,,106648000.0,,,7084056000.0,,594668000.0,1535602000.0,606625000.0,100684000.0,13405487000.0,,,,1040924000.0,,278772000.0,,93850000.0,4445586000.0,8198497000.0,12932000.0,8273643000.0,13405487000.0,,25660000.0,7049000.0,,,,27820000.0,,,-70512000.0,167740000.0,,,253200000.0,,,26768000.0,,,236404000.0,,17374000.0,-681428000.0,-286755000.0,
2012-03-31,3501225000.0,,,,,2251688000.0,1249537000.0,135389000.0,1384926000.0,403416000.0,984004000.0,4.54,4.53,215336000.0,215912000.0,4541927000.0,724061000.0,,,102784000.0,,,7568629000.0,,594797000.0,1537819000.0,607540000.0,103930000.0,13662808000.0,,,,1116704000.0,,285357000.0,,99397000.0,4286559000.0,8557557000.0,76343000.0,8689779000.0,13662808000.0,,50298000.0,15909000.0,,,,98661000.0,,,-25787000.0,478349000.0,,,371900000.0,,0.0,45285000.0,,,441618000.0,,17598000.0,-1046749000.0,-119472000.0,
2012-06-30,5284809000.0,,,,,3392350000.0,1892459000.0,107325000.0,1999784000.0,588322000.0,1439271000.0,6.66,6.65,214592000.0,215214000.0,4676520000.0,602917000.0,,,96639000.0,,,7341652000.0,,585173000.0,1528295000.0,599193000.0,106612000.0,13634313000.0,,,,1385976000.0,,263246000.0,,96572000.0,4297694000.0,8704623000.0,-8546000.0,8749329000.0,13634313000.0,,77419000.0,8082000.0,,,,160624000.0,,,-10471000.0,885832000.0,,,521400000.0,,0.0,61853000.0,,,609701000.0,,18675000.0,-1290707000.0,186439000.0,
2012-09-30,7101000000.0,,,,,4585800000.0,2515200000.0,163000000.0,2678200000.0,762700000.0,1931400000.0,8.98,8.95,213800000.0,214400000.0,5784300000.0,,,,94900000.0,,,,,582700000.0,1540800000.0,601100000.0,,14751500000.0,,,,,,,,,4964300000.0,9084400000.0,62000000.0,9201300000.0,14751500000.0,67900000.0,101300000.0,16300000.0,,,,222800000.0,,,2500000.0,1066200000.0,,,578100000.0,,0.0,-78400000.0,,,873400000.0,,19700000.0,-1084900000.0,852800000.0,
2012-12-31,1901800000.0,,,,,1216700000.0,685100000.0,31000000.0,716100000.0,211400000.0,516100000.0,2.42,2.42,211500000.0,211800000.0,5086800000.0,,,,94700000.0,,,,,578000000.0,1647700000.0,744600000.0,,14354200000.0,,,,,,,,,4753200000.0,8847500000.0,63800000.0,8947800000.0,14354200000.0,,27600000.0,,,,,56100000.0,,,-3100000.0,286400000.0,,,159000000.0,,-5700000.0,12300000.0,,,34500000.0,,5700000.0,-1140400000.0,-808700000.0,
2013-03-31,3915400000.0,,,,,2500900000.0,1414500000.0,116600000.0,1531100000.0,433000000.0,1088900000.0,5.12,5.11,211400000.0,211700000.0,5411300000.0,,,,100300000.0,,,,,573900000.0,1644200000.0,736700000.0,,14810200000.0,,,,,,,,,4651800000.0,9384500000.0,8700000.0,9420000000.0,14810200000.0,,57100000.0,,,,,201700000.0,,,-12100000.0,771800000.0,,,200000000.0,,-5700000.0,28200000.0,,,98000000.0,,11700000.0,-1349900000.0,-495600000.0,
2013-06-30,6000200000.0,,,,,3814000000.0,2186200000.0,116900000.0,2303100000.0,642900000.0,1641200000.0,2.57,2.57,634000000.0,634900000.0,6069000000.0,,,,103100000.0,,,,,563200000.0,1632700000.0,726100000.0,,15317200000.0,,,,,,,,,4794100000.0,9763200000.0,-48400000.0,9779800000.0,15317200000.0,,86200000.0,,,,,188200000.0,,,19500000.0,1527600000.0,,,254000000.0,,-3900000.0,41600000.0,,,177600000.0,,16000000.0,-1507800000.0,180700000.0,
2013-09-30,7985000000.0,,,,,5063700000.0,2921300000.0,105300000.0,3026600000.0,855900000.0,2150200000.0,3.37,3.37,633100000.0,634100000.0,6186000000.0,,,,112400000.0,,,,,564100000.0,1701500000.0,657700000.0,,15390300000.0,,,,,,,,,4583000000.0,9991200000.0,6100000.0,10073100000.0,15390300000.0,76900000.0,113400000.0,,,,,268100000.0,,,3600000.0,2035700000.0,,,367100000.0,,-800000.0,62200000.0,,,232900000.0,,20300000.0,-2018100000.0,271700000.0,
2013-12-31,2109500000.0,,,,,1296400000.0,813100000.0,35600000.0,848700000.0,252700000.0,603800000.0,0.96,0.96,628100000.0,628500000.0,6552200000.0,,,,118700000.0,,,,,559400000.0,,,,15909300000.0,,,,,,,,,4671100000.0,10423600000.0,2900000.0,10507100000.0,15909300000.0,,30900000.0,,,,,126200000.0,,,55400000.0,324700000.0,,,125600000.0,,0.0,15000000.0,,,115800000.0,,2800000.0,-72500000.0,376600000.0,
2014-03-31,4205400000.0,,,,,2606300000.0,1599100000.0,41200000.0,1640300000.0,491500000.0,1164800000.0,1.85,1.84,627100000.0,627500000.0,6814700000.0,,,,118800000.0,,,,,553500000.0,,,,16137400000.0,,,,,,,,,4491000000.0,10779700000.0,4400000.0,10865200000.0,16137400000.0,,64300000.0,,,,,112000000.0,,,146200000.0,639400000.0,,,188600000.0,,0.0,28400000.0,,,1900000.0,,5000000.0,-63400000.0,587800000.0,
2014-06-30,6335900000.0,,,,,3950000000.0,2385900000.0,137900000.0,2523800000.0,742900000.0,1743700000.0,2.77,2.77,625800000.0,626300000.0,7604200000.0,,,,129200000.0,,,,,542100000.0,,,,16691900000.0,,,,,,,,,4587300000.0,11191500000.0,24200000.0,11295300000.0,16691900000.0,,96900000.0,,,,,133700000.0,,,168000000.0,1410900000.0,,,284200000.0,,0.0,38200000.0,,,284300000.0,,8100000.0,-332300000.0,1374500000.0,
2014-09-30,8491400000.0,,,,,5270200000.0,3221200000.0,188400000.0,3409600000.0,997900000.0,2384300000.0,3.79,3.79,624800000.0,625200000.0,7596000000.0,,,,98100000.0,,,,,530700000.0,1691000000.0,,,16357100000.0,,,,,,,,,3909900000.0,11625600000.0,-117700000.0,11584100000.0,16357100000.0,82600000.0,127700000.0,,,,,113700000.0,,,167100000.0,2138000000.0,,,380400000.0,,0.0,53100000.0,,,390600000.0,,12200000.0,-1195300000.0,1272900000.0,
2014-12-31,2064300000.0,,,,,1282300000.0,782000000.0,40400000.0,822400000.0,256100000.0,566400000.0,0.91,0.91,620100000.0,620200000.0,7885200000.0,,,,77600000.0,,,,,523400000.0,,,,16296800000.0,,,,,,,,,4068300000.0,11672000000.0,-178400000.0,11555800000.0,16296800000.0,,35400000.0,23800000.0,,,,6700000.0,,,-37800000.0,572400000.0,,,36500000.0,,,16100000.0,,,90500000.0,,1900000.0,-327900000.0,289200000.0,
2015-03-31,4074100000.0,,,,,2534400000.0,1539700000.0,141600000.0,1681300000.0,492100000.0,1172900000.0,1.88,1.88,618900000.0,619000000.0,8122300000.0,,,,95600000.0,,,,,516900000.0,,,,16491100000.0,,,,,,,,,4007200000.0,12048600000.0,-289000000.0,11821500000.0,16491100000.0,,72800000.0,5600000.0,,,,1400000.0,,,-39300000.0,1121400000.0,,,73600000.0,,,29700000.0,,,107100000.0,13600000.0,5200000.0,-545000000.0,526300000.0,
2015-06-30,6074900000.0,,,,,3765400000.0,2309500000.0,123200000.0,2432700000.0,709500000.0,1677100000.0,2.7,2.7,617300000.0,617400000.0,8426400000.0,,,,106300000.0,,,,,510100000.0,,,,16670300000.0,,,,,,,,,3884700000.0,12279600000.0,-255600000.0,12085500000.0,16670300000.0,,106500000.0,-4500000.0,,,,-4100000.0,,,-33000000.0,1814900000.0,,,147700000.0,,,43500000.0,,,235300000.0,13600000.0,8100000.0,-1097200000.0,830400000.0,
2015-09-30,7948700000.0,,,,,4921100000.0,3027600000.0,800000.0,3028400000.0,923700000.0,2035300000.0,3.29,3.29,614800000.0,614900000.0,8368100000.0,,,,100700000.0,,,,,510100000.0,1661200000.0,,,16335700000.0,,,,,,,,,3780300000.0,12094800000.0,-314200000.0,11841000000.0,16335700000.0,81600000.0,140000000.0,,,,,-45200000.0,,,-16200000.0,2252000000.0,,,221300000.0,,0.0,68800000.0,,,248900000.0,25500000.0,11000000.0,-1612200000.0,772100000.0,
2015-12-31,1758000000.0,,,,,1104400000.0,653600000.0,18500000.0,672100000.0,209700000.0,447800000.0,0.74,0.74,597600000.0,597700000.0,8269000000.0,,,,100400000.0,,,,,507100000.0,,,,16155500000.0,,,,,,,,,3681400000.0,12064800000.0,-343100000.0,11781200000.0,16155500000.0,,34000000.0,-1800000.0,,,,42500000.0,,,-6900000.0,295200000.0,,,106600000.0,,,19100000.0,,,89200000.0,,0.0,-463400000.0,-99100000.0,
2016-03-31,3371900000.0,,,,,2181000000.0,1190900000.0,23700000.0,1214600000.0,391400000.0,808200000.0,1.36,1.36,592400000.0,592400000.0,8041000000.0,,,,,,,,,504400000.0,1664900000.0,,,15890900000.0,,,,,,,,,3450400000.0,12029600000.0,-317800000.0,11770400000.0,15890900000.0,,70300000.0,-20200000.0,,,,3400000.0,,,-19100000.0,429700000.0,,,226000000.0,,,35100000.0,,,99000000.0,13500000.0,300000.0,-866500000.0,-327100000.0,
2016-06-30,5006200000.0,,,,,3219900000.0,1786300000.0,77200000.0,1863500000.0,578800000.0,1254600000.0,2.12,2.12,587900000.0,587900000.0,8242100000.0,,,,,,,,,508400000.0,1661400000.0,,,15997500000.0,,,,,,,,,3586600000.0,12076900000.0,-352500000.0,11782100000.0,15997500000.0,,104000000.0,-8000000.0,,,,-3700000.0,,,-6600000.0,1165400000.0,,,253700000.0,,,61400000.0,,,92000000.0,13500000.0,600000.0,-1375700000.0,-126000000.0,
2016-09-30,6618000000.0,,,,,4252300000.0,2365700000.0,134100000.0,2499800000.0,742100000.0,1726700000.0,2.94,2.94,583800000.0,583800000.0,8483300000.0,,,,17700000.0,,,,,523200000.0,1661200000.0,,,16098800000.0,,,,,,,,,3509500000.0,12226200000.0,-347400000.0,11935800000.0,16098800000.0,81000000.0,131500000.0,,,,,10800000.0,,,-18300000.0,1727700000.0,,,269400000.0,,,97600000.0,,,192200000.0,24100000.0,800000.0,-1800700000.0,115200000.0,
2016-12-31,1560800000.0,,,,,973900000.0,586900000.0,32800000.0,619700000.0,200900000.0,440200000.0,0.77,0.77,565100000.0,565200000.0,8454800000.0,,,,,,,,,512500000.0,,,,16210300000.0,,,,,,,,,3122100000.0,12326000000.0,-417800000.0,11964800000.0,16210300000.0,,30400000.0,-6900000.0,,,,19300000.0,,,-32100000.0,446200000.0,,,8600000.0,,,12800000.0,,,-58400000.0,,,-365900000.0,-28500000.0,
2017-03-31,3161400000.0,,,,,2019000000.0,1142400000.0,104800000.0,1247200000.0,393400000.0,860900000.0,1.52,1.52,562700000.0,562900000.0,8776100000.0,,,,,,,,,509800000.0,,,,17210100000.0,,,,,,,,,3077100000.0,12510600000.0,-373200000.0,12193600000.0,17210100000.0,,63300000.0,600000.0,,,,75100000.0,,,21900000.0,614300000.0,,,25800000.0,,14000000.0,28800000.0,,,74100000.0,13000000.0,300000.0,-361800000.0,292800000.0,
2017-06-30,4775300000.0,,,,,3068700000.0,1706600000.0,184100000.0,1890700000.0,577500000.0,1271500000.0,2.25,2.25,560500000.0,560800000.0,8786200000.0,,,,,,,,,508800000.0,,,,17476200000.0,,,,,,,,,2940500000.0,12665200000.0,-321000000.0,12400000000.0,17476200000.0,,95000000.0,-7000000.0,,,,84700000.0,,,27700000.0,958300000.0,,,28300000.0,,14000000.0,49000000.0,,,64900000.0,13000000.0,600000.0,-730800000.0,302900000.0,
2017-09-30,6392200000.0,,,,,4127900000.0,2264300000.0,284800000.0,2549100000.0,759400000.0,1696700000.0,3.01,3.01,558800000.0,559100000.0,8749700000.0,,,,15800000.0,,,,,517200000.0,1687200000.0,,,17534000000.0,,,,,,,,,2656300000.0,12849300000.0,-284800000.0,12620000000.0,17534000000.0,81500000.0,123400000.0,,,,,161000000.0,,,52200000.0,1135400000.0,,,51600000.0,,14000000.0,74900000.0,,,52000000.0,24900000.0,900000.0,-956000000.0,266400000.0,
2017-12-31,1615500000.0,,,,,1034400000.0,581100000.0,70500000.0,651600000.0,1223500000.0,-583300000.0,-1.06,-1.06,550700000.0,550700000.0,8970400000.0,,,,20900000.0,,,,,516600000.0,,,,18074400000.0,,,,,,,,,3785800000.0,11969500000.0,-266600000.0,11758100000.0,18074400000.0,,30300000.0,-49900000.0,,,,33800000.0,,,1500000.0,320400000.0,,,16000000.0,,,19200000.0,,,-58600000.0,,,-51100000.0,220700000.0,
2018-03-31,3233300000.0,,,,,2096500000.0,1136800000.0,147900000.0,1284700000.0,1373700000.0,443200000.0,0.79,0.78,547900000.0,547900000.0,8726500000.0,,,,20900000.0,,,,,517700000.0,,,,17690000000.0,,,,,,,,,5203400000.0,10263900000.0,-259700000.0,10058400000.0,17690000000.0,,61200000.0,-44700000.0,,,,59300000.0,,,11300000.0,897000000.0,,,41400000.0,,9700000.0,43700000.0,,,-181500000.0,13600000.0,0.0,-764500000.0,-23200000.0,
2018-06-30,4791900000.0,,,,,3152000000.0,1639900000.0,92000000.0,1731900000.0,1465500000.0,402000000.0,0.75,0.75,542900000.0,543600000.0,6654200000.0,,,,21000000.0,,,,,522400000.0,,,,15528000000.0,,,,,,,,,3306000000.0,10153500000.0,-342900000.0,9863500000.0,15528000000.0,,89500000.0,-54500000.0,,,,79200000.0,,,-18400000.0,1508500000.0,,,48200000.0,,97000000.0,71500000.0,,,-272800000.0,13600000.0,0.0,-3316700000.0,-2095500000.0,
2018-09-30,6319100000.0,,,,,4200500000.0,2118600000.0,96600000.0,2215200000.0,1472500000.0,764400000.0,1.39,1.39,537400000.0,538000000.0,6910600000.0,,,,17300000.0,,,,,535000000.0,1794800000.0,,,14383500000.0,,,,,,,,,3132000000.0,10217900000.0,-370600000.0,9899200000.0,14383500000.0,78900000.0,117800000.0,-50600000.0,,,,90100000.0,,,-23000000.0,2229700000.0,,,85500000.0,,86800000.0,106500000.0,,,-290400000.0,24800000.0,0.0,-3761700000.0,-1839100000.0,
2018-12-31,1411500000.0,,,,,1000000000.0,411500000.0,-65500000.0,346000000.0,86000000.0,275900000.0,0.54,0.54,510300000.0,510800000.0,6658900000.0,,,,,,,,,541300000.0,,,,13950600000.0,,,,,,,,,2941600000.0,10087900000.0,-393600000.0,9745400000.0,13950600000.0,,31200000.0,11500000.0,,,,-43100000.0,,,15400000.0,266000000.0,,,,,,25700000.0,,,-110300000.0,,,-396100000.0,-251700000.0,
2019-03-31,2845300000.0,,,,,2054300000.0,791000000.0,113000000.0,838500000.0,196900000.0,643400000.0,1.26,1.25,507600000.0,508000000.0,5946000000.0,,,,,,,,,576600000.0,,,,14239000000.0,,,,,,,,,2920600000.0,10219500000.0,-386500000.0,9883800000.0,14239000000.0,,59400000.0,7500000.0,,,,3700000.0,,,-23000000.0,444200000.0,,,,,684200000.0,72200000.0,,,-734200000.0,12800000.0,,-662800000.0,-964600000.0,
2019-06-30,4322000000.0,,,,,3156100000.0,1165900000.0,86100000.0,1252000000.0,355800000.0,889300000.0,1.74,1.74,505600000.0,506100000.0,5757600000.0,,,,,,,,,684800000.0,,,,14463300000.0,,,,,,,,,3091000000.0,10241500000.0,-380900000.0,9911000000.0,14463300000.0,,88100000.0,-1500000.0,,,,11500000.0,,,104100000.0,169300000.0,,,,,684200000.0,202600000.0,,,-1008800000.0,12800000.0,,-302000000.0,-1153000000.0,
2019-09-30,5774500000.0,,,,,4217100000.0,1557400000.0,90400000.0,1647800000.0,442300000.0,1195700000.0,2.35,2.35,503600000.0,504300000.0,5957600000.0,,,,20800000.0,,,,,683700000.0,2130300000.0,,,14532200000.0,,,,,,,,,3161300000.0,10288200000.0,-431600000.0,9906500000.0,14532200000.0,83200000.0,111500000.0,-1300000.0,,,,34200000.0,,,126000000.0,201600000.0,,,,,684200000.0,233700000.0,,,-1077100000.0,23300000.0,0.0,-40500000.0,-953000000.0,
2019-12-31,1412700000.0,,,,,1020000000.0,392700000.0,52900000.0,445600000.0,97500000.0,350500000.0,0.7,0.7,494700000.0,495300000.0,5976300000.0,,,,,,,,,691900000.0,,,,15001800000.0,,,,,,,,,3377000000.0,10408000000.0,-376200000.0,10081600000.0,15001800000.0,,28000000.0,13700000.0,,,,-300000.0,,,-27900000.0,31700000.0,,,1000000.0,,1000000.0,25700000.0,,,-29600000.0,,,-9300000.0,18700000.0,
2020-03-31,2751000000.0,,,,,2002200000.0,748800000.0,-253200000.0,548500000.0,141600000.0,429600000.0,0.86,0.86,493100000.0,493600000.0,6035800000.0,,,,,,,,,709300000.0,,,,14666200000.0,,,,,,,,,3703600000.0,10330000000.0,-476100000.0,9903400000.0,14666200000.0,50200000.0,57800000.0,8600000.0,,,,-66300000.0,,,-12900000.0,141000000.0,,,1000000.0,,19800000.0,73500000.0,,,6100000.0,12100000.0,,-64100000.0,78200000.0,
2020-06-30,3939100000.0,,,,,2936600000.0,1002500000.0,-184200000.0,818300000.0,157700000.0,720000000.0,1.44,1.44,492200000.0,492700000.0,6975900000.0,,,,,,,,,705200000.0,2190700000.0,904100000.0,,15617000000.0,,,,,,,,,3899500000.0,10514800000.0,-450100000.0,10114200000.0,15617000000.0,72400000.0,86900000.0,-34500000.0,,,,-50900000.0,,,-44600000.0,646600000.0,,,1600000.0,,81800000.0,85300000.0,,,269100000.0,12100000.0,,96400000.0,1018300000.0,
2020-09-30,5566500000.0,,,,,4517600000.0,1048900000.0,-31000000.0,1017900000.0,230800000.0,798900000.0,1.59,1.59,491900000.0,492400000.0,3957500000.0,,,,44100000.0,,,,,813800000.0,4500800000.0,4914200000.0,,20220900000.0,,,,,,,,,8705200000.0,10472600000.0,-407600000.0,10114500000.0,20220900000.0,74500000.0,122300000.0,-7100000.0,,,,-135700000.0,,,-97400000.0,1021400000.0,,,1600000.0,,3821400000.0,103700000.0,,,-3243100000.0,20600000.0,,194200000.0,-2000100000.0,
2020-12-31,1995100000.0,,,,,1586000000.0,409100000.0,128200000.0,537300000.0,142500000.0,345300000.0,0.67,0.67,491100000.0,491700000.0,4419500000.0,,,,,,,,,800500000.0,4515200000.0,4867400000.0,,21229600000.0,,,,,,,,,9193400000.0,10665100000.0,-314700000.0,10400900000.0,21229600000.0,21800000.0,41000000.0,-17500000.0,,,,15000000.0,,,12300000.0,290000000.0,,,600000.0,,0.0,13600000.0,,,-521800000.0,,,666100000.0,462000000.0,
2021-03-31,4071600000.0,,,,,3206200000.0,865400000.0,285400000.0,1150800000.0,270600000.0,727100000.0,1.42,1.42,490800000.0,491300000.0,4364700000.0,,,,,,,,,768000000.0,4516400000.0,4809800000.0,,21869800000.0,,,,,,,,,9372800000.0,10861500000.0,-348500000.0,10563400000.0,21869800000.0,44800000.0,86200000.0,-16000000.0,,,,,,,45600000.0,505400000.0,,,2600000.0,,0.0,20800000.0,,,-773000000.0,11000000.0,,659900000.0,407200000.0,
2021-06-30,6244500000.0,,,,,4901000000.0,1343500000.0,362700000.0,1706200000.0,354400000.0,1165500000.0,2.27,2.27,490300000.0,490900000.0,4361100000.0,,,,,,,,,752600000.0,4516800000.0,4751300000.0,,23129100000.0,,,,,,,,,10645600000.0,11151000000.0,-326100000.0,10875200000.0,23129100000.0,70900000.0,126600000.0,-42300000.0,,,,,,,-1700000.0,739300000.0,,,,,0.0,34900000.0,,,-1936000000.0,11000000.0,,1542900000.0,371300000.0,
2021-09-30,8425500000.0,,,,,6550500000.0,1875000000.0,569200000.0,2444200000.0,349600000.0,1831200000.0,3.58,3.57,489900000.0,490600000.0,4647200000.0,,,,131900000.0,,,,,770000000.0,4457700000.0,4710200000.0,,24168400000.0,,,,,,,,,11424800000.0,11550800000.0,-377600000.0,11223400000.0,24168400000.0,78600000.0,171900000.0,3700000.0,,,,182500000.0,,,-89100000.0,1245400000.0,,,,,9000000.0,79300000.0,,,-2615900000.0,22300000.0,,2030100000.0,657400000.0,
2021-12-31,2224000000.0,,,,,1666300000.0,557700000.0,138200000.0,695900000.0,151100000.0,453200000.0,0.89,0.88,489800000.0,490600000.0,4544300000.0,,,,,,,,,756400000.0,4724500000.0,4784400000.0,,24995100000.0,,,,,,,,,11815300000.0,11892200000.0,-389600000.0,11552900000.0,24995100000.0,22400000.0,59400000.0,-34800000.0,,,,,,,16400000.0,166400000.0,,,,,372300000.0,16700000.0,,,-728600000.0,,,467300000.0,-102900000.0,
2022-03-31,4305000000.0,,,,,3284300000.0,1020700000.0,141400000.0,1162100000.0,258200000.0,802800000.0,1.57,1.57,490000000.0,490500000.0,,,,,,,,,,744000000.0,4718200000.0,4721900000.0,,25832900000.0,,,,,,,,,12505200000.0,11891300000.0,-400600000.0,11540700000.0,25832900000.0,42700000.0,112500000.0,3300000.0,,,,,,,-59900000.0,270500000.0,,,,,372300000.0,42500000.0,,,-1151300000.0,13600000.0,,1275900000.0,367500000.0,
2022-06-30,6336300000.0,,,,,4910900000.0,1425400000.0,-91600000.0,1475200000.0,347700000.0,1059200000.0,2.07,2.07,489100000.0,489700000.0,,,,,,,,,,759100000.0,5807100000.0,5177400000.0,,27596000000.0,,,,,,,,,13817200000.0,11997500000.0,-503600000.0,11543700000.0,27596000000.0,68800000.0,160900000.0,55900000.0,,,,,,,40900000.0,1090300000.0,,,,,1354700000.0,55600000.0,,,-2679900000.0,13600000.0,,1489200000.0,-168500000.0,
2022-09-30,8275300000.0,,,,,6501400000.0,1773900000.0,-44500000.0,1729400000.0,396200000.0,1291900000.0,2.53,2.53,488700000.0,489300000.0,,,,,102800000.0,,,,,743300000.0,5778600000.0,5082100000.0,,28060600000.0,,,,,,,,,14235900000.0,12045600000.0,-621000000.0,11474600000.0,28060600000.0,95800000.0,208200000.0,98000000.0,,,,86700000.0,,,64800000.0,1956700000.0,,,,,1354700000.0,90300000.0,,,-3329200000.0,25100000.0,,1585000000.0,135300000.0,
2022-12-31,1967100000.0,,,,,1773100000.0,194000000.0,35100000.0,229100000.0,60300000.0,165600000.0,0.32,0.32,489600000.0,490200000.0,,,,,,,,,,759900000.0,5942800000.0,5154700000.0,,29335100000.0,,,,,,,,,14800400000.0,12112600000.0,-496300000.0,11666300000.0,29335100000.0,25100000.0,69500000.0,-122500000.0,,,,,,,59800000.0,-256300000.0,,,,,493700000.0,27400000.0,,,-1042600000.0,,,958900000.0,-280300000.0,
2023-03-31,3894300000.0,,,,,3445200000.0,449100000.0,211000000.0,660100000.0,153200000.0,359800000.0,0.7,0.7,490700000.0,491400000.0,,,,,,,,,,749800000.0,6007200000.0,5070400000.0,,29085700000.0,,,,,,,,,15682600000.0,12260100000.0,-478400000.0,11831800000.0,29085700000.0,52900000.0,122000000.0,-55700000.0,,,,,,,85400000.0,-289700000.0,,,,,500500000.0,42800000.0,,,-2195000000.0,13400000.0,,1920600000.0,-503900000.0,
2023-06-30,5863300000.0,,,,,5099300000.0,764000000.0,228200000.0,992200000.0,237300000.0,587300000.0,1.14,1.14,490700000.0,491400000.0,,,,,,,,,,806100000.0,6012300000.0,4994900000.0,,30234600000.0,,,,,,,,,16645300000.0,12360700000.0,-462500000.0,11948100000.0,30234600000.0,78300000.0,137900000.0,50800000.0,,,,,,,48300000.0,365300000.0,,,,,500500000.0,121500000.0,,,-3251200000.0,13400000.0,,2425000000.0,-394900000.0,
2023-09-30,7849400000.0,,,,,6747100000.0,1102300000.0,313400000.0,1415700000.0,312300000.0,882800000.0,1.72,1.72,490000000.0,490800000.0,,,,,131900000.0,,,,,800100000.0,6003800000.0,4902200000.0,,30121200000.0,,,,,,,,,16547300000.0,12376600000.0,-509300000.0,11916900000.0,30121200000.0,104300000.0,182600000.0,41500000.0,,,,63200000.0,,,-4500000.0,1138700000.0,,,,,500500000.0,148800000.0,,,-3582100000.0,23300000.0,,2029000000.0,-380100000.0,
2023-12-31,1991100000.0,,,,,1784600000.0,206500000.0,124700000.0,331200000.0,74900000.0,251300000.0,0.5,0.5,487000000.0,487900000.0,,,,,,,,,,807000000.0,6012900000.0,4823400000.0,,29865800000.0,,,,,,,,,16149700000.0,12402400000.0,-450300000.0,12001600000.0,29865800000.0,25700000.0,66800000.0,-57700000.0,,,,,,,-39700000.0,-251900000.0,,,,,0.0,19500000.0,,,-137600000.0,,,-159000000.0,-522800000.0,
2024-03-31,4143900000.0,,,,,3808100000.0,335800000.0,233500000.0,569300000.0,137700000.0,375500000.0,0.71,0.71,518400000.0,519200000.0,,,,,,,,,,899300000.0,6198900000.0,5331300000.0,,32907700000.0,,,,,,,,,18072100000.0,12265400000.0,-479200000.0,12861100000.0,32907700000.0,57500000.0,132000000.0,-15000000.0,,,,,,,22600000.0,-115300000.0,,,,,-177900000.0,61200000.0,,,-410800000.0,7300000.0,,232100000.0,-278100000.0,
2024-06-30,6266800000.0,,,,,5708500000.0,558300000.0,311100000.0,869400000.0,205800000.0,549500000.0,1.04,1.03,516500000.0,517200000.0,,,,,,,,,,904800000.0,6198500000.0,5267800000.0,,33254900000.0,,,,,,,,,18353500000.0,12321300000.0,-487900000.0,12870200000.0,33254900000.0,86500000.0,194600000.0,-35000000.0,,,,,,,-55800000.0,413100000.0,,,,,-175100000.0,107300000.0,,,-1222700000.0,7300000.0,,506400000.0,-290700000.0,
2024-09-30,8478000000.0,,,,,8070400000.0,407600000.0,415600000.0,823200000.0,215300000.0,464800000.0,0.85,0.85,509500000.0,510300000.0,,,,,76100000.0,,,,,946400000.0,6211400000.0,4802100000.0,,32464500000.0,,,,,,,,,17899700000.0,11927600000.0,-419500000.0,12508100000.0,32464500000.0,116500000.0,246100000.0,-124600000.0,,,,111800000.0,,,3900000.0,971300000.0,,,,,-175100000.0,177100000.0,,,-2423700000.0,20800000.0,,1415600000.0,6500000.0,
,,,,,,,,,,,,,,,,,,,,,,,,,,,,,,,,,,,,,,,,,,,,,,,,,,,,,,,,,,,,,,,,,,,
