Date,Net sales,Cost of sales,Gross margin,Research and development,"Selling, general and administrative",Total operating expenses,Operating income,"Other income/(expense), net",Income before provision for income taxes,Provision for income taxes,Net income,Earnings per share basic,Earnings per share diluted,Weighted-average basic,Weighted-average diluted,Cash and cash equivalents,Short-term marketable securities,"Accounts receivable, net",Inventories,Deferred tax assets,Vendor non-trade receivables,Other current assets,Total current assets,Long-term marketable securities,"Property, Plant and Equipment, Net",Goodwill,"Acquired intangible assets, net","Other Assets, Noncurrent",Total assets,accounts payable,Accrued expenses,Deferred revenue,Total current liabilities,Deferred revenue - non-current,deferred tax liabilities,long term taxes payable,Total other non-current liabilities,Total liabilities,Retained Earnings (Accumulated Deficit),Accumulated other comprehensive (loss)/income,Total shareholders equity,Total liabilities and shareholders' equity,"Depreciation, amortization and accretion",Stock-based compensation expense,Deferred income tax expense,"Increase (Decrease) in Accounts receivable, net",Increase (Decrease) in Inventories,Increase (Decrease) in Other Receivables,Increase (Decrease) in Other Operating Assets,Increase (Decrease) in Accounts Payable,Increase (Decrease) in Deferred Revenue,Increase (Decrease) Other liabilities,Cash generated by operating activities,Purchases of marketable securities,Proceeds from maturities of marketable securities,Proceeds from sales of marketable securities,Purchases of other long-term investments,"Business acquisitions, net of cash acquired",Cash payments for capital asset purchases,Payments for acquisition of intangible assets,Payments for (Proceeds from) Other Investing Activities,Cash used in investing activities,Proceeds from issuance of common stock,Excess tax benefits from stock-based compensation,Cash generated/used in financing activities,Increase/(decrease) in cash and cash equivalents,"Cash paid for income taxes, net"
2009-12-31,4377348000.0,382104000.0,,1283068000.0,911034000.0,3081921000.0,1295427000.0,,1332679000.0,355617000.0,970132000.0,3.37,3.35,287356000.0,289476000.0,581889000.0,681835000.0,551208000.0,293950000.0,,,177924000.0,2480595000.0,1194080000.0,1637083000.0,1138621000.0,1871078000.0,230397000.0,8551854000.0,118534000.0,500755000.0,,714942000.0,,240618000.0,,254205000.0,2289972000.0,1068890000.0,50496000.0,6221530000.0,8551854000.0,,160902000.0,-137351000.0,-100442000.0,-42772000.0,,22271000.0,,,-194733000.0,1074898000.0,,,,44086000.0,0.0,165646000.0,,,-395031000.0,,3436000.0,-724151000.0,-44284000.0,745402000.0
2010-03-31,1108860000.0,97055000.0,,307030000.0,248664000.0,805171000.0,303689000.0,,295303000.0,75310000.0,217442000.0,0.8,0.8,269922000.0,272703000.0,639559000.0,513115000.0,560777000.0,280038000.0,,,210295000.0,2409012000.0,1032223000.0,1604573000.0,1138621000.0,1822133000.0,210761000.0,8217323000.0,121356000.0,432887000.0,,682330000.0,,248898000.0,,259300000.0,2266729000.0,1131523000.0,22872000.0,5909372000.0,8217323000.0,,51006000.0,8042000.0,-20201000.0,12264000.0,,-13463000.0,,,38043000.0,336895000.0,,,,1708000.0,39976000.0,38209000.0,,,249737000.0,,4379000.0,-523460000.0,63172000.0,
2010-06-30,2321562000.0,204040000.0,,638705000.0,510987000.0,1621994000.0,699568000.0,,692195000.0,177553000.0,510880000.0,1.92,1.91,265018000.0,267272000.0,720962000.0,248710000.0,548893000.0,267878000.0,,,218645000.0,2255231000.0,566118000.0,1571521000.0,1138621000.0,1768929000.0,201730000.0,7502150000.0,144476000.0,487803000.0,,755658000.0,,207492000.0,,257985000.0,2290860000.0,1405340000.0,-28422000.0,5170806000.0,7502150000.0,,95370000.0,-30317000.0,22955000.0,-21447000.0,,-3637000.0,,,40856000.0,765376000.0,,,,2338000.0,39976000.0,85260000.0,,,933701000.0,,5598000.0,-1549586000.0,149491000.0,
2010-09-30,3497351000.0,299958000.0,,957759000.0,755147000.0,2603648000.0,893703000.0,,879385000.0,252564000.0,764995000.0,2.98,2.95,256586000.0,258906000.0,626757000.0,197835000.0,616697000.0,,,,198911000.0,2131131000.0,560006000.0,1641791000.0,1138621000.0,1715342000.0,207256000.0,7394147000.0,143699000.0,553796000.0,,824480000.0,,174615000.0,,256075000.0,2323946000.0,1646852000.0,-9161000.0,5030695000.0,7394147000.0,,134594000.0,-61244000.0,72719000.0,-16311000.0,,22435000.0,,,41564000.0,1193617000.0,,,,5499000.0,39976000.0,124220000.0,,,863947000.0,,6284000.0,-2010845000.0,46719000.0,
2010-12-31,4716423000.0,400262000.0,4316200000.0,1248604000.0,1031540000.0,3467534000.0,1248889000.0,,1229906000.0,331333000.0,1005273000.0,3.98,3.94,252307000.0,254867000.0,759598000.0,448146000.0,605329000.0,,478400000.0,,215822000.0,2540420000.0,743101000.0,1641634000.0,1146314000.0,1772826000.0,248198000.0,8092493000.0,162529000.0,665923000.0,41300000.0,1050122000.0,,200950000.0,,325599000.0,2643050000.0,1872481000.0,-21610000.0,5396506000.0,8092493000.0,,167826000.0,-81410000.0,99227000.0,4527000.0,,12584000.0,,,17692000.0,1624673000.0,,,,4492000.0,72476000.0,173055000.0,,,345325000.0,,13136000.0,-1784919000.0,185079000.0,394700000.0
2011-03-31,1203342000.0,103113000.0,,293633000.0,244516000.0,787059000.0,416283000.0,,426234000.0,117468000.0,294331000.0,1.22,1.2,241536000.0,244551000.0,790675000.0,437870000.0,687609000.0,,66800000.0,,186291000.0,2628315000.0,885444000.0,1673502000.0,1146314000.0,1731844000.0,228105000.0,8293524000.0,159136000.0,591448000.0,47400000.0,978846000.0,,218504000.0,,356261000.0,2619224000.0,2166813000.0,-992000.0,5604159000.0,8293524000.0,,33119000.0,71974000.0,90712000.0,6498000.0,,17154000.0,,,38441000.0,253578000.0,,,,2878000.0,,32143000.0,,,-126795000.0,,10060000.0,-99832000.0,26951000.0,
2011-06-30,2411990000.0,203616000.0,,579277000.0,510819000.0,1584895000.0,827095000.0,,825318000.0,212504000.0,582364000.0,2.4,2.38,242375000.0,244966000.0,697526000.0,629218000.0,666960000.0,308254000.0,66900000.0,,201794000.0,2688623000.0,1183559000.0,1712869000.0,1146314000.0,1678867000.0,211747000.0,8621979000.0,170746000.0,641273000.0,59100000.0,954330000.0,,196784000.0,,351685000.0,2565785000.0,2454848000.0,25713000.0,5977050000.0,8621979000.0,,57399000.0,48626000.0,54909000.0,24708000.0,,30354000.0,,,-51784000.0,683244000.0,,,,3954000.0,,86229000.0,,,-673585000.0,,37827000.0,-77925000.0,-68266000.0,
2011-09-30,3721924000.0,327143000.0,,880668000.0,772217000.0,2406336000.0,1315588000.0,,1306084000.0,339608000.0,934190000.0,3.85,3.81,242883000.0,245366000.0,575140000.0,944381000.0,581052000.0,310934000.0,38200000.0,,194199000.0,2837288000.0,1349359000.0,1572259000.0,1146314000.0,1659114000.0,237870000.0,8802204000.0,159197000.0,674743000.0,59900000.0,885346000.0,,238175000.0,,384450000.0,2568610000.0,2806523000.0,7571000.0,6229148000.0,8802204000.0,,86625000.0,115698000.0,17334000.0,35767000.0,,31115000.0,,,-19675000.0,1253767000.0,,,,6514000.0,,137578000.0,,,-1260762000.0,,43545000.0,-177053000.0,-184048000.0,
2011-12-31,5048634000.0,466780000.0,4581900000.0,1219602000.0,1056133000.0,3323943000.0,1724691000.0,,1711214000.0,444528000.0,1234428000.0,5.09,5.04,242395000.0,245033000.0,514542000.0,1176115000.0,584603000.0,326843000.0,357700000.0,,144600000.0,2975427000.0,1416737000.0,1571387000.0,1146314000.0,1608191000.0,331548000.0,9049604000.0,186448000.0,677210000.0,69600000.0,912889000.0,,248644000.0,,400276000.0,2622617000.0,3106761000.0,-26535000.0,6425499000.0,9049604000.0,,113005000.0,153576000.0,73374000.0,59219000.0,,43241000.0,,,-36235000.0,1727741000.0,,,,16324000.0,5000000.0,208020000.0,44155000.0,,-1650294000.0,,50586000.0,-319862000.0,-242415000.0,332700000.0
2012-03-31,1292014000.0,133197000.0,,355962000.0,300089000.0,922644000.0,369370000.0,,384514000.0,82148000.0,302661000.0,1.26,1.25,239754000.0,241828000.0,298139000.0,978473000.0,684242000.0,337619000.0,,,122126000.0,2677950000.0,1471943000.0,1617459000.0,1193279000.0,1783981000.0,368937000.0,9113549000.0,173330000.0,660562000.0,96000000.0,1337319000.0,,324264000.0,,517406000.0,2805001000.0,3409308000.0,-17710000.0,6305901000.0,9113549000.0,,32396000.0,-3876000.0,89066000.0,,,,,,,194625000.0,,,,,72401000.0,54551000.0,,19772000.0,618000.0,,,-416264000.0,-221021000.0,
2012-06-30,2712966000.0,272308000.0,,685521000.0,601856000.0,1837873000.0,875093000.0,,893187000.0,203169000.0,689507000.0,2.88,2.86,239389000.0,241245000.0,456811000.0,949239000.0,683841000.0,362940000.0,,,149247000.0,2868919000.0,1467909000.0,1622812000.0,1197904000.0,1732972000.0,271864000.0,9162380000.0,159152000.0,762353000.0,110300000.0,1432865000.0,,282904000.0,,534358000.0,2891695000.0,3796154000.0,-50557000.0,6268297000.0,9162380000.0,,60467000.0,-43831000.0,10758000.0,,,,,,,830206000.0,,,,,72401000.0,127447000.0,,22647000.0,-52498000.0,,,-833704000.0,-55996000.0,
2012-09-30,4098520000.0,411666000.0,,989738000.0,901488000.0,2719897000.0,1410342000.0,,1423888000.0,334213000.0,1087906000.0,4.56,4.53,238331000.0,240137000.0,451723000.0,1154071000.0,661519000.0,392936000.0,,,126174000.0,3055388000.0,1741534000.0,1676583000.0,1204740000.0,1681232000.0,271144000.0,9630621000.0,157424000.0,866208000.0,140600000.0,1521093000.0,,249577000.0,,539569000.0,2968681000.0,4194551000.0,-51115000.0,6659552000.0,9630621000.0,,88378000.0,-86858000.0,-18486000.0,82423000.0,,,,,,1371990000.0,,,,,72401000.0,185511000.0,,38014000.0,-574888000.0,,,-861954000.0,-64852000.0,
2012-12-31,5516461000.0,545494000.0,4971000000.0,1334919000.0,1277465000.0,3707404000.0,1855849000.0,,1855105000.0,470554000.0,1380033000.0,5.8,5.76,237938000.0,239740000.0,570721000.0,1134989000.0,686848000.0,447373000.0,421300000.0,,136011000.0,3244337000.0,2036658000.0,1742226000.0,1201296000.0,1631547000.0,274054000.0,10130118000.0,203999000.0,979945000.0,148000000.0,1657389000.0,,217272000.0,,604266000.0,3166323000.0,4486794000.0,-55305000.0,6961523000.0,10130118000.0,,118566000.0,-116900000.0,-3571000.0,140309000.0,,27347000.0,,,34112000.0,1879897000.0,,,,41941000.0,,254548000.0,6634000.0,,-950342000.0,,54738000.0,-877478000.0,52077000.0,526600000.0
2013-03-31,1415096000.0,133749000.0,,284340000.0,352598000.0,909622000.0,510525000.0,,496068000.0,65508000.0,426749000.0,1.8,1.79,236837000.0,238304000.0,663302000.0,0.0,753611000.0,506557000.0,,,169939000.0,5328838000.0,0.0,1736811000.0,1210718000.0,1581511000.0,306839000.0,10164717000.0,165207000.0,885093000.0,157100000.0,1281662000.0,,156667000.0,,674951000.0,2825111000.0,4913543000.0,-67975000.0,7339010000.0,10164717000.0,,36757000.0,-66525000.0,75546000.0,60809000.0,,,,,,178939000.0,,,,,0.0,33289000.0,,11596000.0,155941000.0,,,-238424000.0,96456000.0,
2013-06-30,3138569000.0,,,,783610000.0,1975887000.0,1173052000.0,,1148167000.0,224648000.0,917419000.0,3.87,3.85,237484000.0,238743000.0,392507000.0,275163000.0,861457000.0,570390000.0,,,173708000.0,2523221000.0,107139000.0,1787776000.0,1210718000.0,4678884000.0,533852000.0,10841590000.0,163094000.0,1056229000.0,167400000.0,1304074000.0,,313341000.0,,595642000.0,2939445000.0,5404213000.0,-55136000.0,7901549000.0,10841590000.0,225880000.0,67387000.0,-118047000.0,185688000.0,129171000.0,,,,,,804151000.0,1617974000.0,,,,0.0,87440000.0,3262719000.0,6874000.0,-570300000.0,,,-409187000.0,-175336000.0,
2013-09-30,4966349000.0,,,,1189194000.0,3126085000.0,1857583000.0,,1828058000.0,410753000.0,1405035000.0,5.93,5.89,237131000.0,238508000.0,427811000.0,240882000.0,891396000.0,614483000.0,,,205635000.0,2643672000.0,373558000.0,1806074000.0,1210718000.0,4580199000.0,636028000.0,11250249000.0,166709000.0,1204437000.0,240700000.0,1518711000.0,,302483000.0,,608473000.0,3124561000.0,5891829000.0,-29315000.0,8125092000.0,11250249000.0,373357000.0,104851000.0,-166187000.0,219860000.0,182814000.0,,,,,,1476073000.0,2473609000.0,,,,0.0,167628000.0,3262719000.0,15954000.0,-894692000.0,,,-727709000.0,-146328000.0,
2013-12-31,6932199000.0,,6074500000.0,,1712051000.0,4441588000.0,2515509000.0,,2480579000.0,601014000.0,1862341000.0,7.86,7.81,236919000.0,238308000.0,602562000.0,620167000.0,824406000.0,659003000.0,540900000.0,,226134000.0,3184934000.0,625772000.0,1750710000.0,1232916000.0,4474653000.0,594350000.0,11863335000.0,219913000.0,1355187000.0,172700000.0,1758279000.0,,232554000.0,,659231000.0,3242497000.0,6349135000.0,-27745000.0,8620242000.0,11863335000.0,531740000.0,136293000.0,-245077000.0,126753000.0,243960000.0,,160188000.0,,,318512000.0,2345078000.0,3278091000.0,,,,15000000.0,246281000.0,3262719000.0,-7371000.0,-1604668000.0,,73467000.0,-716528000.0,23882000.0,643200000.0
2014-03-31,2129751000.0,,,,511674000.0,1462262000.0,671348000.0,,665747000.0,178414000.0,479956000.0,2.03,2.02,236786000.0,237849000.0,828601000.0,431610000.0,1018487000.0,672750000.0,,,295260000.0,3525024000.0,724272000.0,1744266000.0,1232916000.0,4364384000.0,639269000.0,12230131000.0,212809000.0,1216843000.0,205400000.0,1594247000.0,,200901000.0,,702908000.0,3089068000.0,6829091000.0,-22355000.0,9136711000.0,12230131000.0,190963000.0,46340000.0,-79558000.0,197685000.0,16980000.0,,,,,,104626000.0,666211000.0,,,,25000000.0,54306000.0,,6002000.0,5993000.0,,79456000.0,114875000.0,225494000.0,
2014-06-30,4551203000.0,,,,1088296000.0,2898889000.0,1660073000.0,,1659333000.0,446935000.0,1194462000.0,5.05,5.03,236729000.0,237634000.0,863197000.0,709869000.0,1002328000.0,715935000.0,,,346787000.0,3925013000.0,1010837000.0,1756164000.0,1364815000.0,4249378000.0,611791000.0,12917998000.0,224931000.0,1495549000.0,145000000.0,1916624000.0,,139092000.0,198500000.0,710965000.0,3352772000.0,7543597000.0,-26678000.0,9561299000.0,12917998000.0,355102000.0,83856000.0,-146506000.0,188961000.0,72689000.0,,,,,,1095219000.0,1787606000.0,,,,25000000.0,118308000.0,0.0,10745000.0,-624134000.0,,83940000.0,-207485000.0,263600000.0,
2014-09-30,7062649000.0,,,,1658732000.0,4262136000.0,2812651000.0,,2795621000.0,721709000.0,2051320000.0,8.67,8.64,236641000.0,237449000.0,1186281000.0,675065000.0,1091232000.0,753063000.0,,,396471000.0,4372111000.0,1371431000.0,1724129000.0,1541204000.0,4129754000.0,565513000.0,13704142000.0,233629000.0,1544160000.0,110000000.0,1940647000.0,,90357000.0,187700000.0,658276000.0,3273257000.0,8400455000.0,-37987000.0,10427696000.0,13704142000.0,530508000.0,119508000.0,-229273000.0,297057000.0,119890000.0,,,,,,2009252000.0,2738584000.0,,,,175000000.0,180854000.0,0.0,13131000.0,-1164698000.0,,90423000.0,-242608000.0,601946000.0,
2014-12-31,9703324000.0,,8532300000.0,,2232342000.0,5747668000.0,3972414000.0,,3946633000.0,989942000.0,2934784000.0,12.42,12.37,236359000.0,237176000.0,1204924000.0,640460000.0,1292445000.0,804022000.0,693100000.0,,447462000.0,4672673000.0,1470652000.0,1765683000.0,1760249000.0,4028507000.0,618795000.0,14316559000.0,229178000.0,1819334000.0,120900000.0,2219706000.0,,50656000.0,142200000.0,650096000.0,3502519000.0,9283919000.0,-59488000.0,10809010000.0,14316559000.0,688150000.0,155302000.0,-308222000.0,512389000.0,185917000.0,,94514000.0,,,94779000.0,2942115000.0,3583150000.0,,,,0.0,287751000.0,0.0,15998000.0,-1542976000.0,,96376000.0,-755873000.0,643266000.0,1163200000.0
2015-03-31,2554963000.0,,,,560361000.0,1437088000.0,1117875000.0,,1102889000.0,281881000.0,822541000.0,3.5,3.49,234995000.0,235630000.0,1478051000.0,673946000.0,1389995000.0,825349000.0,,,579599000.0,5258896000.0,1377325000.0,1739628000.0,1849852000.0,4353123000.0,640630000.0,15219454000.0,236128000.0,1384774000.0,124900000.0,1946231000.0,,130564000.0,,892529000.0,3549996000.0,10106460000.0,-70538000.0,11666771000.0,15219454000.0,147937000.0,52063000.0,16739000.0,128287000.0,21507000.0,,,,,,733037000.0,322958000.0,,,,198798000.0,97830000.0,,6748000.0,-502771000.0,,66429000.0,80756000.0,311022000.0,
2015-06-30,5146605000.0,,,,1052256000.0,2795634000.0,2350971000.0,-25875000.0,2325096000.0,574382000.0,1749817000.0,7.44,7.42,235286000.0,235718000.0,1282078000.0,1086595000.0,1310821000.0,865738000.0,,,750039000.0,5618985000.0,2101796000.0,1837670000.0,2154341000.0,4294791000.0,751588000.0,16759171000.0,282702000.0,1812099000.0,62500000.0,2555832000.0,,138403000.0,,915731000.0,4186173000.0,11033736000.0,-101025000.0,12572577000.0,16759171000.0,292523000.0,93677000.0,-90647000.0,38907000.0,81294000.0,,,,,,1780257000.0,2045046000.0,,,,198798000.0,227688000.0,,10119000.0,-1756134000.0,,69690000.0,77219000.0,101342000.0,
2015-09-30,7924464000.0,,,,1530083000.0,4201661000.0,3722803000.0,-41288000.0,3681515000.0,904475000.0,2715439000.0,11.6,11.57,234134000.0,234659000.0,4089003000.0,1753499000.0,1327780000.0,918921000.0,,,861882000.0,9270873000.0,1947354000.0,2027821000.0,2408854000.0,4181245000.0,892221000.0,20728368000.0,251228000.0,1918897000.0,58400000.0,2633968000.0,,136761000.0,,861421000.0,10161425000.0,11999358000.0,-157416000.0,10572726000.0,20728368000.0,444100000.0,131537000.0,-185802000.0,63608000.0,150387000.0,,,,,,2675705000.0,4870142000.0,,,,198798000.0,456885000.0,,33620000.0,-2746071000.0,,70778000.0,2984803000.0,2914437000.0,
2015-12-31,10763800000.0,,9523400000.0,,2113100000.0,5872800000.0,4891000000.0,,4767300000.0,1161600000.0,3547000000.0,15.38,15.34,230700000.0,231200000.0,1308000000.0,2120500000.0,1227000000.0,893400000.0,871700000.0,,836900000.0,6700300000.0,2760400000.0,2187600000.0,2663800000.0,4085100000.0,1107600000.0,19504800000.0,267400000.0,2096800000.0,55700000.0,2577700000.0,,124900000.0,,905800000.0,10129900000.0,12208400000.0,-224000000.0,9372800000.0,19504800000.0,600400000.0,161400000.0,-145600000.0,-29000000.0,174400000.0,,156600000.0,,,93600000.0,3716100000.0,6864900000.0,,,,198800000.0,643000000.0,0.0,59900000.0,-4553600000.0,,78200000.0,986400000.0,148900000.0,1674800000.0
2016-03-31,2726800000.0,,,,497300000.0,1348400000.0,1378400000.0,-52800000.0,1325600000.0,356400000.0,970900000.0,4.44,4.43,218900000.0,219300000.0,1130700000.0,2454700000.0,1395100000.0,964600000.0,,,941100000.0,7201300000.0,3189800000.0,2258900000.0,2917900000.0,4012200000.0,1094600000.0,20674700000.0,271300000.0,2003900000.0,,2776600000.0,,117800000.0,,916600000.0,10346600000.0,13179300000.0,-259300000.0,10326800000.0,20674700000.0,149700000.0,45300000.0,8900000.0,160000000.0,88600000.0,,,,,,963400000.0,1914400000.0,,,,0.0,126900000.0,,43000000.0,-1203200000.0,,8300000.0,47400000.0,-192400000.0,
2016-06-30,5621000000.0,,,,989700000.0,2782100000.0,2838900000.0,-111300000.0,2727600000.0,710000000.0,2020700000.0,9.23,9.21,219100000.0,219400000.0,1362000000.0,2434800000.0,1293000000.0,996400000.0,,,1027400000.0,7447700000.0,3477600000.0,2301800000.0,3167100000.0,3967600000.0,1153000000.0,21514800000.0,225900000.0,2072700000.0,,2516200000.0,,105600000.0,,951000000.0,10111100000.0,14229100000.0,-282800000.0,11403800000.0,21514800000.0,325100000.0,84100000.0,-30200000.0,65000000.0,128300000.0,,,,,,1959200000.0,3833300000.0,,,,0.0,263700000.0,,65900000.0,-1939300000.0,,9000000.0,34000000.0,53900000.0,
2016-09-30,8576800000.0,,,,1452400000.0,4312600000.0,4264200000.0,-169400000.0,4094800000.0,1047000000.0,3053600000.0,13.95,13.92,219000000.0,219400000.0,2084800000.0,2231200000.0,1467800000.0,1009700000.0,,,993100000.0,8091800000.0,3096900000.0,2387000000.0,3419700000.0,3869900000.0,1239600000.0,22104900000.0,274000000.0,2012000000.0,,2499700000.0,,98700000.0,,862100000.0,9990100000.0,15030000000.0,-300900000.0,12117500000.0,22104900000.0,505300000.0,117800000.0,-56800000.0,238100000.0,155100000.0,,,,,,2945800000.0,5631700000.0,,,,0.0,434000000.0,110400000.0,12800000.0,-1903100000.0,,11900000.0,-266600000.0,776100000.0,
2016-12-31,11448800000.0,,9970100000.0,,1947900000.0,6298400000.0,5150400000.0,,4933000000.0,1237300000.0,3702800000.0,16.96,16.93,218400000.0,218800000.0,2326500000.0,2568600000.0,1441600000.0,1001600000.0,1071800000.0,,1093300000.0,8732200000.0,2829400000.0,2501800000.0,3669300000.0,3808300000.0,1335800000.0,22876800000.0,279800000.0,2903500000.0,,3419900000.0,,93100000.0,,722500000.0,10748200000.0,15071600000.0,-319900000.0,12140100000.0,22876800000.0,682700000.0,154800000.0,-175000000.0,241400000.0,165600000.0,,-59100000.0,,,69500000.0,4522400000.0,7913200000.0,,,,0.0,38600000.0,111600000.0,22800000.0,-2484800000.0,,12600000.0,-987800000.0,1049800000.0,1642200000.0
2017-03-31,2810700000.0,,,,499100000.0,1786400000.0,1024300000.0,-37600000.0,986700000.0,239200000.0,747600000.0,3.47,3.46,215600000.0,215900000.0,924000000.0,1956200000.0,1501500000.0,921600000.0,,,1231900000.0,6859700000.0,2825200000.0,2610900000.0,3611700000.0,4103900000.0,1184500000.0,21195900000.0,316400000.0,2044600000.0,,2992500000.0,,94500000.0,,688800000.0,9728500000.0,14781200000.0,-325200000.0,11479000000.0,21195900000.0,512000000.0,37000000.0,76100000.0,195700000.0,46200000.0,,,,,,235200000.0,1256700000.0,,,,,210000000.0,855200000.0,6600000.0,-744200000.0,,,-901400000.0,-1410400000.0,
2017-06-30,5889100000.0,,,,929300000.0,3664200000.0,2224900000.0,-105800000.0,2119100000.0,508800000.0,1610400000.0,7.53,7.52,213700000.0,214000000.0,1169500000.0,1723500000.0,1630200000.0,936500000.0,,,1146100000.0,7108700000.0,2632700000.0,2827600000.0,3870400000.0,4051300000.0,1268300000.0,21759000000.0,330300000.0,2436900000.0,,3379700000.0,,100800000.0,,750900000.0,10185400000.0,14881700000.0,-338800000.0,11585200000.0,21759000000.0,814600000.0,67300000.0,-20500000.0,301200000.0,85300000.0,,,,,,1404400000.0,2536000000.0,,,,,407700000.0,860300000.0,7300000.0,-946800000.0,,,-1652400000.0,-1194800000.0,
2017-09-30,8966900000.0,,,,1363100000.0,5088500000.0,3878400000.0,-149400000.0,3729000000.0,892600000.0,2836500000.0,13.32,13.3,213000000.0,213300000.0,1548100000.0,1960200000.0,1567500000.0,1007200000.0,,,967000000.0,7568000000.0,3062000000.0,2995900000.0,4127500000.0,4019400000.0,1300400000.0,23073200000.0,298700000.0,2455200000.0,,3448400000.0,,120700000.0,,716900000.0,10224300000.0,16107700000.0,-329400000.0,12860500000.0,23073200000.0,992000000.0,97400000.0,-39700000.0,225800000.0,170300000.0,,,,,,3032700000.0,4093900000.0,,,,,636800000.0,910400000.0,5100000.0,-2193600000.0,,,-1671900000.0,-832800000.0,
2017-12-31,12273900000.0,,10643900000.0,,1935500000.0,6929700000.0,5344200000.0,-215400000.0,5128800000.0,2458700000.0,2539100000.0,11.94,11.92,212600000.0,213000000.0,1573800000.0,2115200000.0,1787000000.0,902700000.0,831800000.0,,962000000.0,7873300000.0,3057300000.0,3182400000.0,4632500000.0,3879600000.0,1027500000.0,23652600000.0,395500000.0,2901300000.0,,3368200000.0,,122600000.0,,1628700000.0,11054500000.0,15810400000.0,-318400000.0,12612800000.0,23652600000.0,1081000000.0,128000000.0,91700000.0,435600000.0,94500000.0,,76600000.0,,,-2400000.0,4551000000.0,5355200000.0,,,,0.0,3000000.0,975400000.0,11000000.0,-2963100000.0,,,-2380000000.0,-792100000.0,1066400000.0
2018-03-31,3131100000.0,,,,501300000.0,1596400000.0,1534700000.0,-41000000.0,1493700000.0,322500000.0,1172900000.0,5.55,5.54,211400000.0,211700000.0,4108000000.0,1808000000.0,1939200000.0,890800000.0,,,895900000.0,10195400000.0,1200200000.0,3334700000.0,4907800000.0,3794500000.0,380100000.0,26090100000.0,345800000.0,2571100000.0,,3152100000.0,,1331100000.0,,1640000000.0,12052600000.0,17334600000.0,-303900000.0,14053700000.0,26090100000.0,168900000.0,43400000.0,53100000.0,134000000.0,-2600000.0,,,,,,1457100000.0,1919200000.0,,,,,194700000.0,0.0,-1600000.0,1346600000.0,,,-268600000.0,2535100000.0,
2018-06-30,6487600000.0,867000000.0,,,1017500000.0,3739700000.0,2747900000.0,-75500000.0,2672400000.0,586200000.0,2039500000.0,9.75,9.73,209200000.0,209500000.0,1250200000.0,1974000000.0,1951000000.0,931700000.0,,,843300000.0,7432100000.0,1160200000.0,3409000000.0,5170300000.0,3661300000.0,902100000.0,23952900000.0,295700000.0,2633700000.0,,3152400000.0,,1160800000.0,813700000.0,1457600000.0,11699200000.0,15499500000.0,-261600000.0,12260900000.0,23952900000.0,340400000.0,81700000.0,-57400000.0,187200000.0,40100000.0,,,,,,2556400000.0,4774300000.0,,,463700000.0,,381500000.0,3000000.0,-2900000.0,198100000.0,,,-3060100000.0,-305600000.0,
2018-09-30,9926600000.0,1327800000.0,,,1515200000.0,5481100000.0,4445500000.0,115100000.0,4485100000.0,956000000.0,3483900000.0,16.86,16.83,206600000.0,207000000.0,2386700000.0,2041700000.0,2017300000.0,916600000.0,,,848300000.0,8719000000.0,1244500000.0,3538900000.0,5440100000.0,3379000000.0,1009800000.0,25492200000.0,342300000.0,2578500000.0,,3174900000.0,,1114600000.0,786900000.0,1511800000.0,11732400000.0,16944100000.0,-248300000.0,13766600000.0,25492200000.0,686900000.0,119000000.0,-44800000.0,254000000.0,31900000.0,,,,,,4292300000.0,6093800000.0,,,462900000.0,,544700000.0,3000000.0,-1200000.0,-421000000.0,,,-3035000000.0,836300000.0,
2018-12-31,13452900000.0,1816300000.0,11636600000.0,,2106300000.0,7564300000.0,5888600000.0,11000000.0,5899600000.0,1425600000.0,4430700000.0,21.63,21.58,204900000.0,205300000.0,1224600000.0,2313400000.0,1958500000.0,929900000.0,2823100000.0,,687600000.0,7640900000.0,1375900000.0,3601200000.0,5706400000.0,3120000000.0,1690600000.0,25288900000.0,370500000.0,2861200000.0,,3295200000.0,,1636200000.0,791400000.0,1389400000.0,12257300000.0,16257000000.0,-240400000.0,13039600000.0,25288900000.0,1016600000.0,157500000.0,108300000.0,205200000.0,52100000.0,,119100000.0,,,-16300000.0,6187700000.0,7694800000.0,,,462900000.0,,58200000.0,3000000.0,-400000.0,-2046300000.0,,,-4472000000.0,,1007100000.0
2019-03-31,3489800000.0,602000000.0,,,567700000.0,1987100000.0,1502700000.0,357300000.0,1860000000.0,422500000.0,1408800000.0,7.17,7.15,196600000.0,197000000.0,2243200000.0,1665800000.0,2088900000.0,770200000.0,,,965400000.0,8942600000.0,1372700000.0,3013800000.0,5639700000.0,3056200000.0,1898300000.0,26445500000.0,378000000.0,2435000000.0,,3148700000.0,,1741700000.0,796100000.0,1353800000.0,12623500000.0,17026700000.0,-219800000.0,13829900000.0,26445500000.0,121100000.0,45700000.0,228000000.0,136600000.0,-129000000.0,,,,,,1459500000.0,825000000.0,,,,,127100000.0,,-1700000.0,238800000.0,,,-679300000.0,1019000000.0,
2019-06-30,7106500000.0,1078300000.0,,,1155300000.0,3647900000.0,3458600000.0,-197400000.0,3618500000.0,670600000.0,2902900000.0,15.01,14.99,193400000.0,193700000.0,1723400000.0,1228800000.0,1959600000.0,776700000.0,,,980400000.0,7909800000.0,1309300000.0,3077500000.0,5749200000.0,3681300000.0,1306000000.0,26287600000.0,377100000.0,2318000000.0,,3210900000.0,,2400600000.0,801500000.0,1355800000.0,13338800000.0,16182800000.0,-252900000.0,12952900000.0,26287600000.0,238100000.0,98000000.0,71600000.0,2900000.0,-108700000.0,,,,,,3423500000.0,2075100000.0,,,0.0,744400000.0,314000000.0,0.0,4000000.0,128000000.0,,,-3055000000.0,496500000.0,
2019-09-30,10706600000.0,1508300000.0,,,1709800000.0,5441700000.0,5264900000.0,132600000.0,5397500000.0,881900000.0,4448800000.0,23.38,23.35,190300000.0,190500000.0,2343900000.0,2093500000.0,1933500000.0,751800000.0,,,743200000.0,8448200000.0,1813900000.0,3138100000.0,5746100000.0,3392400000.0,1238800000.0,27484000000.0,382200000.0,2429100000.0,,4432200000.0,,2820400000.0,801700000.0,1370900000.0,13492200000.0,17065200000.0,-92300000.0,13995900000.0,27484000000.0,567600000.0,143900000.0,28400000.0,2400000.0,-47300000.0,,,,,,5118400000.0,4052100000.0,,,0.0,744400000.0,404100000.0,0.0,4600000.0,-237900000.0,,,-3744000000.0,1136500000.0,
2019-12-31,14377900000.0,1955400000.0,12422500000.0,,2374700000.0,7335300000.0,7042600000.0,83300000.0,7125900000.0,1158000000.0,5888500000.0,31.47,31.42,187100000.0,187400000.0,2913700000.0,1562200000.0,1880500000.0,804200000.0,3905400000.0,,631000000.0,8381800000.0,1408100000.0,3247300000.0,5757800000.0,3527400000.0,1252800000.0,27234300000.0,530800000.0,2765800000.0,,4863800000.0,,2810800000.0,803300000.0,1348900000.0,13895200000.0,16455400000.0,-135200000.0,13343200000.0,27234300000.0,680600000.0,182300000.0,67100000.0,-68800000.0,19200000.0,,,,,-43300000.0,7078600000.0,5252600000.0,,,0.0,744400000.0,0.0,155000000.0,-27000000.0,470500000.0,,,-5860400000.0,,1064500000.0
2020-03-31,3534300000.0,454300000.0,,,570100000.0,1714400000.0,1819900000.0,-120500000.0,1699400000.0,292000000.0,1399100000.0,8.1,8.08,172800000.0,173100000.0,,1269100000.0,2092600000.0,858800000.0,,,683800000.0,8007200000.0,969500000.0,3281600000.0,5752000000.0,3446900000.0,1130600000.0,26119200000.0,389000000.0,2437800000.0,,4638600000.0,,,801300000.0,1357300000.0,13582300000.0,15673100000.0,-149300000.0,12546900000.0,26119200000.0,119900000.0,67700000.0,36900000.0,238400000.0,62200000.0,,,,,,1467300000.0,1684700000.0,,,,,149700000.0,37000000.0,500000.0,442900000.0,,,-2245300000.0,,
2020-06-30,7215900000.0,865500000.0,,,1125200000.0,3421600000.0,3794300000.0,63000000.0,3736800000.0,738200000.0,2941200000.0,17.65,17.61,166700000.0,167000000.0,,1942700000.0,2133600000.0,952700000.0,,,638800000.0,8493800000.0,922800000.0,3330700000.0,5751000000.0,3383800000.0,1483300000.0,25511800000.0,383900000.0,2486500000.0,,3447100000.0,,,743200000.0,1475400000.0,14222600000.0,14466700000.0,-181000000.0,11308700000.0,25511800000.0,232800000.0,115800000.0,180200000.0,268800000.0,188200000.0,,,,,,3415800000.0,3753900000.0,,,,0.0,254700000.0,37000000.0,0.0,-389800000.0,,,-3558700000.0,,
2020-09-30,10592000000.0,1314600000.0,,,1698300000.0,5711300000.0,4880700000.0,-186100000.0,4694600000.0,979000000.0,3642700000.0,22.29,22.25,163400000.0,163700000.0,,1355000000.0,2024900000.0,1027700000.0,,,683500000.0,7843100000.0,1009800000.0,3359900000.0,5755700000.0,3323600000.0,1834900000.0,24934100000.0,398400000.0,3286200000.0,,3804000000.0,,,729300000.0,1428100000.0,14189600000.0,13961000000.0,-225500000.0,10758500000.0,24934100000.0,366800000.0,149300000.0,211900000.0,135700000.0,270600000.0,,,,,,4596900000.0,4649100000.0,,,,,338800000.0,37000000.0,18000000.0,-442200000.0,,,-4871600000.0,,
2020-12-31,13444600000.0,1805200000.0,11639400000.0,,2504500000.0,8894500000.0,4550100000.0,497400000.0,5047500000.0,992300000.0,4000600000.0,24.86,24.8,160900000.0,161300000.0,,1278900000.0,1913800000.0,1068600000.0,2278100000.0,,881100000.0,6887100000.0,772100000.0,3411500000.0,5762100000.0,3084300000.0,2899000000.0,24618900000.0,454900000.0,3145300000.0,,3742200000.0,,,709900000.0,1329600000.0,13932800000.0,13976300000.0,-299000000.0,10700300000.0,24618900000.0,457200000.0,198300000.0,149000000.0,-2800000.0,316300000.0,,,,,-137100000.0,4229800000.0,6397700000.0,,,,,424800000.0,52000000.0,26900000.0,-608600000.0,,,-5272700000.0,,906700000.0
2021-03-31,2694000000.0,478100000.0,,,595000000.0,1720100000.0,973900000.0,-506900000.0,467000000.0,44200000.0,410200000.0,2.7,2.69,151900000.0,152300000.0,,1320000000.0,1854300000.0,1171800000.0,,,786100000.0,6719500000.0,821900000.0,3438300000.0,5763100000.0,2988100000.0,2423000000.0,23854700000.0,430400000.0,2592300000.0,,3165800000.0,,,725200000.0,1411800000.0,13191500000.0,13833500000.0,-174300000.0,10682200000.0,23854700000.0,146900000.0,70000000.0,-15000000.0,-37200000.0,112500000.0,,,,,,769000000.0,913300000.0,,,,,92600000.0,0.0,-2700000.0,-64700000.0,,,-785000000.0,,
2021-06-30,5469000000.0,937800000.0,,,1232300000.0,4009400000.0,1459600000.0,-410500000.0,1049100000.0,-409100000.0,858700000.0,5.7,5.68,150800000.0,151200000.0,,1308800000.0,1688000000.0,1254800000.0,500000000.0,,767900000.0,7183700000.0,915100000.0,3442200000.0,5763900000.0,2385000000.0,2528100000.0,24470400000.0,375300000.0,2741000000.0,,3347200000.0,,,652700000.0,1356400000.0,13255600000.0,13900700000.0,-171800000.0,10751900000.0,24470400000.0,219800000.0,124100000.0,-622800000.0,-211500000.0,193800000.0,,,,,,1996300000.0,1626900000.0,,,,,164500000.0,0.0,-2000000.0,-217400000.0,,,-1349500000.0,,
2021-09-30,8247900000.0,1449600000.0,,,1886400000.0,5994300000.0,2253600000.0,-913400000.0,1340200000.0,-390700000.0,1187900000.0,7.93,7.9,149900000.0,150300000.0,,1413300000.0,1723000000.0,1347900000.0,500000000.0,,736300000.0,7162300000.0,968300000.0,3410700000.0,5760500000.0,2286800000.0,2018600000.0,23806700000.0,427900000.0,2550700000.0,,4211600000.0,,,657600000.0,1318200000.0,12925000000.0,13543500000.0,-136600000.0,10429900000.0,23806700000.0,353000000.0,179800000.0,-750100000.0,-157800000.0,322600000.0,,,,,,2801600000.0,2372600000.0,,,,,206500000.0,1900000.0,-600000.0,-451000000.0,,,-2096000000.0,,
2021-12-31,10981700000.0,2109700000.0,,,2674300000.0,8141000000.0,2840700000.0,-1095500000.0,1745200000.0,52500000.0,1556100000.0,10.44,10.4,149100000.0,149600000.0,,1541100000.0,1549400000.0,1351500000.0,2525900000.0,,740800000.0,7856500000.0,892000000.0,3416400000.0,5761100000.0,2221300000.0,1939500000.0,23877300000.0,589200000.0,2535200000.0,,4298200000.0,,,664500000.0,1320500000.0,12917600000.0,13911700000.0,-106700000.0,10896200000.0,23877300000.0,487700000.0,238600000.0,-426800000.0,-324800000.0,462400000.0,,,,,-144500000.0,3639900000.0,3808700000.0,,,,,258100000.0,18800000.0,-12900000.0,-563700000.0,,,-2086200000.0,,247900000.0
2022-03-31,2531800000.0,753900000.0,,,634900000.0,1921100000.0,610700000.0,-263300000.0,347400000.0,125600000.0,303800000.0,2.06,2.06,147100000.0,147600000.0,,2002400000.0,1632000000.0,1215400000.0,,,927400000.0,7915900000.0,1001600000.0,3372800000.0,5758000000.0,2150800000.0,1767500000.0,23614400000.0,398700000.0,2231100000.0,,3946600000.0,,,640500000.0,1287900000.0,12393700000.0,14215500000.0,-115200000.0,11242300000.0,23614400000.0,143100000.0,67600000.0,1000000.0,87500000.0,142600000.0,,,,,,161800000.0,1133500000.0,,,,,57900000.0,,200000.0,-648000000.0,,,-16500000.0,,
2022-06-30,5120900000.0,1237900000.0,,,1207500000.0,3504000000.0,,,1616900000.0,342300000.0,1361800000.0,9.3,9.27,146500000.0,146800000.0,,2151300000.0,1567600000.0,1294200000.0,,,1645300000.0,9740900000.0,1102900000.0,3355100000.0,5749600000.0,2075300000.0,1500800000.0,25081400000.0,434800000.0,3298500000.0,,5018000000.0,,,499600000.0,1167800000.0,13218000000.0,14959900000.0,-110400000.0,11872500000.0,25081400000.0,277900000.0,123300000.0,-47500000.0,67300000.0,243300000.0,,,,,,898300000.0,2311600000.0,,,,,94800000.0,1900000.0,-2000000.0,45500000.0,,,-488000000.0,,
2022-09-30,7629400000.0,1707400000.0,,,1770800000.0,4641400000.0,,,2988000000.0,578500000.0,2496500000.0,17.12,17.07,145800000.0,146200000.0,,1235500000.0,1568800000.0,1375000000.0,,,1495500000.0,9765800000.0,860300000.0,3266400000.0,5741200000.0,2008900000.0,1612600000.0,24854200000.0,383200000.0,3305900000.0,,3926400000.0,,,559700000.0,1198100000.0,12087400000.0,15916100000.0,-163600000.0,12775500000.0,24854200000.0,398600000.0,186900000.0,-139800000.0,109500000.0,338300000.0,,,,,,1559300000.0,2805900000.0,,,,,153900000.0,1900000.0,-1800000.0,1717700000.0,,,-1739900000.0,,
2022-12-31,10173400000.0,2278300000.0,,,2403600000.0,6581600000.0,,108200000.0,3591800000.0,632800000.0,3046900000.0,20.96,20.87,145300000.0,146000000.0,,1473500000.0,1705000000.0,1344400000.0,2588300000.0,,1417600000.0,9791200000.0,705700000.0,3298600000.0,5749000000.0,1850100000.0,1529200000.0,24554100000.0,491500000.0,2521400000.0,,3272800000.0,,,541700000.0,944200000.0,11165700000.0,16466500000.0,-164900000.0,13397900000.0,24554100000.0,518400000.0,254100000.0,-168600000.0,203400000.0,320200000.0,,,,,-92000000.0,1384300000.0,3448500000.0,,,,,240300000.0,2900000.0,-24400000.0,1576600000.0,,,-1747300000.0,,932900000.0
2023-03-31,2463000000.0,662800000.0,,,605000000.0,2024700000.0,,,438300000.0,50700000.0,387900000.0,2.69,2.67,144400000.0,145200000.0,,2143100000.0,1634400000.0,1281000000.0,,,1412000000.0,9762500000.0,978200000.0,3300900000.0,5751800000.0,1813300000.0,1380800000.0,24598400000.0,491200000.0,2288200000.0,,3014900000.0,,,552500000.0,935500000.0,10811400000.0,16854400000.0,-172000000.0,13796600000.0,24598400000.0,112300000.0,75600000.0,-64500000.0,-77200000.0,-27900000.0,,,,,,455300000.0,1321200000.0,,,,,66600000.0,5000000.0,700000.0,-953000000.0,,,-43400000.0,,
2023-06-30,4919000000.0,1255500000.0,,,1153000000.0,3772600000.0,,,1146400000.0,165500000.0,979500000.0,6.78,6.74,144700000.0,145500000.0,,3460500000.0,,1333500000.0,,,895900000.0,10431700000.0,1208000000.0,3307200000.0,5753700000.0,1776400000.0,1104900000.0,25156800000.0,445400000.0,2481100000.0,,3186500000.0,,,383300000.0,776900000.0,10696300000.0,17446000000.0,-172800000.0,14466900000.0,25156800000.0,229700000.0,147100000.0,-170900000.0,,65100000.0,,,,,,942300000.0,4120300000.0,,,,,137600000.0,21000000.0,1100000.0,-1706500000.0,,,-53200000.0,,
2023-09-30,7449300000.0,1915100000.0,,,1941200000.0,6444100000.0,,,1005200000.0,92600000.0,911400000.0,6.3,6.26,144800000.0,145500000.0,,0.0,,2982400000.0,,,974100000.0,8454100000.0,100000.0,3301600000.0,6807500000.0,7344600000.0,754600000.0,28193200000.0,440100000.0,3838400000.0,,5022300000.0,,,393800000.0,747900000.0,13713500000.0,17377900000.0,-159300000.0,14483800000.0,28193200000.0,354700000.0,209300000.0,-377700000.0,,34900000.0,,,,,,1534700000.0,5140700000.0,,,,6335600000.0,211800000.0,34400000.0,1300000.0,-3448700000.0,,,795400000.0,,
2023-12-31,9835600000.0,2533400000.0,,,2549700000.0,8538800000.0,,-315500000.0,1296800000.0,135300000.0,1161100000.0,8.02,7.97,144700000.0,145600000.0,,0.0,1664100000.0,2527400000.0,2932300000.0,,1182000000.0,6859300000.0,0.0,3309700000.0,6219200000.0,8363000000.0,745000000.0,26844800000.0,403300000.0,2623600000.0,,3434300000.0,,,403200000.0,781100000.0,12045400000.0,17627600000.0,-153700000.0,14799400000.0,26844800000.0,494800000.0,264200000.0,-305800000.0,-61300000.0,130900000.0,,,,,-73900000.0,1547200000.0,5140700000.0,,,,6926100000.0,277000000.0,34400000.0,11300000.0,-4101000000.0,,,149300000.0,,740700000.0
2024-03-31,2290500000.0,542200000.0,,,581500000.0,1825700000.0,,,464800000.0,71400000.0,393400000.0,2.71,2.7,145200000.0,145900000.0,,,,2516800000.0,,,1165300000.0,6756200000.0,,3275300000.0,6227400000.0,8284700000.0,697600000.0,26567600000.0,387000000.0,2354600000.0,,3222800000.0,,,411000000.0,777100000.0,11354600000.0,18021000000.0,-160500000.0,,26567600000.0,147500000.0,72800000.0,39900000.0,,77700000.0,,,,,,553200000.0,0.0,,,,,45900000.0,75000000.0,700000.0,-66000000.0,,,-439600000.0,,
2024-06-30,4755400000.0,1088200000.0,,,1135300000.0,3591900000.0,,,1163500000.0,186500000.0,977000000.0,6.72,6.7,145600000.0,145900000.0,,,,2506100000.0,,,615300000.0,7108500000.0,,3249300000.0,6227400000.0,8232900000.0,681500000.0,26804100000.0,354500000.0,2472100000.0,,3108200000.0,,,191700000.0,556700000.0,10915000000.0,18604600000.0,-146000000.0,,26804100000.0,306400000.0,143400000.0,-47100000.0,,188200000.0,,,,,,1179000000.0,0.0,,,,,79400000.0,84100000.0,3300000.0,400500000.0,,,-684800000.0,,
2024-09-30,7221200000.0,1726900000.0,,,1723700000.0,5606700000.0,,,1614500000.0,249000000.0,1365500000.0,9.38,9.35,145700000.0,146100000.0,,,,2469200000.0,,,674000000.0,6830500000.0,,3210900000.0,6485800000.0,9805500000.0,631400000.0,28313200000.0,422700000.0,2755100000.0,,5425000000.0,,,162000000.0,744100000.0,11954300000.0,18993100000.0,-145700000.0,,28313200000.0,489200000.0,216100000.0,-99700000.0,,207400000.0,,,,,,2114600000.0,0.0,,,,1074800000.0,114400000.0,179100000.0,4400000.0,-780600000.0,,,-691400000.0,,
