Date,Net sales,Cost of sales,Gross margin,Research and development,"Selling, general and administrative",Total operating expenses,Operating income,"Other income/(expense), net",Income before provision for income taxes,Provision for income taxes,Net income,Earnings per share basic,Earnings per share diluted,Weighted-average basic,Weighted-average diluted,Cash and cash equivalents,Short-term marketable securities,"Accounts receivable, net",Inventories,Deferred tax assets,Vendor non-trade receivables,Other current assets,Total current assets,Long-term marketable securities,"Property, Plant and Equipment, Net",Goodwill,"Acquired intangible assets, net","Other Assets, Noncurrent",Total assets,accounts payable,Accrued expenses,Deferred revenue,Total current liabilities,Deferred revenue - non-current,deferred tax liabilities,long term taxes payable,Total other non-current liabilities,Total liabilities,Retained Earnings (Accumulated Deficit),Accumulated other comprehensive (loss)/income,Total shareholders equity,Total liabilities and shareholders' equity,"Depreciation, amortization and accretion",Stock-based compensation expense,Deferred income tax expense,"Increase (Decrease) in Accounts receivable, net",Increase (Decrease) in Inventories,Increase (Decrease) in Other Receivables,Increase (Decrease) in Other Operating Assets,Increase (Decrease) in Accounts Payable,Increase (Decrease) in Deferred Revenue,Increase (Decrease) Other liabilities,Cash generated by operating activities,Purchases of marketable securities,Proceeds from maturities of marketable securities,Proceeds from sales of marketable securities,Purchases of other long-term investments,"Business acquisitions, net of cash acquired",Cash payments for capital asset purchases,Payments for acquisition of intangible assets,Payments for (Proceeds from) Other Investing Activities,Cash used in investing activities,Proceeds from issuance of common stock,Excess tax benefits from stock-based compensation,Cash generated/used in financing activities,Increase/(decrease) in cash and cash equivalents,"Cash paid for income taxes, net"
2009-12-31,,,,,,,,,,-1395000000.0,-814000000.0,-1.16,-1.16,1178907000.0,1178907000.0,3732000000.0,,,,,,,,,1602000000.0,16249000000.0,5588000000.0,,212224000000.0,,,,,,,,,183221000000.0,8912000000.0,-1835000000.0,28977000000.0,212224000000.0,711000000.0,,-1970000000.0,,,,,,,1192000000.0,3781000000.0,28665000000.0,6361000000.0,3204000000.0,,,318000000.0,,987000000.0,23088000000.0,1371000000.0,4000000.0,-27973000000.0,-1157000000.0,
2010-03-31,,,,,,,,,,258000000.0,,0.46,0.46,1202533000.0,1206286000.0,3307000000.0,,,,,,,,,,,,,220551000000.0,,,,,,,,,190096000000.0,9340000000.0,-1614000000.0,29683000000.0,220551000000.0,113000000.0,,-3000000.0,,,,,,,704000000.0,1191000000.0,2294000000.0,1554000000.0,877000000.0,,,44000000.0,,123000000.0,512000000.0,5000000.0,,-2126000000.0,-425000000.0,
2010-06-30,6680000000.0,,,,,,,,,562000000.0,1217000000.0,1.0,1.0,1204557000.0,1208830000.0,3569000000.0,,,,,,,,,,,,,235693000000.0,,,,,,,,,204588000000.0,9875000000.0,-1509000000.0,30396000000.0,235693000000.0,257000000.0,,-39000000.0,,,,,,,132000000.0,-142000000.0,5460000000.0,3496000000.0,3495000000.0,,,82000000.0,,577000000.0,-14345000000.0,10000000.0,,14345000000.0,-163000000.0,
2010-09-30,10079000000.0,,,,,,,,,782000000.0,1839000000.0,1.51,1.51,1210534000.0,1212684000.0,3693000000.0,,,,,,,,,,,,,254157000000.0,,,,,,,,,221266000000.0,10386000000.0,-969000000.0,32153000000.0,254157000000.0,413000000.0,,797000000.0,,,,,,,437000000.0,2889000000.0,12802000000.0,5395000000.0,3609000000.0,,,120000000.0,,35000000.0,-16251000000.0,692000000.0,1000000.0,13292000000.0,-39000000.0,
2010-12-31,13816000000.0,,,,,,,,,1047000000.0,,2.06,2.05,1212630000.0,1216214000.0,3675000000.0,,,,,,,,,,18042000000.0,5696000000.0,,247259000000.0,,,,,,,,,214102000000.0,10898000000.0,-1355000000.0,32354000000.0,247259000000.0,629000000.0,,1199000000.0,,,,,,,-115000000.0,4050000000.0,23585000000.0,7944000000.0,5981000000.0,,,230000000.0,,591000000.0,-14937000000.0,697000000.0,1000000.0,10790000000.0,-57000000.0,
2011-03-31,3602000000.0,,,,,,,,,279000000.0,,0.5,0.5,1234076000.0,1238284000.0,4058000000.0,,,,,,,,,,18156000000.0,5617000000.0,,266444000000.0,,,,,,,,,232304000000.0,11405000000.0,-1003000000.0,33258000000.0,266444000000.0,183000000.0,,39000000.0,,,,,,,292000000.0,426000000.0,5260000000.0,2673000000.0,1839000000.0,,,164000000.0,,64000000.0,-16480000000.0,5000000.0,,16430000000.0,383000000.0,
2011-06-30,7431000000.0,,,,,,,,1918000000.0,556000000.0,,1.09,1.08,1232232000.0,1236016000.0,5560000000.0,,,,,,,,,,18191000000.0,5514000000.0,,304706000000.0,,,,,,,,,269983000000.0,11977000000.0,-751000000.0,33851000000.0,304706000000.0,366000000.0,,251000000.0,,,,,,,-929000000.0,997000000.0,12885000000.0,4451000000.0,5315000000.0,,,367000000.0,,663000000.0,-52024000000.0,12000000.0,2000000.0,52900000000.0,1885000000.0,
2011-09-30,11112000000.0,,,,,,,,2850000000.0,837000000.0,,1.61,1.61,1226132000.0,1229042000.0,6691000000.0,,,,,,,,,,18045000000.0,5380000000.0,,322187000000.0,,,,,,,,,287658000000.0,12464000000.0,-1004000000.0,33695000000.0,322187000000.0,557000000.0,,174000000.0,,,,,,,-873000000.0,-683000000.0,26897000000.0,6281000000.0,6959000000.0,,,580000000.0,,487000000.0,-69132000000.0,18000000.0,,73125000000.0,3016000000.0,
2011-12-31,14680000000.0,,,,,,,,3567000000.0,1048000000.0,,2.03,2.03,1220804000.0,1223026000.0,4175000000.0,,,,-2556000000.0,,,,,,17904000000.0,5152000000.0,,325266000000.0,,,,,,,,,291065000000.0,12812000000.0,-1627000000.0,33417000000.0,325266000000.0,776000000.0,,12000000.0,,,,,,,-533000000.0,2211000000.0,42367000000.0,8332000000.0,9507000000.0,,,642000000.0,,1234000000.0,-80178000000.0,25000000.0,,78765000000.0,500000000.0,
2012-03-31,3635000000.0,,,,,,,,874000000.0,254000000.0,,0.52,0.52,1193931000.0,1195558000.0,4333000000.0,,,,,,,,,,18002000000.0,5072000000.0,,300169000000.0,,,,,,,,,265340000000.0,13277000000.0,-1229000000.0,34000000000.0,300169000000.0,299000000.0,,31000000.0,,,,,,,-961000000.0,114000000.0,13227000000.0,2182000000.0,4582000000.0,,,129000000.0,,356000000.0,24367000000.0,6000000.0,,-24352000000.0,158000000.0,
2012-06-30,7223000000.0,,,,,,,,1434000000.0,347000000.0,,0.91,0.9,1187649000.0,1189264000.0,4522000000.0,,,,,,,,,,17909000000.0,4962000000.0,,330283000000.0,,,,,,,,,294898000000.0,13588000000.0,-1280000000.0,34533000000.0,330283000000.0,598000000.0,,-285000000.0,,,,,,,-736000000.0,374000000.0,24126000000.0,4784000000.0,5577000000.0,,,276000000.0,,-133000000.0,-5793000000.0,13000000.0,,5781000000.0,347000000.0,
2012-09-30,10873000000.0,,,,,,,,2384000000.0,572000000.0,1810000000.0,1.51,1.51,1181614000.0,1183309000.0,4991000000.0,,,,,,,,,,17984000000.0,4882000000.0,,339944000000.0,,,,,,,,,302805000000.0,14153000000.0,-471000000.0,36218000000.0,339944000000.0,911000000.0,,-87000000.0,,,,,,,421000000.0,1273000000.0,37158000000.0,7253000000.0,6180000000.0,,,453000000.0,,-312000000.0,-10375000000.0,19000000.0,,9906000000.0,816000000.0,
2012-12-31,14479000000.0,,,,,,,,3226000000.0,779000000.0,2445000000.0,2.04,2.03,1176485000.0,1178430000.0,4727000000.0,,,,-3373000000.0,,,,,,18075000000.0,4809000000.0,,358990000000.0,,,,,,,,,321548000000.0,14622000000.0,-643000000.0,36431000000.0,358990000000.0,1246000000.0,,252000000.0,,,,,,,-211000000.0,1629000000.0,43788000000.0,9769000000.0,10265000000.0,,,652000000.0,,409000000.0,-29387000000.0,25000000.0,,28288000000.0,552000000.0,
2013-03-31,3597000000.0,,,,,,,,793000000.0,1046000000.0,-253000000.0,-0.23,-0.23,1158819000.0,1158819000.0,4440000000.0,,,,,,,,,,17920000000.0,4696000000.0,,355942000000.0,,,,,,,,,319268000000.0,14202000000.0,-915000000.0,35690000000.0,355942000000.0,333000000.0,,150000000.0,,,,,,,-634000000.0,-2744000000.0,10486000000.0,2450000000.0,3817000000.0,,,126000000.0,,449000000.0,7261000000.0,6000000.0,,-4755000000.0,-287000000.0,
2013-06-30,7567000000.0,,,,,,,,1960000000.0,1367000000.0,845000000.0,0.71,0.71,1155667000.0,1159169000.0,6940000000.0,,,,,,,,,,17919000000.0,4588000000.0,,360505000000.0,,,,,,,,,323574000000.0,14859000000.0,-1651000000.0,35882000000.0,360505000000.0,706000000.0,,-34000000.0,,,,,,,-383000000.0,-959000000.0,17468000000.0,5266000000.0,9218000000.0,,,258000000.0,,1313000000.0,-632000000.0,12000000.0,,3931000000.0,2213000000.0,
2013-09-30,11326000000.0,,,,,,,,2938000000.0,1365000000.0,1572000000.0,1.31,1.3,1153327000.0,1156951000.0,7304000000.0,,,,,,,,,,18025000000.0,4527000000.0,,371952000000.0,,,,,,,,,333969000000.0,15639000000.0,-1339000000.0,36959000000.0,371952000000.0,1051000000.0,,315000000.0,,,,,,,-953000000.0,-55000000.0,19787000000.0,7854000000.0,14824000000.0,,,372000000.0,,227000000.0,-8537000000.0,19000000.0,,11244000000.0,2577000000.0,
2013-12-31,14903000000.0,,,,,,,,3632000000.0,1520000000.0,2111000000.0,1.75,1.74,1150689000.0,1154441000.0,6460000000.0,,,,-3613000000.0,,,,,,18073000000.0,4452000000.0,,374310000000.0,,,,,,,,,335776000000.0,15976000000.0,-892000000.0,37521000000.0,374310000000.0,1389000000.0,,533000000.0,,,,,,,-479000000.0,-642000000.0,28622000000.0,9621000000.0,19455000000.0,,,609000000.0,,560000000.0,-13200000000.0,25000000.0,,15621000000.0,1733000000.0,
2014-03-31,3627000000.0,,,,,,,,906000000.0,232000000.0,674000000.0,0.57,0.57,1138645000.0,1144510000.0,6092000000.0,,,,,,,,,,18100000000.0,4380000000.0,,368241000000.0,,,,,,,,,329272000000.0,16439000000.0,-689000000.0,37986000000.0,368241000000.0,333000000.0,,-52000000.0,,,,,,,-2182000000.0,-1055000000.0,12499000000.0,1755000000.0,8091000000.0,,,201000000.0,,76000000.0,7401000000.0,6000000.0,,-6717000000.0,-368000000.0,
2014-06-30,7355000000.0,,,,,,,,1700000000.0,449000000.0,1251000000.0,1.05,1.04,1136086000.0,1141948000.0,6173000000.0,,,,,,,,,,18196000000.0,4314000000.0,,400740000000.0,,,,,,,,,361266000000.0,16796000000.0,-402000000.0,38326000000.0,400740000000.0,646000000.0,,-101000000.0,,,,,,,-340000000.0,2385000000.0,32071000000.0,3480000000.0,20806000000.0,,,380000000.0,,-9000000.0,-26318000000.0,13000000.0,,23635000000.0,-287000000.0,
2014-09-30,11943000000.0,,,,,,,,3339000000.0,1005000000.0,2334000000.0,1.98,1.97,1133006000.0,1139718000.0,6410000000.0,,,,,,,,,,17992000000.0,4215000000.0,,386296000000.0,,,,,,,,,346698000000.0,17670000000.0,-916000000.0,38451000000.0,386296000000.0,976000000.0,,-510000000.0,,,,,,,-505000000.0,3298000000.0,51428000000.0,5424000000.0,25253000000.0,,,595000000.0,,-3543000000.0,-10659000000.0,20000000.0,,7411000000.0,-50000000.0,
2014-12-31,15608000000.0,,,,,,,,3479000000.0,912000000.0,2567000000.0,2.17,2.15,1129897000.0,1137480000.0,6970000000.0,,,,-2782000000.0,,,,,,17869000000.0,4127000000.0,,385303000000.0,,,,,,,,,346600000000.0,17683000000.0,-1634000000.0,37441000000.0,385303000000.0,1292000000.0,,-853000000.0,,,,,,,-941000000.0,4484000000.0,69101000000.0,7253000000.0,31254000000.0,,,791000000.0,,-4887000000.0,-11675000000.0,26000000.0,,7829000000.0,510000000.0,
2015-03-31,3761000000.0,,,,,,,,1059000000.0,280000000.0,779000000.0,0.67,0.67,1118602000.0,1126306000.0,7167000000.0,,,,,,,,,,17663000000.0,4047000000.0,,399088000000.0,,,,,,,,,360208000000.0,18257000000.0,-2182000000.0,37328000000.0,399088000000.0,340000000.0,,-107000000.0,,,,,,,-1327000000.0,-64000000.0,11759000000.0,2008000000.0,8679000000.0,,,162000000.0,,-995000000.0,-10303000000.0,6000000.0,,10587000000.0,197000000.0,
2015-06-30,7610000000.0,,,,,,,,2188000000.0,556000000.0,1632000000.0,1.41,1.4,1116183000.0,1124154000.0,8353000000.0,,,,,,,,,,17807000000.0,4000000000.0,,395254000000.0,,,,,,,,,355830000000.0,18895000000.0,-2225000000.0,38270000000.0,395254000000.0,708000000.0,,-13000000.0,,,,,,,81000000.0,2634000000.0,21009000000.0,4245000000.0,14684000000.0,,,312000000.0,,-444000000.0,-18050000000.0,13000000.0,,16829000000.0,1383000000.0,
2015-09-30,11405000000.0,,,,,,,,3303000000.0,838000000.0,2465000000.0,2.15,2.13,1110056000.0,1117975000.0,8234000000.0,,,,,,,,,,17679000000.0,3914000000.0,,377371000000.0,,,,,,,,,338172000000.0,19525000000.0,-2355000000.0,38170000000.0,377371000000.0,1084000000.0,,-179000000.0,,,,,,,211000000.0,3985000000.0,26795000000.0,6712000000.0,16085000000.0,,,427000000.0,,-1307000000.0,-248000000.0,20000000.0,,-2515000000.0,1264000000.0,
2015-12-31,15126000000.0,,,,,,,,4171000000.0,1013000000.0,3158000000.0,2.73,2.71,1104719000.0,1112511000.0,6537000000.0,,,,,,,,,,17618000000.0,3842000000.0,,393780000000.0,,,,,,,,,354805000000.0,19974000000.0,-2600000000.0,38037000000.0,393780000000.0,1457000000.0,,47000000.0,,,,,,,254000000.0,4127000000.0,33785000000.0,8776000000.0,19016000000.0,,,601000000.0,,-3583000000.0,-19787000000.0,26000000.0,,15185000000.0,-433000000.0,
2016-03-31,3737000000.0,,,,,,,,1100000000.0,283000000.0,817000000.0,0.73,0.73,1079641000.0,1085284000.0,3928000000.0,,,,,,,,,,17604000000.0,3781000000.0,,372870000000.0,,,,,,,,,333585000000.0,20593000000.0,-2390000000.0,38459000000.0,372870000000.0,364000000.0,,-10000000.0,,,,,,,-1036000000.0,1794000000.0,7018000000.0,2032000000.0,1989000000.0,,,148000000.0,,188000000.0,20080000000.0,6000000.0,,-24487000000.0,-2609000000.0,
2016-06-30,7509000000.0,,,,,,,,2263000000.0,573000000.0,1690000000.0,1.49,1.48,1076112000.0,1081847000.0,5809000000.0,,,,,,,,,,17501000000.0,3738000000.0,,372351000000.0,,,,,,,,,333054000000.0,21233000000.0,-2552000000.0,38559000000.0,372351000000.0,748000000.0,,-299000000.0,,,,,,,-2645000000.0,1462000000.0,14524000000.0,4155000000.0,4624000000.0,,,349000000.0,,-155000000.0,25696000000.0,13000000.0,,-27706000000.0,-728000000.0,
2016-09-30,,,,,,,,,,897000000.0,2677000000.0,2.39,2.38,1071457000.0,1077150000.0,4957000000.0,,,,,,,,,,17449000000.0,3671000000.0,,374114000000.0,,,,,,,,,333741000000.0,22002000000.0,-2785000000.0,39695000000.0,374114000000.0,1118000000.0,,-282000000.0,,,,,,,-3985000000.0,1557000000.0,21491000000.0,6552000000.0,5624000000.0,,,495000000.0,,239000000.0,21058000000.0,20000000.0,,-24178000000.0,-1580000000.0,
2016-12-31,,,,,,,,,,1177000000.0,3547000000.0,3.16,3.15,1066286000.0,1072013000.0,4822000000.0,,,,,,,,,,17316000000.0,3598000000.0,,333469000000.0,,,,,,,,,293889000000.0,22621000000.0,-3765000000.0,38811000000.0,333469000000.0,1502000000.0,,-126000000.0,,,,,,,-486000000.0,6246000000.0,27470000000.0,8826000000.0,7580000000.0,,,825000000.0,,444000000.0,51203000000.0,27000000.0,,-59050000000.0,-1715000000.0,
2017-03-31,,,,,,,,,,269000000.0,922000000.0,0.83,0.83,1041158000.0,1047746000.0,5366000000.0,,,,,,,,,,17355000000.0,3549000000.0,,337536000000.0,,,,,,,,,297705000000.0,23300000000.0,-3524000000.0,39138000000.0,337536000000.0,347000000.0,,130000000.0,,,,,,,-1861000000.0,-1233000000.0,5510000000.0,2023000000.0,924000000.0,,,286000000.0,,-499000000.0,-2291000000.0,7000000.0,,4032000000.0,544000000.0,
2017-06-30,,,,,,,,,,601000000.0,1897000000.0,1.71,1.7,1038479000.0,1044809000.0,4725000000.0,,,,,,,,,,17457000000.0,3506000000.0,,354815000000.0,,,,,,,,,314317000000.0,24027000000.0,-3093000000.0,39974000000.0,354815000000.0,693000000.0,,124000000.0,,,,,,,-4706000000.0,-1855000000.0,13569000000.0,4679000000.0,2093000000.0,,0.0,722000000.0,,-292000000.0,-13428000000.0,14000000.0,,15073000000.0,-97000000.0,
2017-09-30,,,,,,,,,,949000000.0,2915000000.0,2.66,2.64,1037431000.0,1043585000.0,5557000000.0,,,,,,,,,,17543000000.0,3461000000.0,,354397000000.0,,,,,,,,,313293000000.0,24757000000.0,-2781000000.0,40523000000.0,354397000000.0,1044000000.0,,272000000.0,,,,,,,-756000000.0,3350000000.0,18974000000.0,7047000000.0,3531000000.0,,0.0,933000000.0,,-82000000.0,-14003000000.0,24000000.0,,11231000000.0,735000000.0,
2017-12-31,,,,,,,,,,496000000.0,4090000000.0,3.74,3.72,1034281000.0,1040290000.0,5382000000.0,,,,,,,,,,17564000000.0,3411000000.0,,371758000000.0,,,,,,,,,330012000000.0,25635000000.0,-2357000000.0,41251000000.0,371758000000.0,1474000000.0,,133000000.0,,,,,,,-221000000.0,4641000000.0,26151000000.0,9129000000.0,6001000000.0,,0.0,1197000000.0,,207000000.0,-31050000000.0,34000000.0,,26780000000.0,560000000.0,
2018-03-31,2981000000.0,,,,,,,,,282000000.0,1171000000.0,1.11,1.1,1016797000.0,1021731000.0,4636000000.0,,,,,,,,,,17596000000.0,3370000000.0,,373597000000.0,,,,,,,,,331473000000.0,26496000000.0,-2343000000.0,41728000000.0,373597000000.0,335000000.0,,16000000.0,,,,,,,-201000000.0,-852000000.0,8757000000.0,1735000000.0,4050000000.0,,,173000000.0,,501000000.0,-1430000000.0,12000000.0,,971000000.0,-1261000000.0,
2018-06-30,5875000000.0,,,,,,,,,568000000.0,2274000000.0,2.15,2.14,1013507000.0,1018020000.0,5361000000.0,,,,,,,,,,17418000000.0,3308000000.0,,352928000000.0,,,,,,,,,311182000000.0,27306000000.0,-2795000000.0,41505000000.0,352928000000.0,677000000.0,,-230000000.0,,,,,,,-712000000.0,1568000000.0,17550000000.0,3871000000.0,4867000000.0,,,505000000.0,,359000000.0,15214000000.0,20000000.0,,-16835000000.0,-113000000.0,
2018-09-30,,,,,,,,,,788000000.0,3385000000.0,3.21,3.2,1008967000.0,1013242000.0,5047000000.0,,,,,,,,,,17390000000.0,3258000000.0,,349770000000.0,,,,,,,,,307909000000.0,28098000000.0,-2983000000.0,41560000000.0,349770000000.0,1011000000.0,,-401000000.0,,,,,,,109000000.0,2812000000.0,22898000000.0,5683000000.0,5538000000.0,,,819000000.0,,163000000.0,18017000000.0,30000000.0,,-21556000000.0,-784000000.0,
2018-12-31,,,,,,,,,,938000000.0,4266000000.0,4.06,4.04,1002922000.0,1007141000.0,5864000000.0,,,,,,,,,,17350000000.0,3220000000.0,,362873000000.0,,,,,,,,,322005000000.0,28652000000.0,-3171000000.0,40638000000.0,362873000000.0,1339000000.0,,-525000000.0,,,,,,,1508000000.0,5996000000.0,32404000000.0,7716000000.0,8247000000.0,,0.0,1108000000.0,,153000000.0,3299000000.0,40000000.0,,-8098000000.0,1125000000.0,
2019-03-31,,,,,,,,,,237000000.0,946000000.0,0.94,0.94,962397000.0,965960000.0,5980000000.0,,,,,,,,,,17367000000.0,3193000000.0,,346132000000.0,,,,,,,,,304663000000.0,29382000000.0,-2990000000.0,41225000000.0,346132000000.0,302000000.0,,-28000000.0,,,,,,,-2101000000.0,-949000000.0,8894000000.0,1400000000.0,3692000000.0,,,264000000.0,,-429000000.0,20810000000.0,13000000.0,,-19837000000.0,35000000.0,
2019-06-30,,,,,,,,,,501000000.0,1963000000.0,1.95,1.95,956887000.0,959957000.0,5556000000.0,,,,,,,,,,17337000000.0,3160000000.0,,381168000000.0,,,,,,,,,339333000000.0,30081000000.0,-2688000000.0,41533000000.0,381168000000.0,635000000.0,,-110000000.0,,,,,,,-3665000000.0,-2514000000.0,21503000000.0,3226000000.0,6346000000.0,,,717000000.0,,-940000000.0,-11386000000.0,16000000.0,,13245000000.0,-666000000.0,
2019-09-30,,,,,,,,,,747000000.0,3001000000.0,3.02,3.01,949035000.0,951876000.0,6718000000.0,,,,,,,,,,17248000000.0,3124000000.0,,373168000000.0,,,,,,,,,331698000000.0,30789000000.0,-2893000000.0,41120000000.0,373168000000.0,971000000.0,,-185000000.0,,,,,,,714000000.0,2567000000.0,33929000000.0,5260000000.0,7482000000.0,,,1112000000.0,,-588000000.0,-5230000000.0,19000000.0,,3454000000.0,734000000.0,
2019-12-31,16462000000.0,,,,,,,,,1120000000.0,4441000000.0,4.53,4.51,939623000.0,943109000.0,4830000000.0,,,,,,,,,,17386000000.0,3107000000.0,,381508000000.0,,,,,,,,,339780000000.0,31894000000.0,-2638000000.0,41483000000.0,381508000000.0,1315000000.0,,-69000000.0,,,,,,,-372000000.0,96000000.0,46435000000.0,,11444000000.0,,,1210000000.0,,-676000000.0,-10548000000.0,21000000.0,,9459000000.0,-991000000.0,
2020-03-31,,,,,,,,,,265000000.0,980000000.0,1.05,1.05,894122000.0,896689000.0,5091000000.0,,,,,,,,,,17240000000.0,3070000000.0,,468155000000.0,,,,,,,,,426776000000.0,32601000000.0,-2827000000.0,41145000000.0,468155000000.0,354000000.0,,-300000000.0,,,,,,,-5292000000.0,-1685000000.0,22222000000.0,,3107000000.0,,,264000000.0,,349000000.0,-78601000000.0,3000000.0,,82880000000.0,2538000000.0,
2020-06-30,,,,,,,,,,481000000.0,1930000000.0,2.06,2.06,891642000.0,893603000.0,4776000000.0,,,,,,,,,,17253000000.0,3045000000.0,,442316000000.0,,,,,,,,,398350000000.0,33224000000.0,-1943000000.0,43697000000.0,442316000000.0,744000000.0,,-363000000.0,,,,,,,2361000000.0,5125000000.0,44865000000.0,,8414000000.0,,,623000000.0,,275000000.0,-58746000000.0,6000000.0,,53390000000.0,-281000000.0,
2020-09-30,,,,,,,,,,694000000.0,2867000000.0,3.05,3.04,891050000.0,892793000.0,4104000000.0,,,,,,,,,,17357000000.0,3026000000.0,,428398000000.0,,,,,,,,,383051000000.0,33821000000.0,-1359000000.0,44917000000.0,428398000000.0,1175000000.0,,-351000000.0,,,,,,,200000000.0,5903000000.0,56860000000.0,,10824000000.0,,,956000000.0,,417000000.0,-44300000000.0,9000000.0,,38135000000.0,-272000000.0,
2020-12-31,15808000000.0,,,,,,,,,842000000.0,3617000000.0,3.84,3.83,890839000.0,892514000.0,6252000000.0,,,,,,,,,,17496000000.0,3012000000.0,,469633000000.0,,,,,,,,,423513000000.0,34241000000.0,-985000000.0,45801000000.0,469633000000.0,1630000000.0,,-193000000.0,,,,,,,202000000.0,5038000000.0,68430000000.0,,13316000000.0,,,1222000000.0,,728000000.0,-78455000000.0,12000000.0,,75508000000.0,2152000000.0,
2021-03-31,,,,,,,,,,221000000.0,927000000.0,0.97,0.97,882558000.0,885655000.0,5991000000.0,,,,,,,,,3521000000.0,17469000000.0,2983000000.0,,464984000000.0,,,,,,,,,419581000000.0,34822000000.0,-1819000000.0,44954000000.0,464984000000.0,466000000.0,,275000000.0,,,,,,,-1678000000.0,-3174000000.0,12247000000.0,,3209000000.0,,,220000000.0,,-953000000.0,4678000000.0,3000000.0,,-1520000000.0,-49000000.0,
2021-06-30,,,,,,,,,,462000000.0,1949000000.0,2.11,2.1,876006000.0,879409000.0,5154000000.0,,,,,,,,,3442000000.0,17487000000.0,2964000000.0,,466963000000.0,,,,,,,,,421169000000.0,35540000000.0,-1670000000.0,45281000000.0,466963000000.0,938000000.0,,274000000.0,,,,,,,-3495000000.0,-345000000.0,25820000000.0,,7624000000.0,,,465000000.0,,-648000000.0,3899000000.0,6000000.0,,-3461000000.0,52000000.0,
2021-09-30,,,,,,,,,,681000000.0,2896000000.0,3.15,3.14,865374000.0,869324000.0,6752000000.0,,,,,,,,,3422000000.0,17420000000.0,2941000000.0,,470533000000.0,,,,,,,,,426481000000.0,36125000000.0,-2003000000.0,43601000000.0,470533000000.0,1406000000.0,,255000000.0,,,,,,,-1159000000.0,-291000000.0,38201000000.0,,8846000000.0,,,841000000.0,,-228000000.0,-259000000.0,10000000.0,,2165000000.0,1534000000.0,
2021-12-31,15931000000.0,,,,,,,,,877000000.0,3759000000.0,4.17,4.14,851905000.0,856359000.0,6061000000.0,,,,,,,,,3431000000.0,17512000000.0,2991000000.0,,444438000000.0,,,,,,,,,401047000000.0,36667000000.0,-2213000000.0,43034000000.0,444438000000.0,1867000000.0,,257000000.0,,,,,,,-905000000.0,2838000000.0,54239000000.0,,13545000000.0,,170000000.0,1215000000.0,,-1070000000.0,19672000000.0,13000000.0,,-21962000000.0,464000000.0,
2022-03-31,,,,,,,,,,153000000.0,773000000.0,0.86,0.86,809469000.0,813986000.0,6143000000.0,,,,,,,,,3359000000.0,17462000000.0,2968000000.0,,473811000000.0,,,,,,,,,431659000000.0,37088000000.0,-3881000000.0,41799000000.0,473811000000.0,437000000.0,,36000000.0,,,,,,,-65000000.0,3429000000.0,10902000000.0,,6315000000.0,,,271000000.0,,639000000.0,-33901000000.0,130000000.0,,30095000000.0,-339000000.0,
2022-06-30,,,,,,,,,,384000000.0,1642000000.0,1.89,1.88,810903000.0,813894000.0,5185000000.0,,,,,,,,,3354000000.0,17271000000.0,2934000000.0,,452621000000.0,,,,,,,,,411476000000.0,37644000000.0,-5307000000.0,40984000000.0,452621000000.0,859000000.0,,145000000.0,,,,,,,-1000000000.0,8419000000.0,20522000000.0,,8788000000.0,,,871000000.0,,507000000.0,-24595000000.0,6000000.0,,15557000000.0,-257000000.0,
2022-09-30,,,,,,,,,,626000000.0,2030000000.0,2.29,2.28,811304000.0,814516000.0,4707000000.0,,,,,,,,,3311000000.0,16412000000.0,2902000000.0,,427953000000.0,,,,,,,,,388057000000.0,37660000000.0,-6627000000.0,39737000000.0,427953000000.0,1255000000.0,,255000000.0,,,,,,,967000000.0,12144000000.0,26007000000.0,,11303000000.0,,,989000000.0,,1747000000.0,-5250000000.0,10000000.0,,-7504000000.0,-283000000.0,
2022-12-31,16377000000.0,,,,,,,,,768000000.0,2573000000.0,2.91,2.9,811068000.0,814795000.0,5030000000.0,,,,,,,,,3256000000.0,16150000000.0,2901000000.0,,405783000000.0,,,,,,,,,364933000000.0,37864000000.0,-5966000000.0,40734000000.0,405783000000.0,1636000000.0,,155000000.0,,,,,,,2534000000.0,15068000000.0,32336000000.0,,14990000000.0,,0.0,1346000000.0,,1127000000.0,19874000000.0,14000000.0,,-33654000000.0,1646000000.0,
2023-03-31,,,,,,,,,,260000000.0,976000000.0,1.13,1.12,803340000.0,807718000.0,5564000000.0,,,,,,,,,3248000000.0,16192000000.0,2890000000.0,,425112000000.0,,,,,,,,,384310000000.0,38465000000.0,-5543000000.0,40634000000.0,425112000000.0,351000000.0,,2000000.0,,,,,,,-553000000.0,1792000000.0,8917000000.0,,6581000000.0,,,261000000.0,,-923000000.0,-17752000000.0,3000000.0,,14413000000.0,-1506000000.0,
2023-06-30,,,,,,,,,,530000000.0,2043000000.0,2.43,2.42,795512000.0,799157000.0,5720000000.0,,,,,,,,,3241000000.0,16246000000.0,2881000000.0,,430382000000.0,,,,,,,,,389280000000.0,39199000000.0,-5602000000.0,40933000000.0,430382000000.0,730000000.0,,32000000.0,,,,,,,14000000.0,2940000000.0,12922000000.0,,7947000000.0,,,615000000.0,,223000000.0,-25095000000.0,8000000.0,,20027000000.0,-1917000000.0,
2023-09-30,,,,,,,,,,771000000.0,3081000000.0,3.66,3.65,789609000.0,793364000.0,4904000000.0,,,,,,,,,3234000000.0,16159000000.0,2859000000.0,,405248000000.0,,,,,,,,,364117000000.0,39822000000.0,-5805000000.0,40966000000.0,405248000000.0,1122000000.0,,-42000000.0,,,,,,,2753000000.0,7980000000.0,15779000000.0,,9449000000.0,,,951000000.0,,-494000000.0,-4464000000.0,12000000.0,,-7260000000.0,-3541000000.0,
2023-12-31,17502000000.0,,,,,,,,,800000000.0,3286000000.0,3.89,3.87,784069000.0,787798000.0,4922000000.0,,,,,,,,,3163000000.0,16261000000.0,2854000000.0,,409953000000.0,,,,,,,,,368944000000.0,39653000000.0,-4893000000.0,40874000000.0,409953000000.0,1748000000.0,,-423000000.0,,,,,,,684000000.0,5912000000.0,23422000000.0,,11229000000.0,,0.0,1220000000.0,,32000000.0,-5810000000.0,16000000.0,,-3519000000.0,-3187000000.0,
2024-03-31,,,,,,,,,,297000000.0,1025000000.0,1.26,1.25,756937000.0,762268000.0,5305000000.0,,,,,,,,,3136000000.0,16228000000.0,2839000000.0,,434728000000.0,,,,,,,,,393966000000.0,40178000000.0,-4876000000.0,40569000000.0,434728000000.0,468000000.0,,13000000.0,,,,,,,-948000000.0,-2680000000.0,18770000000.0,,1160000000.0,,,299000000.0,,-525000000.0,-26741000000.0,4000000.0,,28433000000.0,-1130000000.0,
2024-06-30,,,,,,,,,,654000000.0,2193000000.0,2.79,2.77,751961000.0,756870000.0,5311000000.0,,,,,,,,,3267000000.0,16217000000.0,2826000000.0,,428539000000.0,,,,,,,,,387418000000.0,40999000000.0,-4900000000.0,40843000000.0,428539000000.0,924000000.0,,-32000000.0,,,,,,,-1176000000.0,-551000000.0,26130000000.0,,2558000000.0,,,681000000.0,,-451000000.0,-21314000000.0,8000000.0,,21020000000.0,-1005000000.0,
2024-09-30,,,,,,,,,,990000000.0,3375000000.0,4.29,4.26,747766000.0,752555000.0,6234000000.0,,,,,,,,,3380000000.0,16338000000.0,2824000000.0,,427461000000.0,,,,,,,,,385071000000.0,41756000000.0,-3867000000.0,41992000000.0,427461000000.0,1375000000.0,,-133000000.0,,,,,,,-1243000000.0,-863000000.0,37043000000.0,,4467000000.0,,,1056000000.0,,-162000000.0,-11110000000.0,13000000.0,,11596000000.0,-499000000.0,
