Date,Net sales,Cost of sales,Gross margin,Research and development,"Selling, general and administrative",Total operating expenses,Operating income,"Other income/(expense), net",Income before provision for income taxes,Provision for income taxes,Net income,Earnings per share basic,Earnings per share diluted,Weighted-average basic,Weighted-average diluted,Cash and cash equivalents,Short-term marketable securities,"Accounts receivable, net",Inventories,Deferred tax assets,Vendor non-trade receivables,Other current assets,Total current assets,Long-term marketable securities,"Property, Plant and Equipment, Net",Goodwill,"Acquired intangible assets, net","Other Assets, Noncurrent",Total assets,accounts payable,Accrued expenses,Deferred revenue,Total current liabilities,Deferred revenue - non-current,deferred tax liabilities,long term taxes payable,Total other non-current liabilities,Total liabilities,Retained Earnings (Accumulated Deficit),Accumulated other comprehensive (loss)/income,Total shareholders equity,Total liabilities and shareholders' equity,"Depreciation, amortization and accretion",Stock-based compensation expense,Deferred income tax expense,"Increase (Decrease) in Accounts receivable, net",Increase (Decrease) in Inventories,Increase (Decrease) in Other Receivables,Increase (Decrease) in Other Operating Assets,Increase (Decrease) in Accounts Payable,Increase (Decrease) in Deferred Revenue,Increase (Decrease) Other liabilities,Cash generated by operating activities,Purchases of marketable securities,Proceeds from maturities of marketable securities,Proceeds from sales of marketable securities,Purchases of other long-term investments,"Business acquisitions, net of cash acquired",Cash payments for capital asset purchases,Payments for acquisition of intangible assets,Payments for (Proceeds from) Other Investing Activities,Cash used in investing activities,Proceeds from issuance of common stock,Excess tax benefits from stock-based compensation,Cash generated/used in financing activities,Increase/(decrease) in cash and cash equivalents,"Cash paid for income taxes, net"
2010-06-30,1351832000.0,587462000.0,764370000.0,,,503302000.0,261068000.0,-14369000.0,246699000.0,78228000.0,168832000.0,3.59,3.31,47791000.0,51032000.0,356035000.0,864164000.0,208056000.0,,57598000.0,,,1557676000.0,,34988000.0,426324000.0,236547000.0,15968000.0,2445739000.0,119138000.0,163046000.0,,465776000.0,,59179000.0,,26894000.0,1017836000.0,-285841000.0,-94673000.0,,2445739000.0,20537000.0,27374000.0,24043000.0,85516000.0,,,,,,,292016000.0,,,,,,10233000.0,,,-419573000.0,,2335000.0,292963000.0,153894000.0,31002000.0
2010-09-30,2353591000.0,923032000.0,1430559000.0,,,832722000.0,597837000.0,-32459000.0,565378000.0,172347000.0,391812000.0,8.24,7.7,48570000.0,50917000.0,533121000.0,941948000.0,248946000.0,,73257000.0,,,1840058000.0,,35905000.0,453618000.0,243243000.0,14833000.0,2746545000.0,112753000.0,195936000.0,,506329000.0,,59402000.0,,28481000.0,1065283000.0,-62861000.0,-19048000.0,,2746545000.0,33312000.0,48550000.0,,112755000.0,,,,,,,597380000.0,,,,,,14471000.0,,,-449092000.0,,4975000.0,174524000.0,330980000.0,61568000.0
2010-12-31,3084905000.0,1175934000.0,1908971000.0,,,1122174000.0,786797000.0,-40514000.0,746283000.0,218141000.0,527541000.0,11.0,10.35,47955000.0,50988000.0,358967000.0,1303251000.0,162426000.0,,164028000.0,,,1957464000.0,394000.0,39739000.0,510894000.0,232030000.0,14418000.0,2905953000.0,90311000.0,243767000.0,,471168000.0,,56440000.0,,42990000.0,1046828000.0,69110000.0,-32889000.0,,2905953000.0,,68200000.0,37540000.0,29275000.0,,,,,,,777297000.0,,,,,,22593000.0,,,-841098000.0,,3091000.0,212957000.0,156826000.0,169320000.0
2011-03-31,809320000.0,303512000.0,505808000.0,,,351749000.0,154059000.0,-13367000.0,140692000.0,36679000.0,,2.12,2.05,49319000.0,51159000.0,551074000.0,1194512000.0,221978000.0,,218300000.0,,,2105670000.0,,44386000.0,525801000.0,234063000.0,17462000.0,3065351000.0,115512000.0,322735000.0,,1086696000.0,,55938000.0,,47209000.0,1189843000.0,163545000.0,10360000.0,1724401000.0,3065351000.0,,,,56487000.0,,,,,,,276219000.0,,,,,,8279000.0,,,55051000.0,,9520000.0,-147198000.0,192107000.0,28956000.0
2011-06-30,1912035000.0,657001000.0,1255034000.0,,,776267000.0,478767000.0,-21483000.0,457284000.0,96993000.0,,7.29,7.06,49718000.0,51134000.0,611249000.0,1338169000.0,321358000.0,,210500000.0,,,2376435000.0,,49346000.0,529594000.0,228885000.0,17157000.0,3360075000.0,127794000.0,267888000.0,,1126193000.0,,54679000.0,,33858000.0,1214730000.0,396528000.0,19476000.0,1989627000.0,3360075000.0,,,,154216000.0,,,,,,,499502000.0,,,,,,18077000.0,,,-100130000.0,,12173000.0,-155847000.0,252282000.0,55461000.0
2011-09-30,3364839000.0,1009657000.0,2355182000.0,,,1260038000.0,1095144000.0,-26010000.0,1069134000.0,235959000.0,,16.74,16.23,49779000.0,51193000.0,421166000.0,1983467000.0,345339000.0,,169700000.0,,,2881977000.0,,53843000.0,510154000.0,210693000.0,21444000.0,3815573000.0,169545000.0,305745000.0,,1181261000.0,,47448000.0,,37119000.0,1265828000.0,858438000.0,-59835000.0,2390299000.0,3815573000.0,,,34170000.0,202087000.0,,,,,,,1059971000.0,,,,,,29770000.0,,,-838153000.0,,14996000.0,-156581000.0,62199000.0,99376000.0
2011-12-31,4355610000.0,1275730000.0,3079880000.0,,,1680958000.0,1398922000.0,-31128000.0,1367794000.0,308663000.0,,21.27,20.63,49654000.0,51211000.0,632836000.0,2024827000.0,264453000.0,,98140000.0,,,3066844000.0,,64322000.0,504784000.0,200151000.0,23490000.0,3970671000.0,146867000.0,222134000.0,,1105798000.0,,46990000.0,,39183000.0,1191971000.0,1033738000.0,-87582000.0,2574295000.0,3970671000.0,,65724000.0,44747000.0,125793000.0,,,,,,,1341812000.0,,,,,,46833000.0,,,-904768000.0,,21041000.0,-151027000.0,273869000.0,232762000.0
2012-03-31,1037247000.0,293959000.0,743288000.0,,,501757000.0,241531000.0,-12536000.0,,47179000.0,,3.65,3.54,49827000.0,51347000.0,1192075000.0,2426628000.0,324562000.0,,96800000.0,,,4203062000.0,,73520000.0,520769000.0,210918000.0,41313000.0,5092827000.0,173984000.0,298217000.0,,1290229000.0,,45720000.0,,43526000.0,2246044000.0,1163494000.0,-51112000.0,2591659000.0,5092827000.0,,16523000.0,4804000.0,58235000.0,,,,,,,182380000.0,,,,,,13697000.0,,,-371501000.0,,4040000.0,730533000.0,559239000.0,173528000.0
2012-06-30,2364006000.0,616576000.0,1747430000.0,,,1047543000.0,699887000.0,-25213000.0,,140204000.0,,10.73,10.41,49819000.0,51306000.0,812786000.0,3129556000.0,429520000.0,,64100000.0,,,4578299000.0,,78616000.0,508331000.0,196037000.0,38483000.0,5428806000.0,201203000.0,272087000.0,,1366635000.0,,45237000.0,,41122000.0,2324661000.0,1524615000.0,-107647000.0,2927787000.0,5428806000.0,,,13665000.0,176721000.0,,,,,,,613986000.0,,,,,,28423000.0,,,-1102274000.0,,12513000.0,677538000.0,179950000.0,189061000.0
2012-09-30,4070316000.0,926385000.0,3143931000.0,,,1688453000.0,1455478000.0,-49631000.0,,271405000.0,,22.7,22.05,49851000.0,51295000.0,898470000.0,3769527000.0,493777000.0,,67200000.0,,,5365729000.0,,81931000.0,517721000.0,192488000.0,36710000.0,6217809000.0,240176000.0,377326000.0,,1475340000.0,,46305000.0,,47813000.0,2446267000.0,2105386000.0,-62872000.0,3577864000.0,6217809000.0,,,16446000.0,232660000.0,,,,,,,1288931000.0,,,,,,38950000.0,,,-1700553000.0,,12911000.0,678173000.0,265634000.0,205256000.0
2012-12-31,5260956000.0,1177275000.0,4083681000.0,,,2253888000.0,1829793000.0,-67924000.0,1761869000.0,337832000.0,,28.48,27.66,49840000.0,51326000.0,1536349000.0,3646845000.0,367512000.0,,26285000.0,,,5682375000.0,,89269000.0,522672000.0,208113000.0,35828000.0,6569742000.0,184648000.0,387911000.0,,1461726000.0,,45159000.0,,68944000.0,2457825000.0,2368611000.0,-23676000.0,3896975000.0,6569742000.0,,,19596000.0,105277000.0,,,,,,,1785750000.0,,,,,,55158000.0,,,-1562713000.0,,5189000.0,668855000.0,903513000.0,300539000.0
2013-03-31,1302012000.0,292347000.0,1009665000.0,,,699826000.0,309839000.0,-19397000.0,,46150000.0,,4.89,4.76,49939000.0,51353000.0,1611210000.0,3570407000.0,471807000.0,,50755000.0,,,6030452000.0,,92500000.0,502295000.0,191135000.0,35102000.0,6855127000.0,250546000.0,425032000.0,,1605339000.0,,41474000.0,,90589000.0,2624631000.0,2570114000.0,-88060000.0,3990835000.0,6855127000.0,,,-7229000.0,115162000.0,,,,,,,183117000.0,,,,,,15051000.0,,,-16002000.0,,4443000.0,-70972000.0,74861000.0,228893000.0
2013-06-30,2982250000.0,588730000.0,2393520000.0,,,1528850000.0,864670000.0,-38671000.0,,144267000.0,,13.54,13.18,50760000.0,52111000.0,1762214000.0,4182860000.0,649250000.0,,74242000.0,,,6926150000.0,,109141000.0,1738346000.0,1052087000.0,37302000.0,9867371000.0,316251000.0,387336000.0,,1771437000.0,,387296000.0,,88088000.0,3966918000.0,3007686000.0,-75582000.0,5857660000.0,9867371000.0,,,-3312000.0,242983000.0,,,,,,,776499000.0,,,,,,36481000.0,,,-985967000.0,,17767000.0,453542000.0,225865000.0,247037000.0
2013-09-30,5252153000.0,869568000.0,4382585000.0,,,2471018000.0,1911567000.0,-65217000.0,,331629000.0,,29.88,29.0,51363000.0,52984000.0,1096094000.0,5487526000.0,706234000.0,,82471000.0,,,7489047000.0,,119766000.0,1761194000.0,1038863000.0,35958000.0,10445655000.0,312896000.0,544021000.0,,1825844000.0,,371498000.0,,83934000.0,4012303000.0,3840675000.0,39761000.0,6396622000.0,10445655000.0,,,11450000.0,283961000.0,,,,,,,1746963000.0,,,,,,56958000.0,,,-2201393000.0,,13318000.0,1981000.0,-440255000.0,265303000.0
2013-12-31,6793306000.0,1077420000.0,5715886000.0,,,3303472000.0,2412414000.0,-115877000.0,2296537000.0,403739000.0,,37.17,36.11,50924000.0,52413000.0,1289994000.0,5462720000.0,535962000.0,,74687000.0,,,7480941000.0,,135053000.0,1767912000.0,1019985000.0,33514000.0,10444460000.0,247345000.0,545342000.0,,1381745000.0,,326425000.0,,75981000.0,3526198000.0,4218752000.0,84729000.0,6909729000.0,10444460000.0,,,-11104000.0,111572000.0,,,,,,,2301436000.0,,,,,,84445000.0,,,-2162267000.0,,17686000.0,-403511000.0,-246355000.0,391169000.0
2014-03-31,1641802000.0,235331000.0,1406471000.0,,,967745000.0,438726000.0,-22673000.0,,84835000.0,,6.35,6.25,52153000.0,53018000.0,1288150000.0,5422358000.0,627160000.0,,74533000.0,,,7855940000.0,,149373000.0,1771548000.0,998307000.0,33423000.0,10813684000.0,299411000.0,561915000.0,,1430989000.0,,334631000.0,,81177000.0,3599957000.0,4549970000.0,92751000.0,7209409000.0,10813684000.0,,,8828000.0,94156000.0,,,,,,,177004000.0,,,,,,29731000.0,,,-40855000.0,,5499000.0,-141917000.0,-1844000.0,367160000.0
2014-06-30,3765377000.0,475910000.0,3289467000.0,,,2117727000.0,1171740000.0,-39922000.0,,224149000.0,,17.36,17.12,52397000.0,53004000.0,3503899000.0,3660807000.0,841133000.0,,107006000.0,,,8508759000.0,,168681000.0,1905551000.0,976946000.0,33666000.0,11600323000.0,340903000.0,555716000.0,,1507245000.0,,396489000.0,,106858000.0,3774956000.0,5126421000.0,78335000.0,7824032000.0,11600323000.0,,,26070000.0,312959000.0,,,,,,,866985000.0,,,,,,61986000.0,,,1535311000.0,,12222000.0,-193248000.0,2213905000.0,385506000.0
2014-09-30,6601874000.0,692429000.0,5909445000.0,,,3415000000.0,2494445000.0,-57038000.0,,467485000.0,,37.65,37.13,52405000.0,53048000.0,5043724000.0,1193353000.0,843560000.0,,56017000.0,,,7303865000.0,1965182000.0,203790000.0,3483144000.0,2175214000.0,48471000.0,15184380000.0,525441000.0,609071000.0,,1589145000.0,,866167000.0,,107938000.0,6450493000.0,6188674000.0,-72204000.0,8733111000.0,15184380000.0,,,46451000.0,353357000.0,,,,,,,2159117000.0,,,,,,90725000.0,,,-282410000.0,,14139000.0,1925168000.0,3753730000.0,412185000.0
2014-12-31,8441971000.0,857841000.0,7584130000.0,,,4510818000.0,3073312000.0,-83864000.0,2989448000.0,567695000.0,,46.3,45.67,52301000.0,53023000.0,3148651000.0,1142182000.0,643894000.0,,153754000.0,,,5267374000.0,3755653000.0,198953000.0,3326474000.0,2334761000.0,57348000.0,14940563000.0,281480000.0,600758000.0,,1379991000.0,,1040260000.0,,103533000.0,6373540000.0,6640505000.0,-259902000.0,8566694000.0,14940563000.0,,,31707000.0,182209000.0,,,,,,,2914397000.0,,,,,,131504000.0,,,-2348544000.0,,23366000.0,1428994000.0,1858657000.0,491530000.0
2015-03-31,1840694000.0,168458000.0,1672236000.0,,,1238267000.0,433969000.0,-26726000.0,407243000.0,73916000.0,,6.42,6.36,51909000.0,52406000.0,3255814000.0,1379641000.0,706776000.0,,137102000.0,,,5967481000.0,4973644000.0,214863000.0,3327784000.0,2282347000.0,76373000.0,16842492000.0,567322000.0,610764000.0,,1703234000.0,,1072038000.0,,132987000.0,8212367000.0,6973832000.0,-224545000.0,8630125000.0,16842492000.0,,,-35172000.0,120593000.0,,,,,,,208983000.0,,,,,,31263000.0,,,-1140820000.0,,49538000.0,1214248000.0,107163000.0,379603000.0
2015-06-30,4121091000.0,355949000.0,3765142000.0,,,2652842000.0,1112300000.0,-56680000.0,1055620000.0,205261000.0,,16.43,16.27,51748000.0,52253000.0,1888949000.0,1299127000.0,889868000.0,,106065000.0,,,4693471000.0,6395468000.0,246102000.0,3366396000.0,2246629000.0,79280000.0,17027346000.0,367221000.0,903641000.0,,1931134000.0,,991882000.0,,146399000.0,8469381000.0,7490864000.0,-43123000.0,8557965000.0,17027346000.0,,,-41577000.0,287940000.0,,,,,,,911359000.0,4686507000.0,,,,,84351000.0,,,-2579916000.0,,68241000.0,553535000.0,-1259702000.0,472350000.0
2015-09-30,7223992000.0,511568000.0,6712424000.0,,,4111417000.0,2601007000.0,-89217000.0,2511790000.0,464699000.0,,39.87,39.4,51344000.0,51952000.0,1841658000.0,1211184000.0,890532000.0,,90500000.0,,,4298957000.0,6327630000.0,257135000.0,3386519000.0,2203270000.0,141259000.0,16614770000.0,388528000.0,780784000.0,,1582807000.0,,952388000.0,,131474000.0,8087997000.0,8687596000.0,-185465000.0,8526773000.0,16614770000.0,,,-63675000.0,289604000.0,,,,,,,2221159000.0,5597897000.0,,,,,126637000.0,,,-2674039000.0,,90935000.0,-709195000.0,-1306993000.0,499421000.0
2015-12-31,9223987000.0,632180000.0,8591807000.0,,,5332900000.0,3258907000.0,-130587000.0,3128320000.0,576960000.0,,50.09,49.45,50940000.0,51593000.0,1477265000.0,1171246000.0,645169000.0,,,,,3553237000.0,7931363000.0,274786000.0,3375000000.0,2167533000.0,118656000.0,17420575000.0,322842000.0,681587000.0,,1439310000.0,,892576000.0,,134777000.0,8625106000.0,9191865000.0,244852000.0,8795469000.0,17420575000.0,,,-61335000.0,68694000.0,,,,,,,3102231000.0,8669690000.0,,,,,173915000.0,,,-3894518000.0,,101508000.0,-729996000.0,-1671386000.0,534105000.0
2016-03-31,2148119000.0,128669000.0,2019450000.0,,,1469132000.0,550318000.0,-89825000.0,460493000.0,86069000.0,,7.54,7.47,49630000.0,50129000.0,1857165000.0,1525637000.0,857140000.0,,,,,4864763000.0,7594338000.0,299845000.0,3378327000.0,2128539000.0,68734000.0,18334546000.0,334783000.0,1117255000.0,,1987574000.0,,830161000.0,,143242000.0,9282179000.0,9566289000.0,297765000.0,9052367000.0,18334546000.0,,,-25681000.0,191704000.0,,,,,,,344327000.0,1051346000.0,,,,,53256000.0,,,147274000.0,,18073000.0,-133973000.0,379900000.0,449314000.0
2016-06-30,4704021000.0,254753000.0,4449268000.0,,,3166543000.0,1282725000.0,-129684000.0,1153041000.0,197979000.0,,19.25,19.06,49617000.0,50105000.0,2693718000.0,1677242000.0,982993000.0,,,,,5914467000.0,7954414000.0,320450000.0,3360585000.0,2082120000.0,55134000.0,19687170000.0,431870000.0,1019513000.0,,2209651000.0,,803935000.0,,143674000.0,10412465000.0,10146927000.0,135442000.0,9274705000.0,19687170000.0,,,-79863000.0,344147000.0,,,,,,,1310334000.0,2701662000.0,,,,,113699000.0,,,-639294000.0,,61470000.0,540797000.0,1216453000.0,496403000.0
2016-09-30,8394573000.0,356242000.0,8038331000.0,,,5922379000.0,2115952000.0,-165377000.0,1950575000.0,489496000.0,,29.49,29.19,49548000.0,50048000.0,2422269000.0,1956047000.0,1105086000.0,,,,,5833582000.0,9296417000.0,339805000.0,2416338000.0,2040213000.0,107429000.0,20033784000.0,494607000.0,882081000.0,,2905976000.0,,802433000.0,,141096000.0,10196710000.0,10652944000.0,322346000.0,9802570000.0,20033784000.0,,,-71972000.0,470295000.0,,,,,,,2818188000.0,4820737000.0,,,,,168076000.0,,,-2202576000.0,,72116000.0,322606000.0,945004000.0,612612000.0
2016-12-31,10743006000.0,428314000.0,10314692000.0,,,7408379000.0,2906313000.0,-193075000.0,2713238000.0,578251000.0,,43.14,42.65,49491000.0,50063000.0,2081075000.0,2218880000.0,860115000.0,,,,,5401519000.0,9591067000.0,347017000.0,2396906000.0,1993885000.0,108579000.0,19838973000.0,419108000.0,857467000.0,,2858670000.0,,822334000.0,,138767000.0,9990293000.0,11326852000.0,-134684000.0,9820142000.0,19838973000.0,,,-111905000.0,284221000.0,,,,,,,3924697000.0,6741202000.0,,,,,219889000.0,,,-3333295000.0,,60986000.0,57737000.0,,636550000.0
2017-03-31,2419404000.0,85169000.0,2334235000.0,,,1777773000.0,556462000.0,-28852000.0,527610000.0,71987000.0,,9.26,9.11,49192000.0,50025000.0,2434020000.0,2936158000.0,934254000.0,,,,,6987882000.0,10140630000.0,381197000.0,2402306000.0,1951999000.0,130238000.0,21994252000.0,407575000.0,986681000.0,,3248199000.0,,497847000.0,,128564000.0,11160712000.0,12072792000.0,247055000.0,10811019000.0,21994252000.0,,,-24441000.0,78428000.0,,,,,,,380618000.0,1498723000.0,,,,,70559000.0,,,-892814000.0,,,843400000.0,,536192000.0
2017-06-30,5443960000.0,157911000.0,5286049000.0,,,3836328000.0,1449721000.0,-58994000.0,1390727000.0,214895000.0,,23.92,23.49,49161000.0,50056000.0,2634264000.0,3721825000.0,1230602000.0,,,,,8272570000.0,10263659000.0,425100000.0,2418630000.0,1914767000.0,163597000.0,23458323000.0,598200000.0,1073632000.0,,3756955000.0,,,,134537000.0,11853577000.0,12793001000.0,573915000.0,11589669000.0,23458323000.0,,,-40939000.0,333545000.0,,,,,,,1601834000.0,2869903000.0,,,,,147269000.0,,,-1537426000.0,,,420388000.0,553366000.0,577247000.0
2017-09-30,9877989000.0,217387000.0,9660602000.0,,,6109080000.0,3551522000.0,-93950000.0,3457572000.0,561349000.0,,58.99,57.85,49100000.0,50064000.0,2846300000.0,4407028000.0,1437762000.0,,,,,9124595000.0,11114314000.0,457548000.0,2727897000.0,2218152000.0,146605000.0,25789111000.0,805740000.0,1091372000.0,,3624275000.0,,,,143827000.0,12902716000.0,14513392000.0,653666000.0,12876994000.0,25789111000.0,,,-25655000.0,479184000.0,,,,,,,3488425000.0,5338444000.0,,,,,223692000.0,,,-3643058000.0,,,821460000.0,765864000.0,601248000.0
2017-12-31,12681082000.0,250537000.0,12430545000.0,,,7892553000.0,4537992000.0,-139670000.0,4398322000.0,2057557000.0,,47.78,46.86,48994000.0,49954000.0,2541604000.0,4859873000.0,1217801000.0,,,,,9034805000.0,10421600000.0,480081000.0,2737671000.0,2176823000.0,600283000.0,25451263000.0,667523000.0,1138980000.0,,3497868000.0,,,,148061000.0,14187702000.0,13938869000.0,236982000.0,11260598000.0,25451263000.0,,,-32465000.0,269732000.0,,,,,,,4662036000.0,6491156000.0,,,,,287805000.0,,,-4202035000.0,,,-78663000.0,481334000.0,702421000.0
2018-03-31,2928201000.0,,,,,2197966000.0,730235000.0,23102000.0,753337000.0,146127000.0,,12.56,12.34,48349000.0,49205000.0,2622086000.0,4240704000.0,1530321000.0,,,,,9504864000.0,9432763000.0,573040000.0,2754747000.0,2140098000.0,613448000.0,25018960000.0,841274000.0,1238815000.0,,4447395000.0,,,,161340000.0,14331219000.0,14975706000.0,56406000.0,10636343000.0,25018960000.0,,,8654000.0,96034000.0,,,,,,,640375000.0,,,,,,131987000.0,,,1635516000.0,,,-2205237000.0,81253000.0,783974000.0
2018-06-30,6465295000.0,,,,,4513805000.0,1951490000.0,-12344000.0,1962248000.0,377666000.0,,32.87,32.42,48202000.0,48877000.0,3186665000.0,4145753000.0,1715055000.0,,,,,10033374000.0,,613462000.0,2850396000.0,2162766000.0,191347000.0,25296253000.0,1053509000.0,1418603000.0,,5222484000.0,,,,143651000.0,14777978000.0,15953078000.0,-76283000.0,10472632000.0,25296253000.0,,,-21328000.0,391802000.0,,,,,,,2290219000.0,,,,,,235035000.0,,,1763153000.0,,,-3388375000.0,644540000.0,984524000.0
2018-09-30,11314385000.0,,,,,7116306000.0,4198079000.0,-5743000.0,4203094000.0,850934000.0,,70.0,69.07,47887000.0,48530000.0,2973096000.0,4158076000.0,1719059000.0,,,,,9467847000.0,,642861000.0,2845129000.0,2117275000.0,183146000.0,24370476000.0,1174599000.0,1654370000.0,,3930224000.0,,,,148699000.0,14418666000.0,17720656000.0,-233806000.0,9951810000.0,24370476000.0,,,-25955000.0,450071000.0,,,,,,,4254188000.0,,,,,,356011000.0,,,1805801000.0,,,-5592298000.0,431131000.0,1044312000.0
2018-12-31,14527000000.0,,,,,9186000000.0,5341000000.0,-506000000.0,4835000000.0,837000000.0,,84.26,83.26,47446000.0,48017000.0,2624000000.0,3660000000.0,1523000000.0,,,,,8407000000.0,,656000000.0,2910000000.0,2125000000.0,181000000.0,22687000000.0,1134000000.0,1399000000.0,,3555000000.0,,,,162000000.0,13902000000.0,18367000000.0,-316000000.0,8785000000.0,22687000000.0,,,-150000000.0,319000000.0,,,,,,,5338000000.0,2686000000.0,,,,,442000000.0,,,2215000000.0,,,-7431000000.0,82000000.0,1169000000.0
2019-03-31,2837000000.0,,,,,2281000000.0,556000000.0,412000000.0,968000000.0,203000000.0,,17.01,16.85,45007000.0,45436000.0,2334000000.0,1981000000.0,1491000000.0,,,,,7077000000.0,,695000000.0,2907000000.0,2078000000.0,529000000.0,22366000000.0,934000000.0,1877000000.0,,5576000000.0,,,,89000000.0,15451000000.0,19132000000.0,-169000000.0,6915000000.0,22366000000.0,116000000.0,,89000000.0,24000000.0,,,,,,,150000000.0,,,,,,111000000.0,,,2109000000.0,,,-2548000000.0,-291000000.0,816000000.0
2019-06-30,6687000000.0,,,,,4884000000.0,1803000000.0,372000000.0,2175000000.0,431000000.0,,39.52,39.17,44124000.0,44514000.0,5256000000.0,1553000000.0,1973000000.0,,,,,10020000000.0,,716000000.0,2915000000.0,2041000000.0,545000000.0,21494000000.0,1291000000.0,1740000000.0,,6349000000.0,,,,90000000.0,16187000000.0,20111000000.0,-230000000.0,5307000000.0,21494000000.0,235000000.0,,60000000.0,523000000.0,,,,,,,1937000000.0,,,,,,199000000.0,,,6189000000.0,,,-5487000000.0,2631000000.0,949000000.0
2019-09-30,11727000000.0,,,,,7554000000.0,4173000000.0,365000000.0,4538000000.0,844000000.0,,84.84,84.06,43540000.0,43947000.0,6466000000.0,973000000.0,1788000000.0,,,,,10056000000.0,,706000000.0,2885000000.0,1985000000.0,885000000.0,21446000000.0,1275000000.0,1704000000.0,,5528000000.0,,,,94000000.0,15495000000.0,22061000000.0,-265000000.0,5951000000.0,21446000000.0,352000000.0,,39000000.0,442000000.0,,,,,,,3788000000.0,,,,,,281000000.0,,,6954000000.0,,,-6876000000.0,3840000000.0,986000000.0
2019-12-31,15066000000.0,,,,,9721000000.0,5345000000.0,613000000.0,5958000000.0,1093000000.0,,112.93,111.82,43082000.0,43509000.0,6312000000.0,998000000.0,,,,,,9833000000.0,,738000000.0,2913000000.0,1954000000.0,867000000.0,21402000000.0,1239000000.0,1578000000.0,,5366000000.0,,,,104000000.0,15469000000.0,23232000000.0,-191000000.0,5933000000.0,21402000000.0,469000000.0,,122000000.0,323000000.0,,,,,,,4865000000.0,,,,,,368000000.0,,,7050000000.0,,,-8220000000.0,3687000000.0,1074000000.0
2020-03-31,2288000000.0,,,,,2597000000.0,-309000000.0,-413000000.0,-722000000.0,-23000000.0,,-17.01,-17.01,41093000.0,41093000.0,6363000000.0,826000000.0,,,,,,9260000000.0,,720000000.0,2391000000.0,1897000000.0,942000000.0,17862000000.0,926000000.0,1255000000.0,,4136000000.0,,,,93000000.0,14027000000.0,22530000000.0,-342000000.0,3831000000.0,17862000000.0,117000000.0,,-97000000.0,-760000000.0,,,,,,,-380000000.0,,,,,,80000000.0,,,1733000000.0,,,-1281000000.0,51000000.0,762000000.0
2020-06-30,2918000000.0,,,,,3711000000.0,-793000000.0,693000000.0,-513000000.0,87000000.0,,-14.07,-14.07,41007000.0,41007000.0,10404000000.0,0.0,,,,,,11453000000.0,,736000000.0,2412000000.0,1865000000.0,923000000.0,20912000000.0,581000000.0,1445000000.0,,3909000000.0,,,,101000000.0,16913000000.0,22652000000.0,-233000000.0,3999000000.0,20912000000.0,229000000.0,,11000000.0,-805000000.0,,,,,,,-258000000.0,,,2200000000.0,,,150000000.0,,,2775000000.0,,,1593000000.0,4091000000.0,61000000.0
2020-09-30,5558000000.0,,,,,6036000000.0,-478000000.0,800000000.0,835000000.0,98000000.0,,19.56,19.49,40983000.0,41142000.0,11197000000.0,0.0,,,,,,12583000000.0,,744000000.0,1865000000.0,1838000000.0,875000000.0,22145000000.0,1114000000.0,1388000000.0,,3968000000.0,,,,107000000.0,17232000000.0,23453000000.0,-196000000.0,4913000000.0,22145000000.0,344000000.0,,101000000.0,-554000000.0,,,,,,,662000000.0,,,2200000000.0,,,222000000.0,,,2703000000.0,,,1532000000.0,4885000000.0,152000000.0
2020-12-31,6796000000.0,,,,,7427000000.0,-631000000.0,,567000000.0,508000000.0,,1.45,1.44,40974000.0,41160000.0,10562000000.0,501000000.0,,,,,277000000.0,12206000000.0,,756000000.0,1895000000.0,1812000000.0,917000000.0,21874000000.0,735000000.0,1382000000.0,,3425000000.0,,,,111000000.0,16981000000.0,23288000000.0,-118000000.0,4893000000.0,21874000000.0,458000000.0,,213000000.0,-891000000.0,,,,,,,85000000.0,,,,,,286000000.0,,,2637000000.0,,,1528000000.0,4250000000.0,319000000.0
2021-03-31,1141000000.0,,,,,1452000000.0,-311000000.0,,-278000000.0,-223000000.0,,-1.34,-1.34,40973000.0,40973000.0,12151000000.0,500000000.0,,,,,585000000.0,14108000000.0,,734000000.0,1882000000.0,1762000000.0,901000000.0,23655000000.0,570000000.0,1350000000.0,,6468000000.0,,,,128000000.0,18891000000.0,23233000000.0,-160000000.0,4764000000.0,23655000000.0,113000000.0,,-50000000.0,72000000.0,,,,,,,-207000000.0,,,,,,65000000.0,,,-65000000.0,,,1869000000.0,1590000000.0,216000000.0
2021-06-30,3301000000.0,,,,,3668000000.0,-367000000.0,,-319000000.0,126000000.0,,-5.42,-5.42,41054000.0,41054000.0,11231000000.0,501000000.0,,,,,435000000.0,13789000000.0,,748000000.0,1886000000.0,1725000000.0,957000000.0,23881000000.0,1028000000.0,1620000000.0,,6724000000.0,,,,122000000.0,19077000000.0,23066000000.0,-43000000.0,4799000000.0,23881000000.0,221000000.0,,-120000000.0,820000000.0,,,,,,,945000000.0,,,,,,124000000.0,,5000000.0,-136000000.0,,,-138000000.0,670000000.0,406000000.0
2021-09-30,7977000000.0,,,,,6329000000.0,2015000000.0,,968000000.0,199000000.0,,18.73,18.6,41068000.0,41359000.0,11643000000.0,522000000.0,,,,,238000000.0,14352000000.0,,762000000.0,1872000000.0,1677000000.0,950000000.0,23341000000.0,1466000000.0,2069000000.0,,5779000000.0,,,,116000000.0,17796000000.0,23835000000.0,-72000000.0,5545000000.0,23341000000.0,323000000.0,,-343000000.0,1172000000.0,,,,,,,2541000000.0,,,,,,203000000.0,,5000000.0,-215000000.0,,,-1234000000.0,1081000000.0,420000000.0
2021-12-31,10958000000.0,,,,,8462000000.0,2496000000.0,,1465000000.0,300000000.0,,28.39,28.17,41042000.0,41362000.0,11127000000.0,25000000.0,,,,,231000000.0,13145000000.0,,822000000.0,2887000000.0,2057000000.0,1059000000.0,23641000000.0,1586000000.0,1765000000.0,,6246000000.0,,,,199000000.0,17463000000.0,24453000000.0,-144000000.0,6178000000.0,23641000000.0,421000000.0,,-445000000.0,1002000000.0,,,,,,,2820000000.0,,,,,,304000000.0,,,-998000000.0,,,-1239000000.0,570000000.0,735000000.0
2022-03-31,2695000000.0,,,,,2521000000.0,174000000.0,,-849000000.0,-149000000.0,,-17.1,-17.1,40921000.0,40921000.0,10549000000.0,,,,,,320000000.0,12875000000.0,,844000000.0,2878000000.0,1997000000.0,1103000000.0,22384000000.0,1504000000.0,1876000000.0,,7478000000.0,,,,203000000.0,18011000000.0,23783000000.0,-183000000.0,4373000000.0,22384000000.0,111000000.0,,-216000000.0,326000000.0,,,,,,,1695000000.0,,,,,,109000000.0,,,-121000000.0,,,-2139000000.0,-574000000.0,98000000.0
2022-06-30,6989000000.0,,,,,5815000000.0,1174000000.0,,1144000000.0,287000000.0,,21.15,21.07,40715000.0,40927000.0,11841000000.0,,,,,,342000000.0,14924000000.0,,858000000.0,2842000000.0,1925000000.0,1118000000.0,24493000000.0,2240000000.0,2364000000.0,,10282000000.0,,,,180000000.0,20491000000.0,24640000000.0,-252000000.0,4002000000.0,24493000000.0,218000000.0,,-165000000.0,1116000000.0,,,,,,,4379000000.0,,,,,,195000000.0,,36000000.0,-243000000.0,,,-3377000000.0,715000000.0,337000000.0
2022-09-30,13041000000.0,,,,,9284000000.0,3757000000.0,,2471000000.0,648000000.0,,45.2,45.0,40326000.0,40504000.0,9021000000.0,,,,,,377000000.0,12410000000.0,,879000000.0,2808000000.0,1855000000.0,1059000000.0,22063000000.0,2131000000.0,2925000000.0,,8543000000.0,,,,180000000.0,18393000000.0,26306000000.0,-391000000.0,3670000000.0,22063000000.0,327000000.0,,-246000000.0,1358000000.0,,,,,,,4381000000.0,,,,,,293000000.0,,14000000.0,-1028000000.0,,,-5376000000.0,-2106000000.0,501000000.0
2022-12-31,17090000000.0,,,,,11988000000.0,5102000000.0,,3923000000.0,865000000.0,,76.7,76.35,39872000.0,40052000.0,12221000000.0,,,,541000000.0,,696000000.0,15798000000.0,,669000000.0,2807000000.0,1829000000.0,824000000.0,25361000000.0,2507000000.0,3244000000.0,,8474000000.0,,,,172000000.0,22579000000.0,27541000000.0,-267000000.0,2782000000.0,25361000000.0,451000000.0,,-257000000.0,1228000000.0,,,,,,,6554000000.0,,,,,0.0,368000000.0,,15000000.0,-518000000.0,,,-4897000000.0,1099000000.0,600000000.0
2023-03-31,3778000000.0,,,,,3328000000.0,450000000.0,,303000000.0,37000000.0,,7.07,7.0,37621000.0,37983000.0,14140000000.0,,,,,,430000000.0,17632000000.0,,699000000.0,2816000000.0,1777000000.0,854000000.0,25206000000.0,2132000000.0,3584000000.0,,11070000000.0,,,,172000000.0,24132000000.0,27807000000.0,-267000000.0,1074000000.0,25206000000.0,120000000.0,,-340000000.0,-158000000.0,,,,,,,2889000000.0,,,,,,88000000.0,,9000000.0,1586000000.0,,,-2562000000.0,1921000000.0,311000000.0
2023-06-30,9240000000.0,,,,,7117000000.0,2123000000.0,,1921000000.0,365000000.0,,41.88,41.51,37147000.0,37471000.0,14602000000.0,,,,,,453000000.0,19349000000.0,,732000000.0,2821000000.0,1722000000.0,886000000.0,26558000000.0,2123000000.0,3463000000.0,,12481000000.0,,,,157000000.0,27223000000.0,29097000000.0,-291000000.0,-665000000.0,26558000000.0,241000000.0,,-389000000.0,672000000.0,,,,,,,4626000000.0,,,,,,180000000.0,,-2000000.0,1547000000.0,,,-3787000000.0,2379000000.0,1324000000.0
2023-09-30,16581000000.0,,,,,11355000000.0,5226000000.0,,5070000000.0,1003000000.0,,111.09,110.02,36615000.0,36971000.0,13294000000.0,,,,,,434000000.0,18479000000.0,,733000000.0,2804000000.0,1660000000.0,896000000.0,25635000000.0,3020000000.0,4182000000.0,,12832000000.0,,,,160000000.0,26260000000.0,31608000000.0,-285000000.0,-625000000.0,25635000000.0,370000000.0,,-409000000.0,1506000000.0,,,,,,,5998000000.0,,,,,,251000000.0,,-3000000.0,1525000000.0,,,-6419000000.0,1075000000.0,1573000000.0
2023-12-31,21365000000.0,,,,,15530000000.0,5835000000.0,,5481000000.0,1192000000.0,,118.67,117.4,36140000.0,36530000.0,12107000000.0,,,,417000000.0,,454000000.0,17034000000.0,,784000000.0,2826000000.0,1613000000.0,940000000.0,24342000000.0,3480000000.0,4635000000.0,,13330000000.0,,,,161000000.0,27086000000.0,31830000000.0,-323000000.0,-2744000000.0,24342000000.0,504000000.0,,-478000000.0,1330000000.0,,,,,,,7344000000.0,,,,,0.0,345000000.0,,-3000000.0,1486000000.0,,,-8909000000.0,-116000000.0,1789000000.0
2024-03-31,4415000000.0,,,,,3624000000.0,791000000.0,,937000000.0,161000000.0,,22.69,22.37,34206000.0,34706000.0,15629000000.0,,,,,,452000000.0,20476000000.0,,805000000.0,2815000000.0,1553000000.0,973000000.0,27728000000.0,3268000000.0,4774000000.0,,16832000000.0,,,,152000000.0,31780000000.0,32304000000.0,-356000000.0,-4052000000.0,27728000000.0,137000000.0,144000000.0,-35000000.0,185000000.0,,,,,,,2704000000.0,,,,,,130000000.0,,19000000.0,69000000.0,,,784000000.0,3529000000.0,164000000.0
2024-06-30,10274000000.0,,,,,7627000000.0,2647000000.0,,2859000000.0,562000000.0,,67.51,66.6,34023000.0,34486000.0,16290000000.0,,,,,,482000000.0,21293000000.0,,875000000.0,2814000000.0,1498000000.0,956000000.0,28541000000.0,3928000000.0,3900000000.0,,18206000000.0,,,,200000000.0,32817000000.0,33527000000.0,-324000000.0,-4276000000.0,28541000000.0,279000000.0,284000000.0,-2000000.0,830000000.0,,,,,,,5229000000.0,,,,,,276000000.0,,33000000.0,206000000.0,,,-1182000000.0,4194000000.0,1400000000.0
2024-09-30,18268000000.0,,,,,12442000000.0,5826000000.0,,5728000000.0,914000000.0,,142.38,140.45,33814000.0,34278000.0,15775000000.0,,,,,,615000000.0,20529000000.0,,882000000.0,2838000000.0,1450000000.0,1179000000.0,27978000000.0,4065000000.0,5287000000.0,,16678000000.0,,,,204000000.0,31631000000.0,35749000000.0,-303000000.0,-3653000000.0,27978000000.0,434000000.0,432000000.0,-75000000.0,651000000.0,,,,,,,7602000000.0,,,,,,353000000.0,,33000000.0,204000000.0,,,-4347000000.0,3673000000.0,1700000000.0
,,,,,,,,,,,,,,,,,,,,,,,,,,,,,,,,,,,,,,,,,,,,,,,,,,,,,,,,,,,,,,,,,,,
,,,,,,,,,,,,,,,,,,,,,,,,,,,,,,,,,,,,,,,,,,,,,,,,,,,,,,,,,,,,,,,,,,,
