Date,Net sales,Cost of sales,Gross margin,Research and development,"Selling, general and administrative",Total operating expenses,Operating income,"Other income/(expense), net",Income before provision for income taxes,Provision for income taxes,Net income,Earnings per share basic,Earnings per share diluted,Weighted-average basic,Weighted-average diluted,Cash and cash equivalents,Short-term marketable securities,"Accounts receivable, net",Inventories,Deferred tax assets,Vendor non-trade receivables,Other current assets,Total current assets,Long-term marketable securities,"Property, Plant and Equipment, Net",Goodwill,"Acquired intangible assets, net","Other Assets, Noncurrent",Total assets,accounts payable,Accrued expenses,Deferred revenue,Total current liabilities,Deferred revenue - non-current,deferred tax liabilities,long term taxes payable,Total other non-current liabilities,Total liabilities,Retained Earnings (Accumulated Deficit),Accumulated other comprehensive (loss)/income,Total shareholders equity,Total liabilities and shareholders' equity,"Depreciation, amortization and accretion",Stock-based compensation expense,Deferred income tax expense,"Increase (Decrease) in Accounts receivable, net",Increase (Decrease) in Inventories,Increase (Decrease) in Other Receivables,Increase (Decrease) in Other Operating Assets,Increase (Decrease) in Accounts Payable,Increase (Decrease) in Deferred Revenue,Increase (Decrease) Other liabilities,Cash generated by operating activities,Purchases of marketable securities,Proceeds from maturities of marketable securities,Proceeds from sales of marketable securities,Purchases of other long-term investments,"Business acquisitions, net of cash acquired",Cash payments for capital asset purchases,Payments for acquisition of intangible assets,Payments for (Proceeds from) Other Investing Activities,Cash used in investing activities,Proceeds from issuance of common stock,Excess tax benefits from stock-based compensation,Cash generated/used in financing activities,Increase/(decrease) in cash and cash equivalents,"Cash paid for income taxes, net"
2009-12-31,18808000000.0,,,3647000000.0,3946000000.0,13206000000.0,,,5602000000.0,1182000000.0,10612000000.0,5.35,5.34,,,7683000000.0,831000000.0,,1413000000.0,611000000.0,,,13958000000.0,1369000000.0,5055000000.0,5218000000.0,2865000000.0,907000000.0,31008000000.0,1711000000.0,2785000000.0,237000000.0,6313000000.0,949000000.0,,751000000.0,422000000.0,16223000000.0,30760000000.0,-2541000000.0,14843000000.0,31008000000.0,,183000000.0,163000000.0,-227000000.0,-82000000.0,,,472000000.0,135000000.0,,4065000000.0,,,,,2232000000.0,730000000.0,,,-4380000000.0,,,-17000000.0,-293000000.0,
2010-03-31,4807000000.0,,,910000000.0,900000000.0,3355000000.0,,,1452000000.0,351000000.0,743000000.0,0.43,0.43,,,5135000000.0,1641000000.0,,1284000000.0,745000000.0,,,12532000000.0,2997000000.0,4822000000.0,5218000000.0,2813000000.0,976000000.0,30753000000.0,1752000000.0,2477000000.0,265000000.0,6017000000.0,961000000.0,,745000000.0,416000000.0,15520000000.0,30949000000.0,-2425000000.0,15249000000.0,30753000000.0,,47000000.0,90000000.0,309000000.0,-25000000.0,,,119000000.0,35000000.0,,464000000.0,,,,,,129000000.0,,,-2519000000.0,,,-486000000.0,-2548000000.0,
2010-06-30,9575000000.0,,,1732000000.0,1794000000.0,6531000000.0,,,3044000000.0,675000000.0,1670000000.0,0.97,0.96,,,5918000000.0,1536000000.0,1805000000.0,1265000000.0,796000000.0,,,12983000000.0,2795000000.0,4745000000.0,5218000000.0,2763000000.0,1216000000.0,31051000000.0,1681000000.0,2386000000.0,275000000.0,5908000000.0,915000000.0,,749000000.0,409000000.0,15477000000.0,31322000000.0,-2300000000.0,15668000000.0,31051000000.0,,96000000.0,97000000.0,-54000000.0,12000000.0,,,54000000.0,9000000.0,,1513000000.0,,,,,,210000000.0,,,-2281000000.0,,,-981000000.0,-1765000000.0,
2010-12-31,19484000000.0,,14207000000.0,3566000000.0,3686000000.0,13413000000.0,,,6071000000.0,1558000000.0,3102000000.0,1.8,1.79,,,5033000000.0,2268000000.0,1985000000.0,1204000000.0,1827000000.0,,,13273000000.0,2681000000.0,4664000000.0,5233000000.0,3370000000.0,1005000000.0,31076000000.0,1983000000.0,2740000000.0,,6739000000.0,,54000000.0,755000000.0,424000000.0,15438000000.0,31636000000.0,-2371000000.0,15713000000.0,31076000000.0,,193000000.0,422000000.0,270000000.0,-156000000.0,,,315000000.0,117000000.0,,4491000000.0,,,,,829000000.0,424000000.0,,,-3812000000.0,,,-3343000000.0,-2650000000.0,672000000.0
2011-03-31,5011000000.0,,,935000000.0,928000000.0,3244000000.0,,,1767000000.0,400000000.0,986000000.0,0.58,0.57,1702000000.0,1714000000.0,3405000000.0,3388000000.0,2046000000.0,1322000000.0,1143000000.0,,,13296000000.0,3065000000.0,4604000000.0,5233000000.0,3299000000.0,767000000.0,30851000000.0,2036000000.0,2661000000.0,,6755000000.0,,,660000000.0,438000000.0,14950000000.0,32055000000.0,-2414000000.0,15998000000.0,30851000000.0,,38000000.0,177000000.0,91000000.0,84000000.0,,,62000000.0,-57000000.0,,481000000.0,,,,,,75000000.0,,,-1437000000.0,,,-692000000.0,-1628000000.0,
2011-06-30,10445000000.0,,,1858000000.0,1968000000.0,6888000000.0,,,3557000000.0,883000000.0,1888000000.0,1.11,1.1,1707000000.0,1722000000.0,3665000000.0,4005000000.0,2116000000.0,1492000000.0,1134000000.0,,,14775000000.0,2734000000.0,4554000000.0,5233000000.0,3222000000.0,794000000.0,31833000000.0,2401000000.0,2828000000.0,,7410000000.0,,,710000000.0,443000000.0,15688000000.0,32392000000.0,-2389000000.0,16353000000.0,31833000000.0,,81000000.0,243000000.0,328000000.0,246000000.0,,,412000000.0,-98000000.0,,1574000000.0,,,,,,149000000.0,,-122000000.0,-1769000000.0,,,-1199000000.0,-1368000000.0,
2011-09-30,15790000000.0,,,2831000000.0,2987000000.0,10403000000.0,,,5387000000.0,1358000000.0,2857000000.0,1.67,1.66,1703000000.0,1717000000.0,4471000000.0,3722000000.0,2181000000.0,1357000000.0,1276000000.0,,,14869000000.0,2819000000.0,4492000000.0,5564000000.0,3196000000.0,741000000.0,32014000000.0,2292000000.0,2699000000.0,,7313000000.0,,,690000000.0,467000000.0,15578000000.0,32797000000.0,-2282000000.0,16572000000.0,32014000000.0,,120000000.0,273000000.0,152000000.0,150000000.0,,,309000000.0,-119000000.0,,3272000000.0,,,,,310000000.0,233000000.0,,-147000000.0,-1932000000.0,,,-1903000000.0,-562000000.0,
2011-12-31,21244000000.0,,15646000000.0,3839000000.0,4203000000.0,14263000000.0,,,6981000000.0,1721000000.0,3709000000.0,2.18,2.16,1700000000.0,1717000000.0,5776000000.0,2957000000.0,2250000000.0,1384000000.0,1775000000.0,,,15318000000.0,2909000000.0,4521000000.0,5586000000.0,3124000000.0,824000000.0,32970000000.0,2603000000.0,2791000000.0,,7780000000.0,,-107000000.0,573000000.0,491000000.0,17103000000.0,33069000000.0,-3045000000.0,15956000000.0,32970000000.0,,161000000.0,415000000.0,220000000.0,193000000.0,,,593000000.0,-115000000.0,,4840000000.0,,,,,360000000.0,367000000.0,,-149000000.0,-1437000000.0,,,-2657000000.0,743000000.0,597000000.0
2012-03-31,5251000000.0,,,909000000.0,1002000000.0,3224000000.0,1402000000.0,,2027000000.0,545000000.0,1101000000.0,0.65,0.64,1687000000.0,1706000000.0,2307000000.0,2722000000.0,2251000000.0,1463000000.0,1160000000.0,,,11765000000.0,3585000000.0,4512000000.0,6799000000.0,4816000000.0,823000000.0,32408000000.0,2385000000.0,2566000000.0,,7211000000.0,,,573000000.0,656000000.0,16162000000.0,33595000000.0,-3018000000.0,16337000000.0,32408000000.0,,42000000.0,204000000.0,108000000.0,68000000.0,,,32000000.0,-91000000.0,,387000000.0,,,,,2491000000.0,123000000.0,,,-3027000000.0,,,-836000000.0,-3469000000.0,
2012-06-30,9694000000.0,,,1871000000.0,2006000000.0,6608000000.0,,,3086000000.0,796000000.0,1746000000.0,1.04,1.02,1685000000.0,1704000000.0,2801000000.0,2236000000.0,1623000000.0,1521000000.0,1175000000.0,,,11013000000.0,3732000000.0,4478000000.0,6799000000.0,4569000000.0,875000000.0,31667000000.0,2134000000.0,2467000000.0,,6991000000.0,,,604000000.0,703000000.0,15855000000.0,33661000000.0,-2967000000.0,16098000000.0,31667000000.0,,82000000.0,80000000.0,-544000000.0,170000000.0,,,-222000000.0,-48000000.0,,1521000000.0,,,,,2491000000.0,236000000.0,,-15000000.0,-2801000000.0,,,-1686000000.0,-2975000000.0,
2012-09-30,13430000000.0,,,2822000000.0,3077000000.0,11603000000.0,,,1827000000.0,-546000000.0,1035000000.0,0.62,0.61,1679000000.0,1697000000.0,1503000000.0,1427000000.0,1734000000.0,1697000000.0,1339000000.0,,,9278000000.0,3698000000.0,5297000000.0,7498000000.0,9217000000.0,877000000.0,36044000000.0,2085000000.0,2759000000.0,,8195000000.0,,748000000.0,650000000.0,464000000.0,22144000000.0,32381000000.0,-2944000000.0,13900000000.0,36044000000.0,482000000.0,108000000.0,-737000000.0,-643000000.0,135000000.0,,,-321000000.0,3570000000.0,,6105000000.0,,,,,7530000000.0,373000000.0,,-16000000.0,-7004000000.0,,,-3375000000.0,-4273000000.0,
2012-12-31,17621000000.0,,13011000000.0,3904000000.0,4220000000.0,15281000000.0,,,2340000000.0,-161000000.0,1960000000.0,1.17,1.16,1670000000.0,1688000000.0,1656000000.0,1173000000.0,1708000000.0,1657000000.0,1407000000.0,,,9521000000.0,3523000000.0,5333000000.0,7635000000.0,8778000000.0,904000000.0,35897000000.0,2202000000.0,2573000000.0,,8279000000.0,,383000000.0,648000000.0,475000000.0,22259000000.0,32733000000.0,-3202000000.0,13623000000.0,35897000000.0,681000000.0,154000000.0,-1230000000.0,-648000000.0,103000000.0,,,-232000000.0,3570000000.0,,6941000000.0,,,,,7530000000.0,548000000.0,,-68000000.0,-6727000000.0,,,-4333000000.0,-4120000000.0,676000000.0
2013-03-31,3831000000.0,,,930000000.0,994000000.0,3157000000.0,,,674000000.0,51000000.0,609000000.0,0.37,0.37,1638000000.0,1655000000.0,1355000000.0,1178000000.0,1798000000.0,1791000000.0,1828000000.0,,,10076000000.0,3242000000.0,5259000000.0,7646000000.0,8570000000.0,975000000.0,35958000000.0,2079000000.0,2376000000.0,,8414000000.0,,473000000.0,652000000.0,459000000.0,22259000000.0,32761000000.0,-3131000000.0,13659000000.0,35958000000.0,213000000.0,49000000.0,-182000000.0,318000000.0,163000000.0,,,-53000000.0,,,-428000000.0,,,,,,115000000.0,,-3000000.0,161000000.0,,,-44000000.0,-301000000.0,
2013-06-30,7879000000.0,,,1881000000.0,2036000000.0,6675000000.0,,,1204000000.0,51000000.0,1145000000.0,0.7,0.69,1644000000.0,1660000000.0,1821000000.0,978000000.0,1851000000.0,1785000000.0,1960000000.0,,,10486000000.0,3223000000.0,5228000000.0,7646000000.0,8370000000.0,1104000000.0,36252000000.0,2346000000.0,2423000000.0,,8354000000.0,,818000000.0,644000000.0,649000000.0,21879000000.0,32715000000.0,-2520000000.0,14371000000.0,36252000000.0,402000000.0,95000000.0,-335000000.0,404000000.0,173000000.0,,,203000000.0,,,1082000000.0,,,,,,213000000.0,,-3000000.0,218000000.0,,,-1159000000.0,165000000.0,
2013-09-30,11944000000.0,,,2774000000.0,3016000000.0,9922000000.0,,,2022000000.0,177000000.0,1837000000.0,1.12,1.11,1646000000.0,1662000000.0,1771000000.0,951000000.0,1839000000.0,1640000000.0,2036000000.0,,,10627000000.0,3623000000.0,5236000000.0,7646000000.0,8176000000.0,1301000000.0,36804000000.0,2466000000.0,2277000000.0,,8279000000.0,,904000000.0,739000000.0,665000000.0,22090000000.0,32826000000.0,-2312000000.0,14726000000.0,36804000000.0,582000000.0,140000000.0,-409000000.0,563000000.0,8000000.0,,,301000000.0,,,2135000000.0,,,,,,337000000.0,,-8000000.0,-257000000.0,,,-1779000000.0,115000000.0,
2013-12-31,16385000000.0,,11766000000.0,3731000000.0,4084000000.0,13494000000.0,,,2891000000.0,311000000.0,2563000000.0,1.56,1.54,1644000000.0,1662000000.0,3586000000.0,819000000.0,1690000000.0,1498000000.0,1305000000.0,,412000000.0,18916000000.0,3747000000.0,4579000000.0,7096000000.0,2318000000.0,1428000000.0,38592000000.0,2559000000.0,2152000000.0,,12440000000.0,,73000000.0,750000000.0,625000000.0,23356000000.0,32952000000.0,-2141000000.0,15154000000.0,38592000000.0,763000000.0,191000000.0,-491000000.0,504000000.0,45000000.0,,,412000000.0,,,3545000000.0,,,,,,537000000.0,,-9000000.0,-572000000.0,,129000000.0,-1068000000.0,1930000000.0,478000000.0
2014-03-31,3811000000.0,,,946000000.0,957000000.0,2826000000.0,,,985000000.0,49000000.0,937000000.0,0.57,0.56,1652000000.0,1666000000.0,5225000000.0,1712000000.0,1742000000.0,1655000000.0,1390000000.0,,,14014000000.0,3558000000.0,4485000000.0,7046000000.0,2208000000.0,1324000000.0,33424000000.0,2502000000.0,1997000000.0,,7521000000.0,,78000000.0,557000000.0,616000000.0,17893000000.0,33291000000.0,-2267000000.0,15473000000.0,33424000000.0,137000000.0,49000000.0,110000000.0,55000000.0,144000000.0,,,-12000000.0,,,617000000.0,,,,,,118000000.0,,21000000.0,2212000000.0,,,-1192000000.0,1639000000.0,
2014-06-30,7700000000.0,,,2362000000.0,1908000000.0,6267000000.0,,,1433000000.0,163000000.0,1270000000.0,0.77,0.76,1657000000.0,1669000000.0,4282000000.0,2789000000.0,1799000000.0,1666000000.0,1356000000.0,,,14062000000.0,3876000000.0,4438000000.0,7046000000.0,1843000000.0,1363000000.0,33503000000.0,2405000000.0,2204000000.0,,7798000000.0,,62000000.0,545000000.0,624000000.0,18124000000.0,33026000000.0,-2225000000.0,15327000000.0,33503000000.0,252000000.0,99000000.0,36000000.0,31000000.0,157000000.0,,,-112000000.0,,,1673000000.0,,,,,,228000000.0,,160000000.0,701000000.0,,,-1678000000.0,696000000.0,
2014-09-30,11621000000.0,,,3345000000.0,2937000000.0,9180000000.0,,,2441000000.0,439000000.0,1991000000.0,1.2,1.19,1658000000.0,1670000000.0,4851000000.0,2269000000.0,1823000000.0,1565000000.0,1510000000.0,,,14177000000.0,4328000000.0,4387000000.0,7046000000.0,1718000000.0,779000000.0,33450000000.0,2568000000.0,2290000000.0,,8103000000.0,,93000000.0,552000000.0,618000000.0,18249000000.0,33147000000.0,-2605000000.0,15143000000.0,33450000000.0,364000000.0,147000000.0,-57000000.0,66000000.0,162000000.0,,,63000000.0,,,2576000000.0,,,,,,335000000.0,,37000000.0,865000000.0,,,-2206000000.0,1265000000.0,
2014-12-31,15879000000.0,,11947000000.0,4534000000.0,4088000000.0,13498000000.0,,,2381000000.0,352000000.0,2004000000.0,1.21,1.2,1657000000.0,1670000000.0,5571000000.0,1759000000.0,2100000000.0,1560000000.0,2488000000.0,,470000000.0,14608000000.0,4408000000.0,4417000000.0,7027000000.0,1753000000.0,621000000.0,33749000000.0,2487000000.0,2459000000.0,,8461000000.0,,60000000.0,560000000.0,618000000.0,18766000000.0,32541000000.0,-2425000000.0,14852000000.0,33749000000.0,467000000.0,213000000.0,-542000000.0,252000000.0,254000000.0,,,-44000000.0,,,3148000000.0,,,,,219000000.0,526000000.0,,,1216000000.0,,131000000.0,-2437000000.0,1985000000.0,544000000.0
2015-03-31,4041000000.0,,,1016000000.0,894000000.0,2593000000.0,,,1448000000.0,249000000.0,1186000000.0,0.71,0.71,1663000000.0,1676000000.0,6294000000.0,1205000000.0,2250000000.0,1437000000.0,1885000000.0,,,14925000000.0,4279000000.0,4323000000.0,7027000000.0,1706000000.0,634000000.0,33579000000.0,2346000000.0,1791000000.0,,7689000000.0,,,638000000.0,583000000.0,17890000000.0,33110000000.0,-2416000000.0,15546000000.0,33579000000.0,104000000.0,54000000.0,-7000000.0,91000000.0,-51000000.0,,,-83000000.0,,,626000000.0,,,,,,136000000.0,,,754000000.0,,,-682000000.0,723000000.0,
2015-06-30,8204000000.0,,,2872000000.0,1862000000.0,6704000000.0,,,1500000000.0,411000000.0,1056000000.0,0.63,0.63,1667000000.0,1677000000.0,4199000000.0,1169000000.0,2543000000.0,1304000000.0,1892000000.0,,,13056000000.0,4632000000.0,4363000000.0,6976000000.0,1563000000.0,787000000.0,31954000000.0,1839000000.0,2103000000.0,,7435000000.0,,,744000000.0,475000000.0,16663000000.0,32361000000.0,-2173000000.0,15123000000.0,31954000000.0,195000000.0,113000000.0,-59000000.0,267000000.0,-162000000.0,,,-618000000.0,,,697000000.0,,,,,855000000.0,301000000.0,,,-526000000.0,,,-1565000000.0,-1372000000.0,
2015-09-30,12273000000.0,,,4004000000.0,2845000000.0,9786000000.0,,,2487000000.0,668000000.0,1762000000.0,1.06,1.05,1668000000.0,1678000000.0,3975000000.0,1339000000.0,2714000000.0,1130000000.0,1731000000.0,,,12926000000.0,4627000000.0,4249000000.0,6952000000.0,1544000000.0,762000000.0,31779000000.0,1249000000.0,2330000000.0,,7158000000.0,,,716000000.0,468000000.0,16506000000.0,32446000000.0,-2395000000.0,15079000000.0,31779000000.0,300000000.0,176000000.0,51000000.0,586000000.0,-231000000.0,,,-1218000000.0,,,1221000000.0,,,,,892000000.0,535000000.0,,,-588000000.0,,,-2265000000.0,-1596000000.0,
2015-12-31,16560000000.0,,12651000000.0,5920000000.0,4841000000.0,14483000000.0,,,2077000000.0,446000000.0,1565000000.0,0.94,0.93,1667000000.0,1679000000.0,2385000000.0,1782000000.0,2948000000.0,1221000000.0,2813000000.0,,491000000.0,10415000000.0,4660000000.0,4412000000.0,6881000000.0,1419000000.0,1117000000.0,31748000000.0,1565000000.0,2759000000.0,,8017000000.0,,31000000.0,742000000.0,480000000.0,17324000000.0,31613000000.0,-2468000000.0,14266000000.0,31748000000.0,376000000.0,235000000.0,-347000000.0,942000000.0,-97000000.0,,,-919000000.0,,,1832000000.0,,,,,1111000000.0,820000000.0,,,-1572000000.0,,147000000.0,-3351000000.0,-3186000000.0,577000000.0
2016-03-31,4391000000.0,,,1136000000.0,1068000000.0,2736000000.0,,,1655000000.0,449000000.0,1195000000.0,0.72,0.71,1669000000.0,1680000000.0,2644000000.0,1663000000.0,3363000000.0,1336000000.0,,,,11215000000.0,3689000000.0,4455000000.0,6875000000.0,1380000000.0,1048000000.0,31892000000.0,1543000000.0,4311000000.0,,7597000000.0,,,852000000.0,1693000000.0,17341000000.0,32176000000.0,-2693000000.0,14386000000.0,31892000000.0,65000000.0,47000000.0,-246000000.0,424000000.0,44000000.0,,,-77000000.0,,,-386000000.0,,,,,8000000.0,242000000.0,,,1426000000.0,,,-792000000.0,259000000.0,
2016-06-30,9262000000.0,,,2402000000.0,2306000000.0,5992000000.0,,,3270000000.0,876000000.0,2361000000.0,1.41,1.41,1670000000.0,1679000000.0,2934000000.0,1717000000.0,3685000000.0,1437000000.0,,,,12298000000.0,3281000000.0,4597000000.0,6875000000.0,1379000000.0,1012000000.0,32831000000.0,1504000000.0,4880000000.0,,7885000000.0,,,896000000.0,1805000000.0,17753000000.0,32706000000.0,-2804000000.0,14918000000.0,32831000000.0,155000000.0,101000000.0,-317000000.0,852000000.0,111000000.0,,,-36000000.0,,,25000000.0,,,,,267000000.0,503000000.0,,,1832000000.0,,,-1316000000.0,549000000.0,
2016-09-30,14184000000.0,,,3540000000.0,3450000000.0,9355000000.0,,,4829000000.0,1220000000.0,3563000000.0,2.13,2.12,1671000000.0,1679000000.0,3432000000.0,2128000000.0,3813000000.0,1482000000.0,,,,13204000000.0,3035000000.0,4790000000.0,6875000000.0,1377000000.0,918000000.0,33727000000.0,1407000000.0,4964000000.0,,8996000000.0,,,905000000.0,1642000000.0,17946000000.0,33272000000.0,-2735000000.0,15613000000.0,33727000000.0,260000000.0,149000000.0,-500000000.0,896000000.0,107000000.0,,,-142000000.0,,,1422000000.0,,,,,311000000.0,844000000.0,,,1464000000.0,,,-1855000000.0,1047000000.0,
2016-12-31,19427000000.0,,14481000000.0,4940000000.0,4911000000.0,13512000000.0,,,5915000000.0,1408000000.0,4457000000.0,2.67,2.65,1671000000.0,1680000000.0,4237000000.0,2113000000.0,3774000000.0,1241000000.0,2949000000.0,,570000000.0,13704000000.0,2719000000.0,4980000000.0,6875000000.0,1385000000.0,1048000000.0,33707000000.0,1664000000.0,5271000000.0,,8841000000.0,,47000000.0,973000000.0,1283000000.0,17360000000.0,33513000000.0,-2503000000.0,16177000000.0,33707000000.0,382000000.0,205000000.0,-204000000.0,803000000.0,152000000.0,,,104000000.0,,,2850000000.0,,,,,359000000.0,1215000000.0,,,1480000000.0,,92000000.0,-2445000000.0,1852000000.0,2041000000.0
2017-03-31,4929000000.0,,,1288000000.0,1074000000.0,2974000000.0,,,1955000000.0,429000000.0,1574000000.0,0.95,0.94,1662000000.0,1671000000.0,3910000000.0,2199000000.0,4083000000.0,1384000000.0,,,,13615000000.0,2685000000.0,5020000000.0,6875000000.0,1276000000.0,848000000.0,32937000000.0,1503000000.0,4777000000.0,,8494000000.0,,,948000000.0,1195000000.0,18402000000.0,33658000000.0,-2414000000.0,14416000000.0,32937000000.0,193000000.0,45000000.0,-70000000.0,246000000.0,71000000.0,,,-114000000.0,,,861000000.0,,,,,112000000.0,291000000.0,,,-203000000.0,,,-1013000000.0,-327000000.0,
2017-06-30,10073000000.0,,,2947000000.0,2241000000.0,6823000000.0,,,3250000000.0,802000000.0,2490000000.0,1.51,1.5,1653000000.0,1660000000.0,3470000000.0,3035000000.0,4219000000.0,1217000000.0,,,,14324000000.0,2580000000.0,4944000000.0,6861000000.0,1245000000.0,883000000.0,33409000000.0,1551000000.0,5132000000.0,,9017000000.0,,,967000000.0,1181000000.0,18588000000.0,33934000000.0,-2467000000.0,14699000000.0,33409000000.0,404000000.0,99000000.0,21000000.0,454000000.0,58000000.0,,,-85000000.0,,,2445000000.0,,,,,319000000.0,539000000.0,,,-1227000000.0,,,-2019000000.0,-767000000.0,
2017-09-30,15327000000.0,,,4490000000.0,3388000000.0,10894000000.0,,,4433000000.0,1129000000.0,3335000000.0,2.02,2.02,1648000000.0,1655000000.0,4644000000.0,2478000000.0,4332000000.0,1250000000.0,,,,15048000000.0,2526000000.0,5014000000.0,6865000000.0,1213000000.0,965000000.0,33977000000.0,1699000000.0,5418000000.0,,9438000000.0,,,996000000.0,1155000000.0,19063000000.0,34141000000.0,-2421000000.0,14783000000.0,33977000000.0,592000000.0,149000000.0,283000000.0,539000000.0,-7000000.0,,,63000000.0,,,4158000000.0,,,,,672000000.0,801000000.0,,,-1085000000.0,,,-2725000000.0,407000000.0,
2017-12-31,20776000000.0,,14710000000.0,6411000000.0,4687000000.0,15645000000.0,,,5131000000.0,4156000000.0,1007000000.0,0.61,0.61,1645000000.0,1652000000.0,5421000000.0,1391000000.0,4347000000.0,1166000000.0,1565000000.0,,576000000.0,14854000000.0,2480000000.0,5001000000.0,6863000000.0,1210000000.0,1533000000.0,33551000000.0,2248000000.0,6014000000.0,,9563000000.0,,45000000.0,3548000000.0,1164000000.0,21704000000.0,31160000000.0,-2289000000.0,11741000000.0,33551000000.0,789000000.0,199000000.0,1010000000.0,431000000.0,29000000.0,,,320000000.0,,,5275000000.0,,,,,708000000.0,1055000000.0,,,-66000000.0,,,-4077000000.0,1184000000.0,546000000.0
2018-03-31,5193000000.0,,,1250000000.0,980000000.0,3414000000.0,,,1779000000.0,284000000.0,1486000000.0,0.91,0.91,1633000000.0,1640000000.0,5342000000.0,1428000000.0,4374000000.0,1231000000.0,,,,14649000000.0,2252000000.0,5060000000.0,6863000000.0,1116000000.0,1776000000.0,33083000000.0,1725000000.0,5561000000.0,,9624000000.0,,,3233000000.0,1098000000.0,20177000000.0,32323000000.0,-2234000000.0,12793000000.0,33083000000.0,143000000.0,55000000.0,160000000.0,-219000000.0,4000000.0,,,-241000000.0,,,1175000000.0,,,,,336000000.0,239000000.0,,,-43000000.0,,,-1222000000.0,-79000000.0,
2018-06-30,10897000000.0,,,3685000000.0,2111000000.0,8601000000.0,,,2296000000.0,419000000.0,1859000000.0,1.14,1.13,1633000000.0,1638000000.0,4999000000.0,1076000000.0,4323000000.0,1242000000.0,,,,13874000000.0,2117000000.0,5080000000.0,6683000000.0,1090000000.0,2280000000.0,32641000000.0,1873000000.0,5828000000.0,,9878000000.0,,,3107000000.0,1066000000.0,20223000000.0,32044000000.0,-2334000000.0,12317000000.0,32641000000.0,300000000.0,106000000.0,-37000000.0,-112000000.0,122000000.0,,,-101000000.0,,,2232000000.0,,,,,1170000000.0,437000000.0,,,-391000000.0,,,-2237000000.0,-422000000.0,
2018-09-30,16588000000.0,,,4965000000.0,3215000000.0,12125000000.0,,,4463000000.0,674000000.0,3760000000.0,2.3,2.3,1633000000.0,1637000000.0,5408000000.0,1422000000.0,4622000000.0,1282000000.0,,,,14869000000.0,2017000000.0,5092000000.0,6686000000.0,1107000000.0,2336000000.0,33734000000.0,1773000000.0,5853000000.0,,9694000000.0,,,3112000000.0,1005000000.0,19984000000.0,33292000000.0,-2326000000.0,13640000000.0,33734000000.0,465000000.0,168000000.0,-161000000.0,222000000.0,152000000.0,,,-186000000.0,,,3511000000.0,,,,,1215000000.0,661000000.0,,,-538000000.0,,,-2957000000.0,-13000000.0,
2018-12-31,22561000000.0,6547000000.0,16014000000.0,6345000000.0,4551000000.0,16593000000.0,,,5968000000.0,1021000000.0,4920000000.0,3.01,3.01,1633000000.0,1637000000.0,6911000000.0,1973000000.0,4636000000.0,1195000000.0,1328000000.0,,1116000000.0,17160000000.0,1775000000.0,5027000000.0,6538000000.0,1091000000.0,2024000000.0,34986000000.0,1892000000.0,6489000000.0,,10654000000.0,,18000000.0,3043000000.0,1048000000.0,20859000000.0,34065000000.0,-2762000000.0,14031000000.0,34986000000.0,637000000.0,221000000.0,86000000.0,429000000.0,216000000.0,,,-59000000.0,,,5940000000.0,,,,,1246000000.0,951000000.0,,,-874000000.0,,,-3535000000.0,1490000000.0,747000000.0
2019-03-31,5920000000.0,1844000000.0,,1351000000.0,1006000000.0,3941000000.0,,,1979000000.0,264000000.0,1710000000.0,1.05,1.04,1634000000.0,1637000000.0,7335000000.0,1429000000.0,4594000000.0,1283000000.0,,,1342000000.0,17093000000.0,1233000000.0,4985000000.0,6536000000.0,1026000000.0,2581000000.0,34834000000.0,1976000000.0,5856000000.0,,8841000000.0,,,3084000000.0,1509000000.0,19517000000.0,35109000000.0,-2644000000.0,15218000000.0,34834000000.0,170000000.0,53000000.0,2000000.0,-236000000.0,-35000000.0,,,136000000.0,,,1390000000.0,,,,,15000000.0,204000000.0,,,1060000000.0,,,-2029000000.0,424000000.0,
2019-06-30,12193000000.0,3836000000.0,,2679000000.0,2082000000.0,8438000000.0,,,3755000000.0,601000000.0,3142000000.0,1.92,1.92,1636000000.0,1637000000.0,28404000000.0,953000000.0,4503000000.0,1308000000.0,,,1384000000.0,37716000000.0,994000000.0,4849000000.0,6533000000.0,995000000.0,2634000000.0,55163000000.0,2005000000.0,7161000000.0,,9711000000.0,,,2971000000.0,1897000000.0,39012000000.0,35870000000.0,-2621000000.0,16049000000.0,55163000000.0,339000000.0,101000000.0,-87000000.0,-307000000.0,-28000000.0,,,156000000.0,,,3473000000.0,,,,,49000000.0,395000000.0,,,1775000000.0,,,16239000000.0,21493000000.0,
2019-09-30,18200000000.0,5646000000.0,,4061000000.0,3137000000.0,13096000000.0,,,5104000000.0,584000000.0,4495000000.0,2.75,2.75,1634000000.0,1636000000.0,30489000000.0,2053000000.0,4289000000.0,1192000000.0,,,947000000.0,40191000000.0,925000000.0,4830000000.0,6513000000.0,1002000000.0,2348000000.0,57433000000.0,1888000000.0,8032000000.0,,10489000000.0,,,2919000000.0,1881000000.0,39679000000.0,36555000000.0,-1463000000.0,17648000000.0,57433000000.0,510000000.0,157000000.0,-587000000.0,-434000000.0,7000000.0,,,48000000.0,,,6029000000.0,,,,,58000000.0,585000000.0,,,2266000000.0,,,15298000000.0,23578000000.0,
2019-12-31,26145000000.0,8078000000.0,18067000000.0,6148000000.0,4871000000.0,21170000000.0,,,4975000000.0,1515000000.0,3439000000.0,2.02,2.01,1705000000.0,1712000000.0,12346000000.0,3047000000.0,6476000000.0,4293000000.0,2086000000.0,,1983000000.0,29354000000.0,767000000.0,6252000000.0,22488000000.0,63969000000.0,6604000000.0,129944000000.0,2445000000.0,12513000000.0,,18304000000.0,,6454000000.0,5368000000.0,10101000000.0,78246000000.0,34474000000.0,-1520000000.0,51598000000.0,129944000000.0,1746000000.0,441000000.0,-924000000.0,-752000000.0,-463000000.0,,,229000000.0,,,8067000000.0,,,,,24634000000.0,836000000.0,,,-9770000000.0,,,7621000000.0,5909000000.0,1503000000.0
2020-03-31,10781000000.0,3662000000.0,,2372000000.0,1606000000.0,11085000000.0,,,-304000000.0,462000000.0,-775000000.0,-0.34,-0.34,2258000000.0,2258000000.0,15817000000.0,2505000000.0,7200000000.0,2836000000.0,,,2405000000.0,31853000000.0,651000000.0,6112000000.0,22452000000.0,61666000000.0,5946000000.0,129285000000.0,3069000000.0,12301000000.0,,19232000000.0,,,5364000000.0,10701000000.0,79308000000.0,32671000000.0,-1549000000.0,49911000000.0,129285000000.0,2477000000.0,210000000.0,-53000000.0,743000000.0,-1448000000.0,,,703000000.0,,,3894000000.0,,,,,25000000.0,186000000.0,,,653000000.0,,,-1054000000.0,3426000000.0,
2020-06-30,20910000000.0,6361000000.0,,4894000000.0,3234000000.0,19587000000.0,,,1627000000.0,2169000000.0,-860000000.0,-0.38,-0.38,2263000000.0,2263000000.0,19934000000.0,1724000000.0,6699000000.0,2384000000.0,,,2446000000.0,34343000000.0,523000000.0,5777000000.0,20578000000.0,59171000000.0,6596000000.0,128076000000.0,2852000000.0,15750000000.0,,23421000000.0,,,5006000000.0,7485000000.0,78916000000.0,31565000000.0,-1556000000.0,49094000000.0,128076000000.0,5035000000.0,423000000.0,1365000000.0,197000000.0,-2090000000.0,,,480000000.0,,,8163000000.0,,,,,178000000.0,317000000.0,,,1433000000.0,,,-2047000000.0,7542000000.0,
2020-09-30,31450000000.0,8863000000.0,,7393000000.0,4940000000.0,27870000000.0,,,3580000000.0,2548000000.0,1872000000.0,0.83,0.82,2260000000.0,2295000000.0,19435000000.0,1720000000.0,6777000000.0,1949000000.0,,,3111000000.0,34277000000.0,495000000.0,5740000000.0,20517000000.0,56698000000.0,6896000000.0,125536000000.0,2441000000.0,14438000000.0,,20464000000.0,,,5025000000.0,7565000000.0,75306000000.0,32414000000.0,-1699000000.0,50158000000.0,125536000000.0,7690000000.0,608000000.0,1419000000.0,356000000.0,-2571000000.0,,,56000000.0,,,10382000000.0,,,,,421000000.0,470000000.0,,,1268000000.0,,,-4634000000.0,7040000000.0,
2020-12-31,42518000000.0,11773000000.0,30745000000.0,11143000000.0,7661000000.0,49389000000.0,,,-6871000000.0,2124000000.0,-9015000000.0,-3.99,-3.99,2258000000.0,2258000000.0,14546000000.0,1285000000.0,7219000000.0,2074000000.0,3542000000.0,,3786000000.0,30192000000.0,433000000.0,5886000000.0,20547000000.0,53243000000.0,7019000000.0,118481000000.0,2713000000.0,14027000000.0,,19080000000.0,,,5017000000.0,7776000000.0,80599000000.0,21281000000.0,-1839000000.0,37822000000.0,118481000000.0,10380000000.0,779000000.0,983000000.0,646000000.0,-2672000000.0,,,188000000.0,,,14052000000.0,,,,,13084000000.0,753000000.0,,,-10859000000.0,,,-1151000000.0,2153000000.0,3400000000.0
2021-03-31,11073000000.0,2841000000.0,,2225000000.0,1666000000.0,8543000000.0,,,2530000000.0,501000000.0,2021000000.0,0.9,0.89,2236000000.0,2265000000.0,10982000000.0,1948000000.0,7187000000.0,1953000000.0,,,3568000000.0,27111000000.0,288000000.0,5763000000.0,20524000000.0,50819000000.0,7137000000.0,112435000000.0,2972000000.0,12581000000.0,,17330000000.0,,,5015000000.0,7692000000.0,74762000000.0,22204000000.0,-1544000000.0,37605000000.0,112435000000.0,2668000000.0,151000000.0,68000000.0,-67000000.0,-106000000.0,,,303000000.0,,,3824000000.0,,,,,35000000.0,173000000.0,,,-143000000.0,,,-7295000000.0,-3652000000.0,
2021-06-30,22776000000.0,5293000000.0,,5496000000.0,3548000000.0,18693000000.0,,,4083000000.0,993000000.0,3076000000.0,1.38,1.36,2232000000.0,2258000000.0,11024000000.0,1946000000.0,7713000000.0,2137000000.0,,,5037000000.0,29161000000.0,143000000.0,5795000000.0,20529000000.0,48065000000.0,6454000000.0,110797000000.0,3609000000.0,12727000000.0,,18991000000.0,,,4690000000.0,7498000000.0,73923000000.0,22168000000.0,-1518000000.0,36808000000.0,110797000000.0,5380000000.0,308000000.0,-95000000.0,626000000.0,-111000000.0,,,158000000.0,,,6884000000.0,,,,,401000000.0,383000000.0,,,37000000.0,,,-10477000000.0,-3576000000.0,
2021-09-30,34400000000.0,7584000000.0,,8747000000.0,5336000000.0,28160000000.0,,,6240000000.0,1598000000.0,4622000000.0,2.08,2.05,2227000000.0,2253000000.0,13540000000.0,2123000000.0,7878000000.0,2163000000.0,,,4372000000.0,31443000000.0,46000000.0,5868000000.0,20519000000.0,44930000000.0,7403000000.0,110893000000.0,2695000000.0,13700000000.0,,21460000000.0,,,4768000000.0,7516000000.0,73609000000.0,22625000000.0,-1424000000.0,37213000000.0,110893000000.0,8107000000.0,450000000.0,-127000000.0,886000000.0,-141000000.0,,,19000000.0,,,12150000000.0,,,,,1458000000.0,653000000.0,,,-939000000.0,,,-12257000000.0,-1094000000.0,
2021-12-31,46385000000.0,9940000000.0,,11354000000.0,7690000000.0,38287000000.0,,,8098000000.0,1084000000.0,6994000000.0,3.15,3.12,2221000000.0,2245000000.0,13979000000.0,2987000000.0,7979000000.0,2095000000.0,2696000000.0,,4832000000.0,33262000000.0,0.0,6049000000.0,20502000000.0,42527000000.0,5535000000.0,109314000000.0,2949000000.0,13971000000.0,,21868000000.0,,,4835000000.0,7334000000.0,73308000000.0,23820000000.0,-1268000000.0,35946000000.0,109314000000.0,10686000000.0,583000000.0,-1393000000.0,1054000000.0,-13000000.0,,,245000000.0,,,16207000000.0,,,,,1610000000.0,973000000.0,300000000.0,,-538000000.0,,,-16224000000.0,-657000000.0,3500000000.0
2022-03-31,11648000000.0,2471000000.0,,2260000000.0,1831000000.0,9961000000.0,,,1687000000.0,404000000.0,1278000000.0,0.6,0.59,2146000000.0,2164000000.0,12369000000.0,2599000000.0,7156000000.0,2104000000.0,,,4538000000.0,30121000000.0,,6047000000.0,20500000000.0,40103000000.0,4845000000.0,103034000000.0,2944000000.0,12355000000.0,,22821000000.0,,,4889000000.0,7309000000.0,71389000000.0,23948000000.0,-1229000000.0,31580000000.0,103034000000.0,2584000000.0,107000000.0,-687000000.0,-786000000.0,-1000000.0,,,23000000.0,,,3812000000.0,,,,,442000000.0,253000000.0,,,95000000.0,,,-5653000000.0,-1737000000.0,
2022-06-30,23535000000.0,5191000000.0,,4581000000.0,3618000000.0,19890000000.0,,,3645000000.0,933000000.0,2699000000.0,1.26,1.25,2140000000.0,2157000000.0,10750000000.0,2478000000.0,7586000000.0,2142000000.0,,,5762000000.0,30186000000.0,,5970000000.0,20446000000.0,37690000000.0,4728000000.0,100357000000.0,2882000000.0,13080000000.0,,20915000000.0,,,4366000000.0,6640000000.0,67696000000.0,24217000000.0,-992000000.0,32600000000.0,100357000000.0,5167000000.0,223000000.0,-1469000000.0,-117000000.0,12000000.0,,,4000000.0,,,6073000000.0,,,,,909000000.0,525000000.0,,,-194000000.0,,,-9173000000.0,-3356000000.0,
2022-09-30,34753000000.0,7544000000.0,,6999000000.0,5548000000.0,28899000000.0,,,5854000000.0,1534000000.0,4305000000.0,2.01,2.0,2137000000.0,2154000000.0,7734000000.0,1293000000.0,8021000000.0,2074000000.0,,,6082000000.0,26796000000.0,,6035000000.0,21112000000.0,38179000000.0,4745000000.0,98196000000.0,2595000000.0,14203000000.0,,18930000000.0,,,4398000000.0,6685000000.0,65462000000.0,24675000000.0,-841000000.0,32671000000.0,98196000000.0,7755000000.0,338000000.0,-2114000000.0,557000000.0,28000000.0,,,-296000000.0,,,9760000000.0,,,,,4170000000.0,772000000.0,,,-2275000000.0,,,-13716000000.0,-6359000000.0,
2022-12-31,46159000000.0,10137000000.0,,9509000000.0,7814000000.0,38446000000.0,,,7713000000.0,1368000000.0,6327000000.0,2.97,2.95,2130000000.0,2146000000.0,9123000000.0,130000000.0,8151000000.0,2339000000.0,4145000000.0,,5795000000.0,27273000000.0,,6255000000.0,21149000000.0,35859000000.0,4940000000.0,96820000000.0,3040000000.0,14586000000.0,,21890000000.0,,,3992000000.0,6590000000.0,65702000000.0,25503000000.0,-1281000000.0,31061000000.0,96820000000.0,10276000000.0,457000000.0,-2738000000.0,663000000.0,69000000.0,,,109000000.0,,,13066000000.0,,,,,4286000000.0,1118000000.0,,,-1062000000.0,,,-16962000000.0,-4991000000.0,5400000000.0
2023-03-31,11337000000.0,2566000000.0,,2321000000.0,1762000000.0,8567000000.0,,,2770000000.0,503000000.0,2262000000.0,1.08,1.07,2099000000.0,2113000000.0,8995000000.0,274000000.0,7854000000.0,2605000000.0,,,5158000000.0,27086000000.0,,6279000000.0,21162000000.0,33569000000.0,4868000000.0,94281000000.0,3194000000.0,13139000000.0,,19085000000.0,,,3907000000.0,6664000000.0,62395000000.0,26568000000.0,-1368000000.0,31824000000.0,94281000000.0,2429000000.0,122000000.0,-548000000.0,175000000.0,282000000.0,,,187000000.0,,,2970000000.0,,,,,78000000.0,278000000.0,,,-210000000.0,,,-3050000000.0,-277000000.0,149000000.0
2023-06-30,22563000000.0,5442000000.0,,4579000000.0,3696000000.0,17934000000.0,,,4629000000.0,285000000.0,4335000000.0,2.07,2.06,2096000000.0,2107000000.0,8372000000.0,358000000.0,8125000000.0,2364000000.0,,,6868000000.0,28074000000.0,,6355000000.0,21163000000.0,31303000000.0,5022000000.0,93489000000.0,3069000000.0,14061000000.0,,20150000000.0,,,3166000000.0,5902000000.0,61459000000.0,27449000000.0,-1387000000.0,31973000000.0,93489000000.0,4861000000.0,259000000.0,-1634000000.0,240000000.0,298000000.0,,,22000000.0,,,4857000000.0,,,,,262000000.0,537000000.0,,,-539000000.0,,,-5223000000.0,-900000000.0,3100000000.0
2023-09-30,33529000000.0,7948000000.0,,6821000000.0,5699000000.0,26763000000.0,,,6766000000.0,488000000.0,6263000000.0,3.01,2.99,2083000000.0,2093000000.0,7514000000.0,171000000.0,8407000000.0,2436000000.0,,,7207000000.0,27632000000.0,,6481000000.0,21147000000.0,28950000000.0,5214000000.0,91263000000.0,2813000000.0,15182000000.0,,23462000000.0,,,3215000000.0,6203000000.0,62201000000.0,28218000000.0,-1286000000.0,28998000000.0,91263000000.0,7296000000.0,391000000.0,-1961000000.0,487000000.0,554000000.0,,,-246000000.0,,,9608000000.0,,,,,588000000.0,879000000.0,,,-949000000.0,,,-10383000000.0,-1757000000.0,4100000000.0
2023-12-31,45006000000.0,10693000000.0,,9299000000.0,7772000000.0,36566000000.0,,,8440000000.0,400000000.0,8025000000.0,3.88,3.86,2069000000.0,2078000000.0,11464000000.0,816000000.0,8882000000.0,2662000000.0,2430000000.0,,5907000000.0,31770000000.0,364000000.0,6646000000.0,21169000000.0,27072000000.0,5370000000.0,95159000000.0,3259000000.0,15884000000.0,,22262000000.0,,,3288000000.0,6421000000.0,65674000000.0,28766000000.0,-1546000000.0,29430000000.0,95159000000.0,9760000000.0,518000000.0,-3288000000.0,995000000.0,751000000.0,,,198000000.0,,,13860000000.0,,,,,1169000000.0,1209000000.0,,,-2295000000.0,,,-9416000000.0,2194000000.0,4300000000.0
2024-03-31,11865000000.0,2932000000.0,,2695000000.0,2367000000.0,23381000000.0,,,-11516000000.0,392000000.0,-11911000000.0,-5.89,-5.89,2023000000.0,2023000000.0,9330000000.0,340000000.0,8826000000.0,2985000000.0,,,5567000000.0,28669000000.0,367000000.0,6750000000.0,21738000000.0,32760000000.0,6024000000.0,99031000000.0,3539000000.0,16093000000.0,,25822000000.0,,,3360000000.0,6732000000.0,82483000000.0,15640000000.0,-1400000000.0,16490000000.0,99031000000.0,2532000000.0,133000000.0,-711000000.0,-479000000.0,218000000.0,,,300000000.0,,,2834000000.0,,,,,20053000000.0,284000000.0,,,-19618000000.0,,,14644000000.0,-2185000000.0,187000000.0
2024-06-30,24066000000.0,6199000000.0,,5594000000.0,4295000000.0,34296000000.0,,,-10230000000.0,-398000000.0,-10231000000.0,-5.05,-5.05,2027000000.0,2029000000.0,6293000000.0,360000000.0,9746000000.0,3077000000.0,,,5737000000.0,26890000000.0,357000000.0,6845000000.0,21732000000.0,29428000000.0,6071000000.0,94646000000.0,3751000000.0,15983000000.0,,23265000000.0,,,1783000000.0,4993000000.0,77577000000.0,16103000000.0,-1456000000.0,17015000000.0,94646000000.0,5128000000.0,258000000.0,-1042000000.0,540000000.0,443000000.0,,,41000000.0,,,5160000000.0,,,,,21426000000.0,546000000.0,,,-20937000000.0,,,10621000000.0,-5223000000.0,2100000000.0
2024-09-30,35958000000.0,9156000000.0,,7968000000.0,6278000000.0,44512000000.0,,,-8554000000.0,461000000.0,-9020000000.0,-4.45,-4.45,2028000000.0,2031000000.0,7890000000.0,204000000.0,9317000000.0,3332000000.0,,,5623000000.0,28075000000.0,324000000.0,6903000000.0,21751000000.0,26964000000.0,6044000000.0,93670000000.0,3469000000.0,18091000000.0,,22638000000.0,,,1543000000.0,4728000000.0,76470000000.0,16097000000.0,-1468000000.0,17142000000.0,93670000000.0,7720000000.0,387000000.0,-1298000000.0,-121000000.0,661000000.0,,,-333000000.0,,,10751000000.0,,,,,21774000000.0,870000000.0,,,-21156000000.0,,,6769000000.0,-3626000000.0,3100000000.0
