Date,Net sales,Cost of sales,Gross margin,Research and development,"Selling, general and administrative",Total operating expenses,Operating income,"Other income/(expense), net",Income before provision for income taxes,Provision for income taxes,Net income,Earnings per share basic,Earnings per share diluted,Weighted-average basic,Weighted-average diluted,Cash and cash equivalents,Short-term marketable securities,"Accounts receivable, net",Inventories,Deferred tax assets,Vendor non-trade receivables,Other current assets,Total current assets,Long-term marketable securities,"Property, Plant and Equipment, Net",Goodwill,"Acquired intangible assets, net","Other Assets, Noncurrent",Total assets,accounts payable,Accrued expenses,Deferred revenue,Total current liabilities,Deferred revenue - non-current,deferred tax liabilities,long term taxes payable,Total other non-current liabilities,Total liabilities,Retained Earnings (Accumulated Deficit),Accumulated other comprehensive (loss)/income,Total shareholders equity,Total liabilities and shareholders' equity,"Depreciation, amortization and accretion",Stock-based compensation expense,Deferred income tax expense,"Increase (Decrease) in Accounts receivable, net",Increase (Decrease) in Inventories,Increase (Decrease) in Other Receivables,Increase (Decrease) in Other Operating Assets,Increase (Decrease) in Accounts Payable,Increase (Decrease) in Deferred Revenue,Increase (Decrease) Other liabilities,Cash generated by operating activities,Purchases of marketable securities,Proceeds from maturities of marketable securities,Proceeds from sales of marketable securities,Purchases of other long-term investments,"Business acquisitions, net of cash acquired",Cash payments for capital asset purchases,Payments for acquisition of intangible assets,Payments for (Proceeds from) Other Investing Activities,Cash used in investing activities,Proceeds from issuance of common stock,Excess tax benefits from stock-based compensation,Cash generated/used in financing activities,Increase/(decrease) in cash and cash equivalents,"Cash paid for income taxes, net"
2010-12-31,863700000.0,693200000.0,,,128400000.0,826300000.0,,,37400000.0,13500000.0,23700000.0,0.19,0.18,125800000.0,129000000.0,187800000.0,,,,,,93400000.0,608000000.0,,84600000.0,578800000.0,74000000.0,169600000.0,1515000000.0,76500000.0,170400000.0,24400000.0,287600000.0,54600000.0,,,75300000.0,786300000.0,533200000.0,10200000.0,728700000.0,1515000000.0,24900000.0,14900000.0,-1900000.0,-67000000.0,,,21700000.0,-20600000.0,-16000000.0,11900000.0,26900000.0,,,,,95700000.0,13600000.0,2700000.0,,-112000000.0,,200000.0,-149600000.0,-224800000.0,18100000.0
2011-03-31,1390800000.0,1099800000.0,,,195300000.0,1302300000.0,,,88500000.0,32000000.0,53400000.0,0.43,0.42,125300000.0,128800000.0,151300000.0,,,,,,128100000.0,705600000.0,,84600000.0,733400000.0,146000000.0,183800000.0,1853400000.0,109800000.0,193200000.0,99500000.0,855100000.0,51500000.0,,,71300000.0,1161100000.0,544600000.0,18900000.0,692300000.0,1853400000.0,40500000.0,23200000.0,-7700000.0,27800000.0,,,31000000.0,-600000.0,52800000.0,12700000.0,38900000.0,,,,,293300000.0,20600000.0,9400000.0,,-323300000.0,,500000.0,8800000.0,-261300000.0,31400000.0
2011-06-30,2166900000.0,1617100000.0,,,270000000.0,1897200000.0,269700000.0,,269700000.0,97900000.0,,1.36,1.32,124800000.0,128300000.0,241500000.0,,,9400000.0,-55300000.0,,103300000.0,751400000.0,,83100000.0,735600000.0,147200000.0,186700000.0,1904000000.0,119000000.0,,33400000.0,782700000.0,47300000.0,71300000.0,,81100000.0,1106700000.0,642200000.0,16100000.0,797300000.0,1904000000.0,57400000.0,30000000.0,12800000.0,39800000.0,,,61500000.0,8500000.0,-11400000.0,23700000.0,190900000.0,,,,,293500000.0,29200000.0,18100000.0,,-340800000.0,,2100000.0,-45300000.0,-171100000.0,58400000.0
2011-09-30,476400000.0,382800000.0,,,64700000.0,450200000.0,26200000.0,,26200000.0,9500000.0,,0.14,0.13,123700000.0,126700000.0,252800000.0,,,,,,104000000.0,685300000.0,,78900000.0,793100000.0,165200000.0,204700000.0,1927200000.0,93500000.0,,29100000.0,293600000.0,60100000.0,,,98700000.0,1134700000.0,639100000.0,11700000.0,792500000.0,1927200000.0,11200000.0,5500000.0,-4400000.0,-82900000.0,,,12900000.0,-26100000.0,-11000000.0,11000000.0,23300000.0,,,,,72700000.0,4100000.0,2500000.0,,-79300000.0,,100000.0,66900000.0,11300000.0,33000000.0
2011-12-31,956200000.0,765400000.0,,,138200000.0,919400000.0,36800000.0,,36800000.0,13300000.0,,0.19,0.19,123700000.0,127200000.0,238200000.0,,,,,,100100000.0,634900000.0,,78500000.0,789300000.0,160900000.0,233300000.0,1896900000.0,92600000.0,,38100000.0,300800000.0,52800000.0,,,101800000.0,1113100000.0,625800000.0,6300000.0,783800000.0,1896900000.0,23700000.0,13800000.0,-14900000.0,-114100000.0,,,49100000.0,-26300000.0,-2800000.0,11700000.0,88100000.0,,,,,72300000.0,13600000.0,8000000.0,,-93900000.0,,100000.0,6500000.0,-3300000.0,54700000.0
2012-03-31,1503200000.0,1186200000.0,,,208800000.0,1437600000.0,65600000.0,,65600000.0,24000000.0,,0.33,0.32,124000000.0,128400000.0,218800000.0,,,,,,142300000.0,749600000.0,,78500000.0,790500000.0,152800000.0,242900000.0,2014300000.0,107100000.0,,136700000.0,438300000.0,38200000.0,,,107500000.0,1213500000.0,622700000.0,11600000.0,800800000.0,2014300000.0,37300000.0,21600000.0,-17000000.0,-22000000.0,,,81400000.0,-8000000.0,80500000.0,15600000.0,103900000.0,,,2100000.0,,72400000.0,22800000.0,9600000.0,,-102700000.0,,1900000.0,-20500000.0,-22700000.0,61800000.0
2012-06-30,2303500000.0,1715100000.0,,,299900000.0,2102600000.0,200900000.0,,200900000.0,75900000.0,,1.0,0.97,124100000.0,127500000.0,320500000.0,,,8600000.0,-43600000.0,,86200000.0,777400000.0,,79000000.0,780000000.0,143300000.0,207900000.0,1987600000.0,102200000.0,,47500000.0,410300000.0,38300000.0,63200000.0,,100900000.0,1137100000.0,686100000.0,3500000.0,850500000.0,1987600000.0,51000000.0,28300000.0,-8400000.0,-34700000.0,,,106500000.0,-12400000.0,-8900000.0,20100000.0,290600000.0,,,2100000.0,,72400000.0,33800000.0,12900000.0,,-110500000.0,,3900000.0,-88700000.0,79000000.0,71100000.0
2012-09-30,495800000.0,390000000.0,,,72900000.0,467200000.0,,,28600000.0,10300000.0,18300000.0,0.15,0.14,124000000.0,127100000.0,211800000.0,,,,,,87700000.0,620900000.0,,76300000.0,781800000.0,135200000.0,216300000.0,1830500000.0,88900000.0,,50600000.0,313600000.0,36900000.0,,,105000000.0,1041000000.0,682500000.0,8300000.0,789500000.0,1830500000.0,13500000.0,4500000.0,-5000000.0,-51400000.0,,,15700000.0,-13300000.0,800000.0,2000000.0,-15600000.0,,,,,,6400000.0,1700000.0,,-8100000.0,,800000.0,-86900000.0,-108700000.0,39600000.0
2012-12-31,989000000.0,777600000.0,,,150100000.0,935700000.0,,,53300000.0,19200000.0,34100000.0,0.28,0.27,123000000.0,126300000.0,259100000.0,,,,,,89300000.0,653600000.0,,76500000.0,782600000.0,126800000.0,216700000.0,1856200000.0,97700000.0,,48400000.0,344400000.0,41700000.0,,,106000000.0,1072800000.0,676300000.0,9200000.0,783400000.0,1856200000.0,26000000.0,12900000.0,-8500000.0,-66800000.0,,,24400000.0,-4500000.0,200000.0,9300000.0,73500000.0,,,,,,16500000.0,2500000.0,,-19000000.0,,1300000.0,-118200000.0,-61400000.0,56300000.0
2013-03-31,1565700000.0,1203800000.0,,,229100000.0,1444700000.0,,,121000000.0,43500000.0,77500000.0,0.63,0.62,122400000.0,125900000.0,182200000.0,,,,,,116900000.0,711300000.0,,80900000.0,777800000.0,121900000.0,230000000.0,1921900000.0,130200000.0,,127700000.0,449200000.0,42800000.0,,,80900000.0,1150900000.0,698100000.0,2800000.0,771000000.0,1921900000.0,36900000.0,21100000.0,-1300000.0,40600000.0,,,48000000.0,28200000.0,79400000.0,-10900000.0,72300000.0,,,,,,29700000.0,5900000.0,,-35600000.0,,2100000.0,-175700000.0,-138300000.0,97900000.0
2013-06-30,2430800000.0,1767800000.0,,,323600000.0,2107600000.0,323200000.0,,323200000.0,111100000.0,212100000.0,1.74,1.69,121900000.0,125400000.0,266000000.0,,,8400000.0,-54500000.0,,98600000.0,807000000.0,,80900000.0,778400000.0,120600000.0,231300000.0,2018200000.0,143100000.0,,49200000.0,469500000.0,40200000.0,71200000.0,,96800000.0,1202200000.0,811300000.0,4200000.0,816000000.0,2018200000.0,47600000.0,27100000.0,14100000.0,73200000.0,,,61200000.0,41300000.0,1400000.0,8900000.0,270900000.0,,,,,,38200000.0,12700000.0,,-52000000.0,,4600000.0,-273200000.0,-54500000.0,118600000.0
2013-09-30,545200000.0,397500000.0,,,73500000.0,475900000.0,,,69300000.0,24900000.0,44400000.0,0.37,0.36,119100000.0,123100000.0,183100000.0,,,,,,101300000.0,656600000.0,,82100000.0,809300000.0,125300000.0,233900000.0,1907200000.0,110500000.0,,55800000.0,338100000.0,43600000.0,,,94200000.0,1069200000.0,831100000.0,2500000.0,838000000.0,1907200000.0,10900000.0,4800000.0,400000.0,-74700000.0,,,9900000.0,-32200000.0,1200000.0,6100000.0,-5400000.0,,,,,37700000.0,10500000.0,2800000.0,,-51000000.0,,1000000.0,-27300000.0,-82900000.0,51200000.0
2013-12-31,1065800000.0,782600000.0,,,159500000.0,953800000.0,,,112000000.0,40000000.0,72000000.0,0.6,0.58,119200000.0,124100000.0,240300000.0,,,,,,110900000.0,687200000.0,,87000000.0,812900000.0,120900000.0,231000000.0,1939000000.0,96600000.0,,55100000.0,343900000.0,53000000.0,,,96100000.0,1081500000.0,833200000.0,8100000.0,857500000.0,1939000000.0,22200000.0,,-3200000.0,-109500000.0,,,16400000.0,-46400000.0,1800000.0,18500000.0,90900000.0,,,,,37700000.0,23700000.0,7100000.0,,-68500000.0,,2700000.0,-50300000.0,-25700000.0,92400000.0
2014-03-31,1672100000.0,1210200000.0,,,255100000.0,1483200000.0,,,188900000.0,66100000.0,,1.03,0.99,119700000.0,124800000.0,244400000.0,,,,,,143500000.0,814200000.0,,87200000.0,854700000.0,137000000.0,236800000.0,2129900000.0,124800000.0,,148300000.0,493700000.0,57300000.0,,,97700000.0,1231000000.0,858900000.0,7800000.0,898900000.0,2129900000.0,34700000.0,,-15300000.0,-18800000.0,,,36200000.0,-18300000.0,91700000.0,25800000.0,187400000.0,,,,,97100000.0,32800000.0,10900000.0,,-140800000.0,,7700000.0,-69400000.0,-21600000.0,101500000.0
2014-06-30,2558000000.0,1761400000.0,,,376000000.0,2162500000.0,,,395500000.0,132500000.0,,2.2,2.12,119600000.0,124100000.0,347600000.0,,,6700000.0,-43200000.0,,108200000.0,880600000.0,,88300000.0,856100000.0,130000000.0,237100000.0,2192100000.0,116300000.0,,61500000.0,484400000.0,59000000.0,62400000.0,,100500000.0,1230400000.0,973900000.0,10300000.0,961700000.0,2192100000.0,46800000.0,,-11600000.0,-19100000.0,,,38400000.0,-26800000.0,5800000.0,30400000.0,387700000.0,,,,,96900000.0,43200000.0,13100000.0,,-150300000.0,,22800000.0,-158900000.0,81600000.0,150300000.0
2014-12-31,1130400000.0,820500000.0,,,192800000.0,1028800000.0,,,101600000.0,34400000.0,67200000.0,0.56,0.54,120200000.0,124400000.0,314100000.0,,,,,,99700000.0,780400000.0,,82200000.0,874000000.0,125000000.0,238200000.0,2099800000.0,93500000.0,,59300000.0,359700000.0,76200000.0,,,105900000.0,1117100000.0,976200000.0,-5500000.0,982700000.0,2099800000.0,24000000.0,,-11400000.0,-60100000.0,,,21000000.0,-22000000.0,-3800000.0,25800000.0,70800000.0,,,,,31600000.0,13900000.0,1900000.0,,-50900000.0,,10600000.0,-44400000.0,-33500000.0,68100000.0
2015-03-31,1764600000.0,1273100000.0,,,284800000.0,1581100000.0,,,183500000.0,62300000.0,121200000.0,1.01,0.97,120600000.0,125000000.0,310100000.0,,,,,,135500000.0,932000000.0,,81400000.0,891100000.0,135000000.0,241700000.0,2281200000.0,117900000.0,,161900000.0,530700000.0,73300000.0,,,105100000.0,1382500000.0,998000000.0,-22200000.0,898700000.0,2281200000.0,36500000.0,,-28700000.0,57600000.0,,,36000000.0,1500000.0,97400000.0,25800000.0,156600000.0,,,,,64900000.0,22900000.0,7700000.0,,-101000000.0,,21400000.0,-71300000.0,-37500000.0,71500000.0
2015-06-30,2694200000.0,1828200000.0,,,396800000.0,2255300000.0,438900000.0,,438900000.0,151800000.0,,2.39,2.32,119900000.0,124000000.0,324100000.0,,,6500000.0,-43300000.0,,92800000.0,861400000.0,,97300000.0,970500000.0,195700000.0,243200000.0,2368100000.0,115900000.0,,72600000.0,508900000.0,75200000.0,61700000.0,,105100000.0,1440300000.0,1132000000.0,-20900000.0,927800000.0,2368100000.0,49300000.0,38600000.0,600000.0,4200000.0,,,45300000.0,1900000.0,7100000.0,28400000.0,431400000.0,,,-7500000.0,,202900000.0,48400000.0,15700000.0,,-276400000.0,,40500000.0,-158300000.0,-23500000.0,111500000.0
2015-09-30,594700000.0,438600000.0,,,97100000.0,535700000.0,59100000.0,,51700000.0,18100000.0,33500000.0,0.28,0.28,118300000.0,121700000.0,286300000.0,,,,,,98400000.0,795500000.0,,100400000.0,969600000.0,188500000.0,245600000.0,2299500000.0,111700000.0,,77500000.0,413000000.0,76100000.0,,,99100000.0,1375300000.0,1130100000.0,-32900000.0,924200000.0,2299500000.0,12400000.0,,-8800000.0,-36700000.0,,,14600000.0,-3500000.0,2200000.0,-1700000.0,-24600000.0,,,,,,14900000.0,,,-18100000.0,,1400000.0,13700000.0,-37800000.0,30000000.0
2015-12-31,1233700000.0,903100000.0,,,201300000.0,1104400000.0,129300000.0,-16300000.0,113000000.0,39200000.0,73800000.0,0.62,0.61,118500000.0,122000000.0,305100000.0,,,,,,113300000.0,828200000.0,,106000000.0,975400000.0,191200000.0,252700000.0,2353600000.0,113000000.0,,67500000.0,428400000.0,80400000.0,,,101100000.0,1412000000.0,1134800000.0,-38000000.0,941500000.0,2353600000.0,25800000.0,,-13800000.0,-36700000.0,,,23800000.0,-14000000.0,-6300000.0,3200000.0,42600000.0,,,,,13300000.0,28700000.0,8200000.0,,-52000000.0,,5500000.0,2500000.0,-19000000.0,78600000.0
2016-03-31,1922500000.0,1389600000.0,,,303000000.0,1692600000.0,229900000.0,-23500000.0,206400000.0,68900000.0,137400000.0,1.16,1.13,118300000.0,121800000.0,354400000.0,,,,,,145600000.0,1003800000.0,,108200000.0,973300000.0,181600000.0,257000000.0,2524000000.0,123800000.0,,166000000.0,581300000.0,76300000.0,,,103100000.0,1621500000.0,1163200000.0,-47700000.0,902600000.0,2524000000.0,39200000.0,,-20600000.0,56000000.0,,,44300000.0,6800000.0,90900000.0,5000000.0,161100000.0,,,,,15400000.0,43100000.0,13000000.0,3400000.0,-78200000.0,,11100000.0,-38900000.0,30400000.0,89200000.0
2016-06-30,2897000000.0,1975900000.0,,,420900000.0,2396800000.0,468900000.0,-31400000.0,468900000.0,161400000.0,,2.6,2.53,118300000.0,121600000.0,727700000.0,100000.0,,8200000.0,102800000.0,,108000000.0,1289100000.0,35500000.0,112200000.0,999300000.0,210300000.0,268900000.0,2879800000.0,133200000.0,,82700000.0,693000000.0,70300000.0,61600000.0,,111800000.0,1834300000.0,1297800000.0,-38200000.0,1045500000.0,2879800000.0,52600000.0,43100000.0,-5900000.0,5300000.0,,,59500000.0,6200000.0,2900000.0,6500000.0,437700000.0,,,-4900000.0,,53000000.0,57700000.0,,,-136900000.0,,21300000.0,108600000.0,403700000.0,122400000.0
2016-09-30,895300000.0,717900000.0,,,111300000.0,829300000.0,66000000.0,,51500000.0,17900000.0,33700000.0,0.28,0.28,118500000.0,121600000.0,227400000.0,,,,,,159000000.0,885800000.0,,130700000.0,1239500000.0,389000000.0,297300000.0,2942300000.0,134100000.0,,74400000.0,641800000.0,69600000.0,,,117300000.0,1891000000.0,1292400000.0,-48900000.0,1051300000.0,2942300000.0,17500000.0,,-7800000.0,-44400000.0,,,27100000.0,-7900000.0,-11700000.0,7300000.0,-87400000.0,,,,,402000000.0,7200000.0,90000000.0,,-508400000.0,,20900000.0,96100000.0,-500300000.0,55000000.0
2016-12-31,1787900000.0,1425700000.0,,,237300000.0,1663100000.0,124900000.0,,97200000.0,33400000.0,63800000.0,0.54,0.52,118700000.0,121500000.0,235700000.0,,,,,,148100000.0,899400000.0,,145500000.0,1139600000.0,485900000.0,296800000.0,2967300000.0,140600000.0,,78500000.0,638200000.0,71600000.0,,,117700000.0,1981500000.0,1283500000.0,-60900000.0,985800000.0,2967300000.0,34500000.0,,-8900000.0,-29300000.0,,,57400000.0,-1900000.0,-5500000.0,9300000.0,-5500000.0,,,,,428400000.0,19900000.0,90000000.0,,-553400000.0,,22000000.0,70200000.0,-492000000.0,74900000.0
2017-03-31,2796800000.0,2199500000.0,,,362800000.0,2562300000.0,234600000.0,,203500000.0,63800000.0,139700000.0,1.18,1.15,118300000.0,121300000.0,269500000.0,,,,,,187500000.0,1118200000.0,,169500000.0,1161500000.0,483900000.0,308800000.0,3242000000.0,191900000.0,,205000000.0,885900000.0,75000000.0,,,126400000.0,2299700000.0,1320800000.0,-60500000.0,942300000.0,3242000000.0,51200000.0,,-16100000.0,114600000.0,,,76800000.0,42500000.0,118300000.0,20700000.0,162100000.0,,,,,448100000.0,51700000.0,90000000.0,900000.0,-613000000.0,,29000000.0,-4900000.0,-458200000.0,87700000.0
2017-06-30,4142600000.0,3109600000.0,1033000000.0,,501400000.0,3611000000.0,531600000.0,,488100000.0,161400000.0,,2.77,2.7,118000000.0,120800000.0,271100000.0,100000.0,,17200000.0,117000000.0,,129000000.0,989600000.0,51700000.0,198100000.0,1159300000.0,486400000.0,316400000.0,3149800000.0,167200000.0,,82400000.0,744900000.0,74300000.0,82000000.0,,142700000.0,2146000000.0,1469400000.0,-55800000.0,1003800000.0,3149800000.0,68600000.0,46100000.0,-14700000.0,44400000.0,,,90700000.0,16200000.0,-4500000.0,23200000.0,515900000.0,,,,,448700000.0,85400000.0,90000000.0,900000.0,-659300000.0,,40600000.0,-311700000.0,-456700000.0,113400000.0
2017-09-30,924800000.0,726600000.0,,,113800000.0,840300000.0,84400000.0,,74300000.0,24400000.0,49900000.0,0.43,0.42,116500000.0,119800000.0,288800000.0,,,,,,121200000.0,1034300000.0,,207600000.0,1177300000.0,469900000.0,335500000.0,3224500000.0,157300000.0,,121100000.0,609400000.0,75400000.0,,,151100000.0,2186600000.0,1477000000.0,-37100000.0,1037900000.0,3224500000.0,19400000.0,,-5100000.0,32100000.0,,,24600000.0,-3000000.0,37700000.0,8100000.0,-93300000.0,,,,,3700000.0,29700000.0,0.0,,-41200000.0,,,146100000.0,17700000.0,78400000.0
2017-12-31,1937600000.0,1496400000.0,,,241700000.0,1738100000.0,199500000.0,,177800000.0,65800000.0,112000000.0,0.96,0.93,116600000.0,120300000.0,366500000.0,,,,,,109600000.0,1051200000.0,,202500000.0,1193100000.0,464100000.0,339100000.0,3249900000.0,134300000.0,,79200000.0,586000000.0,83400000.0,,,231200000.0,2175900000.0,1496300000.0,-38400000.0,1074000000.0,3249900000.0,40000000.0,,-11200000.0,-18000000.0,,,37900000.0,-9300000.0,-5500000.0,95100000.0,141800000.0,,,,,30200000.0,42100000.0,0.0,,-85400000.0,,,35400000.0,95400000.0,124900000.0
2018-03-31,3009500000.0,2299500000.0,,,380500000.0,2680000000.0,329500000.0,,303000000.0,81900000.0,221100000.0,1.89,1.84,116900000.0,120900000.0,352100000.0,,,,,,136900000.0,1203000000.0,,197900000.0,1231300000.0,490200000.0,362400000.0,3484700000.0,147400000.0,,185400000.0,767300000.0,77500000.0,,,232300000.0,2323000000.0,1562600000.0,-34600000.0,1161800000.0,3484700000.0,60700000.0,,-21500000.0,121300000.0,,,69200000.0,3000000.0,99800000.0,96700000.0,274800000.0,,,,,63000000.0,54800000.0,40000000.0,0.0,-177600000.0,,,-20200000.0,81000000.0,152300000.0
2018-06-30,4329900000.0,3169600000.0,1160300000.0,,565400000.0,3735000000.0,594900000.0,,561000000.0,133100000.0,,3.66,3.56,116800000.0,120400000.0,263900000.0,100000.0,,18500000.0,77600000.0,,112200000.0,991100000.0,66900000.0,204100000.0,1254900000.0,494100000.0,360500000.0,3304700000.0,191800000.0,,106300000.0,777300000.0,,57900000.0,,246500000.0,2210400000.0,1727000000.0,-51900000.0,1094300000.0,3304700000.0,82100000.0,55100000.0,-9300000.0,18600000.0,,,83500000.0,43000000.0,20800000.0,108300000.0,693600000.0,,,,,108300000.0,76700000.0,40000000.0,3100000.0,-249300000.0,,0.0,-449900000.0,-7200000.0,177600000.0
2018-09-30,972800000.0,739000000.0,,,133700000.0,872700000.0,100100000.0,,89300000.0,12600000.0,76700000.0,0.66,0.64,116400000.0,119700000.0,204700000.0,100000.0,,,,,113100000.0,967900000.0,75800000.0,192500000.0,1258000000.0,470800000.0,492600000.0,3381700000.0,128400000.0,,101500000.0,573300000.0,,,,207800000.0,2147700000.0,1850000000.0,-63500000.0,1234000000.0,3381700000.0,21200000.0,,-1400000.0,1000000.0,,,45600000.0,,,13600000.0,-95500000.0,,,,,0.0,8700000.0,,800000.0,-16300000.0,,,54200000.0,-59300000.0,30200000.0
2018-12-31,1926200000.0,1473000000.0,,,274900000.0,1747900000.0,178300000.0,,153600000.0,27000000.0,126600000.0,1.09,1.06,116300000.0,119400000.0,249800000.0,200000.0,,,,,109300000.0,966400000.0,71300000.0,187900000.0,1254300000.0,445400000.0,503600000.0,3357600000.0,137500000.0,,88800000.0,597900000.0,,,,199700000.0,2234900000.0,1843800000.0,-69200000.0,1122600000.0,3357600000.0,42500000.0,,-10000000.0,-11000000.0,,,87300000.0,,,52800000.0,82100000.0,,,,,0.0,21000000.0,,1800000.0,-32000000.0,,,-61900000.0,-14100000.0,61600000.0
2019-03-31,3151000000.0,2320300000.0,,,418700000.0,2739100000.0,411900000.0,,377200000.0,78400000.0,298800000.0,2.57,2.51,116100000.0,119100000.0,292100000.0,400000.0,,,,,110500000.0,1195400000.0,78700000.0,183400000.0,1256600000.0,427100000.0,539600000.0,3602100000.0,151900000.0,,94700000.0,705200000.0,,,,197400000.0,2336500000.0,1959900000.0,-64100000.0,1265600000.0,3602100000.0,63700000.0,,17400000.0,174000000.0,,,140900000.0,,,51900000.0,217900000.0,,,,,0.0,30900000.0,,2800000.0,-49100000.0,,,-138800000.0,28200000.0,82600000.0
2019-06-30,4362200000.0,3131900000.0,1230200000.0,,577500000.0,3709500000.0,652700000.0,,607300000.0,125200000.0,,4.16,4.06,115900000.0,118800000.0,273200000.0,400000.0,,21100000.0,82200000.0,,105200000.0,1042300000.0,81800000.0,189000000.0,1500000000.0,556200000.0,593100000.0,3880700000.0,133700000.0,,90900000.0,802600000.0,,86700000.0,,232800000.0,2753200000.0,2087700000.0,-71200000.0,1127500000.0,3880700000.0,85200000.0,58400000.0,-3500000.0,34900000.0,,,188300000.0,,15100000.0,83800000.0,617000000.0,,,,,354700000.0,50600000.0,0.0,6300000.0,-433500000.0,,0.0,-173100000.0,9200000.0,119500000.0
2019-09-30,948600000.0,727500000.0,,,148000000.0,875400000.0,73100000.0,,63800000.0,7900000.0,55900000.0,0.49,0.48,114400000.0,117100000.0,358300000.0,300000.0,,,,,136200000.0,1095100000.0,95800000.0,186200000.0,1495100000.0,546800000.0,896900000.0,4220100000.0,89600000.0,,93500000.0,1040900000.0,,,,416300000.0,3076600000.0,2082000000.0,-79500000.0,1143400000.0,4220100000.0,20500000.0,,7500000.0,-63800000.0,,,74400000.0,,,9400000.0,-86400000.0,,,,,48100000.0,14100000.0,,17900000.0,-86300000.0,,,258100000.0,85100000.0,41500000.0
2019-12-31,1917200000.0,1508400000.0,,,309000000.0,1817300000.0,99900000.0,,74300000.0,8300000.0,66000000.0,0.58,0.56,114700000.0,117200000.0,234000000.0,400000.0,,,,,160700000.0,1010600000.0,99700000.0,137500000.0,1660800000.0,611200000.0,964500000.0,4384600000.0,92700000.0,,109900000.0,1124800000.0,,,,435900000.0,3259200000.0,2030100000.0,-67700000.0,1125400000.0,4384600000.0,41400000.0,,-800000.0,-53200000.0,,,,,,,11500000.0,,,,,269600000.0,31600000.0,,18700000.0,-331200000.0,,,280500000.0,-39200000.0,60600000.0
2020-03-31,3167100000.0,2380900000.0,,,460100000.0,2841000000.0,326100000.0,,284800000.0,52000000.0,232800000.0,2.03,1.99,114600000.0,117100000.0,402100000.0,500000.0,,,,,144200000.0,1361000000.0,95300000.0,153900000.0,1704500000.0,611400000.0,1082600000.0,4913500000.0,146500000.0,,118000000.0,1255000000.0,,,,503600000.0,3710900000.0,2135100000.0,-67200000.0,1202500000.0,4913500000.0,56500000.0,,9700000.0,142700000.0,,,,,,,155600000.0,,,,,339100000.0,48500000.0,,15300000.0,-427900000.0,,,401600000.0,128900000.0,73100000.0
2020-06-30,4529000000.0,3265100000.0,1263900000.0,,639000000.0,3904100000.0,624900000.0,,,117000000.0,462500000.0,4.03,3.95,114700000.0,117000000.0,476600000.0,500000.0,,21500000.0,88800000.0,,140100000.0,1328000000.0,102000000.0,161600000.0,1674500000.0,583800000.0,1141900000.0,4889800000.0,151800000.0,,111200000.0,1341000000.0,,126800000.0,,512400000.0,3543200000.0,2302600000.0,-100400000.0,1346500000.0,4889800000.0,73800000.0,60800000.0,29000000.0,33500000.0,,,,,12200000.0,76400000.0,598200000.0,,,,,339100000.0,62700000.0,0.0,3800000.0,-441700000.0,,,51200000.0,203400000.0,100900000.0
2020-09-30,1017400000.0,787100000.0,,,151700000.0,938800000.0,78600000.0,,,7800000.0,65800000.0,0.57,0.56,115300000.0,117400000.0,356600000.0,400000.0,,,,,144400000.0,1120000000.0,108500000.0,161700000.0,1701400000.0,560500000.0,1206100000.0,4749700000.0,120000000.0,,111600000.0,743900000.0,,,,508600000.0,3335900000.0,2302100000.0,-62900000.0,1413800000.0,4749700000.0,15400000.0,,4700000.0,-101100000.0,,,,,,,-44200000.0,,,,,0.0,14300000.0,,2700000.0,-8700000.0,,,-72700000.0,-120000000.0,45800000.0
2020-12-31,2072300000.0,1593500000.0,,,320700000.0,1914300000.0,158100000.0,,,20900000.0,122100000.0,1.06,1.04,115700000.0,117800000.0,365600000.0,600000.0,,,,,157900000.0,1148500000.0,114500000.0,167100000.0,1705600000.0,543000000.0,1294100000.0,4858300000.0,131600000.0,,118900000.0,837900000.0,,,,499100000.0,3424300000.0,2291800000.0,-57100000.0,1434000000.0,4858300000.0,31300000.0,,10900000.0,-100300000.0,,,,,,,83300000.0,,,,,0.0,30100000.0,,11000000.0,-43900000.0,,,-156600000.0,-111000000.0,60000000.0
2021-03-31,3462100000.0,2554100000.0,,,510800000.0,3064800000.0,397300000.0,,,72700000.0,287100000.0,2.48,2.44,115800000.0,118000000.0,355800000.0,1000000.0,,,,,151800000.0,1378600000.0,114000000.0,167200000.0,1723300000.0,546800000.0,1370900000.0,5186800000.0,182300000.0,,126500000.0,1002600000.0,,,,511900000.0,3597400000.0,2390200000.0,-24100000.0,1589300000.0,5186800000.0,47600000.0,,24200000.0,138300000.0,,,,,,,189500000.0,,,,,0.0,41500000.0,,11800000.0,-65000000.0,,,-255100000.0,-120800000.0,70600000.0
2021-06-30,4993700000.0,3570800000.0,1423000000.0,,744300000.0,4315000000.0,678700000.0,,,148700000.0,547500000.0,4.73,4.65,115700000.0,117800000.0,274500000.0,700000.0,,23200000.0,123000000.0,,166400000.0,1261300000.0,120600000.0,177200000.0,3720100000.0,1425000000.0,1536200000.0,8119800000.0,248900000.0,,185300000.0,1288000000.0,,,,537200000.0,6310600000.0,2583800000.0,9200000.0,1809100000.0,8119800000.0,67400000.0,58600000.0,52000000.0,42400000.0,,,,,12400000.0,84000000.0,640100000.0,,,,,2603600000.0,51900000.0,,34000000.0,-2653700000.0,,,1797800000.0,-202100000.0,98000000.0
2021-09-30,1192900000.0,914100000.0,,,175500000.0,1089600000.0,103300000.0,,,11000000.0,67200000.0,0.58,0.57,116200000.0,118300000.0,316700000.0,600000.0,,,,,164400000.0,1211100000.0,127600000.0,167200000.0,3677300000.0,1346200000.0,755700000.0,8028400000.0,156900000.0,,176700000.0,966800000.0,,,,549200000.0,6274500000.0,2576600000.0,-60900000.0,1753800000.0,8028400000.0,20400000.0,,-3000000.0,-96600000.0,,,,,,,-135400000.0,,,,,13300000.0,5700000.0,,7100000.0,-36400000.0,,,217000000.0,42200000.0,45600000.0
2021-12-31,2452500000.0,1892500000.0,,,387800000.0,2280300000.0,172100000.0,,,15700000.0,114400000.0,0.98,0.97,116600000.0,118700000.0,281200000.0,700000.0,,,,,205900000.0,1266600000.0,132900000.0,169700000.0,3663800000.0,1253000000.0,768100000.0,8115900000.0,192200000.0,,209200000.0,1087800000.0,,,,524200000.0,6367900000.0,2549100000.0,-91900000.0,1748100000.0,8115900000.0,41100000.0,,16400000.0,-49200000.0,,,,,,,-94600000.0,,,,,13300000.0,11300000.0,,11400000.0,-53900000.0,,,159200000.0,6600000.0,57300000.0
2022-03-31,3986200000.0,2970100000.0,,,597900000.0,3568000000.0,418200000.0,,,62400000.0,291000000.0,2.5,2.46,116800000.0,118600000.0,277200000.0,600000.0,,,,,229900000.0,1495100000.0,126900000.0,164700000.0,3578400000.0,1170500000.0,818400000.0,8349500000.0,197500000.0,,211100000.0,1176800000.0,,,,536400000.0,6528400000.0,2650900000.0,-149500000.0,1821000000.0,8349500000.0,62400000.0,,47700000.0,134700000.0,,,,,,,-13900000.0,,,,,13300000.0,21900000.0,,13200000.0,-81000000.0,,,103600000.0,2700000.0,68400000.0
2022-06-30,5709100000.0,4116900000.0,,,832300000.0,4949200000.0,759900000.0,,,133100000.0,539100000.0,4.62,4.55,116700000.0,118500000.0,224700000.0,600000.0,,29300000.0,136500000.0,,156800000.0,1328400000.0,118000000.0,150900000.0,3484900000.0,1077100000.0,895300000.0,8168800000.0,244900000.0,,198500000.0,1313400000.0,,,,481500000.0,6249800000.0,2824000000.0,-226300000.0,1919100000.0,8168800000.0,82400000.0,68400000.0,50700000.0,85400000.0,,,,,30200000.0,,443500000.0,,,,,13300000.0,29000000.0,,24000000.0,-110400000.0,,,-370800000.0,-49900000.0,77400000.0
2022-09-30,1283300000.0,990400000.0,,,205300000.0,1195700000.0,87500000.0,,,5000000.0,50400000.0,0.43,0.42,117500000.0,118900000.0,227100000.0,600000.0,,,,,154900000.0,1222000000.0,121000000.0,145100000.0,3434000000.0,1003300000.0,926500000.0,8090600000.0,167100000.0,,175700000.0,991700000.0,,,,470300000.0,6186900000.0,2789100000.0,-249200000.0,1903700000.0,8090600000.0,20700000.0,,-9700000.0,-115600000.0,,,,,,,-204500000.0,,,,,0.0,5500000.0,,0.0,-13600000.0,,,222800000.0,2400000.0,34300000.0
2022-12-31,2576200000.0,1978700000.0,,,402100000.0,2380800000.0,195400000.0,,,19300000.0,108000000.0,0.92,0.91,117700000.0,118900000.0,280000000.0,600000.0,,,,,142500000.0,1282700000.0,127700000.0,143300000.0,3388200000.0,931200000.0,867900000.0,8051300000.0,169800000.0,,194700000.0,1018900000.0,,,,474800000.0,6264700000.0,2761300000.0,-361000000.0,1786600000.0,8051300000.0,42500000.0,,-35300000.0,-110900000.0,,,,,,,-81400000.0,,,,,0.0,15900000.0,,2000000.0,-35100000.0,,,176900000.0,55300000.0,47600000.0
2023-03-31,4221900000.0,3116400000.0,,,623300000.0,3739700000.0,482200000.0,,,70900000.0,306500000.0,2.61,2.58,117700000.0,119100000.0,331600000.0,700000.0,,,,,140400000.0,1568200000.0,132800000.0,138100000.0,3447200000.0,892900000.0,866400000.0,8432300000.0,183800000.0,,204200000.0,1163000000.0,,,,483300000.0,6433400000.0,2874500000.0,-284200000.0,1998900000.0,8432300000.0,63700000.0,,-49500000.0,112200000.0,,,,,,,94100000.0,,,,,0.0,21400000.0,,2300000.0,-49100000.0,,,63300000.0,106900000.0,93300000.0
2023-06-30,6060900000.0,4275500000.0,,,849000000.0,5124500000.0,936400000.0,,,164300000.0,630600000.0,5.36,5.3,117700000.0,119000000.0,252300000.0,700000.0,,34100000.0,226200000.0,,166200000.0,1392500000.0,141300000.0,145700000.0,3461600000.0,1467200000.0,829200000.0,8233200000.0,157300000.0,,199800000.0,2397800000.0,,,,476000000.0,5992600000.0,3113000000.0,-284700000.0,2240600000.0,8233200000.0,84400000.0,73100000.0,-50800000.0,-19600000.0,,,,,,,823300000.0,,,,,0.0,38400000.0,,5300000.0,-80400000.0,,,-714700000.0,27600000.0,180200000.0
2023-09-30,1431100000.0,1075300000.0,,,207300000.0,1282600000.0,148400000.0,,,22000000.0,90900000.0,0.77,0.76,117900000.0,119200000.0,234000000.0,700000.0,,,,,176700000.0,1326900000.0,144300000.0,144000000.0,3444500000.0,1403700000.0,817500000.0,8071200000.0,143200000.0,,180300000.0,924000000.0,,,,469900000.0,5958400000.0,3109800000.0,-301000000.0,2112700000.0,8071200000.0,29400000.0,,2200000.0,-68400000.0,,,,,,,-62000000.0,,,,,,4700000.0,,,-14400000.0,,,57300000.0,-18300000.0,70100000.0
2023-12-31,2836000000.0,2132500000.0,,,430800000.0,2563200000.0,272800000.0,,,39400000.0,161200000.0,1.37,1.35,117800000.0,119100000.0,277000000.0,700000.0,,,,,194400000.0,1363600000.0,158400000.0,143200000.0,3429300000.0,1347600000.0,785500000.0,7999800000.0,136500000.0,,192800000.0,971200000.0,,,,479400000.0,5932200000.0,3085900000.0,-350000000.0,2067600000.0,7999800000.0,59100000.0,,-39200000.0,-106600000.0,,,,,,,127800000.0,,,,,,16800000.0,,0.0,-36400000.0,,,-66200000.0,24700000.0,142400000.0
2024-03-31,4562500000.0,3319800000.0,,,667000000.0,3986800000.0,575700000.0,,,92300000.0,374900000.0,3.18,3.14,117800000.0,119400000.0,235600000.0,800000.0,,,,,164300000.0,1565100000.0,165000000.0,155000000.0,3451900000.0,1317200000.0,821000000.0,8215400000.0,158100000.0,,229000000.0,1122400000.0,,,,498400000.0,5948200000.0,3205300000.0,-313600000.0,2267200000.0,8215400000.0,89600000.0,,-62900000.0,145900000.0,,,,,,,335200000.0,,,,,,39600000.0,,0.0,-76600000.0,,,-275100000.0,-16700000.0,172500000.0
2024-06-30,6506800000.0,4572900000.0,,,916800000.0,5489700000.0,1017100000.0,,,179300000.0,698100000.0,5.93,5.86,117700000.0,119100000.0,304400000.0,800000.0,,30500000.0,378100000.0,,170900000.0,1540900000.0,170600000.0,162200000.0,3469400000.0,1307200000.0,870600000.0,8242400000.0,314000000.0,,227400000.0,1421800000.0,,,,550900000.0,6074200000.0,3435100000.0,-331700000.0,2168200000.0,8242400000.0,119800000.0,70600000.0,-119700000.0,37400000.0,,,,,,,1056200000.0,,,,,34300000.0,57400000.0,,800000.0,-148000000.0,,,-855500000.0,52100000.0,240200000.0
2024-09-30,1422900000.0,1075000000.0,,,213400000.0,1288400000.0,134400000.0,,,20500000.0,79800000.0,0.68,0.68,116900000.0,118100000.0,292800000.0,700000.0,,,,,162200000.0,1350200000.0,185200000.0,160300000.0,3511700000.0,1265400000.0,847400000.0,8017100000.0,168000000.0,,201100000.0,972400000.0,,,,538500000.0,5810700000.0,3412000000.0,-302500000.0,2206400000.0,8017100000.0,32300000.0,,-17300000.0,-179800000.0,,,,,,,-125500000.0,,,,,8000000.0,7900000.0,,,-40100000.0,,,151800000.0,-11600000.0,115100000.0
,,,,,,,,,,,,,,,,,,,,,,,,,,,,,,,,,,,,,,,,,,,,,,,,,,,,,,,,,,,,,,,,,,,
,,,,,,,,,,,,,,,,,,,,,,,,,,,,,,,,,,,,,,,,,,,,,,,,,,,,,,,,,,,,,,,,,,,
,,,,,,,,,,,,,,,,,,,,,,,,,,,,,,,,,,,,,,,,,,,,,,,,,,,,,,,,,,,,,,,,,,,
