Date,Net sales,Cost of sales,Gross margin,Research and development,"Selling, general and administrative",Total operating expenses,Operating income,"Other income/(expense), net",Income before provision for income taxes,Provision for income taxes,Net income,Earnings per share basic,Earnings per share diluted,Weighted-average basic,Weighted-average diluted,Cash and cash equivalents,Short-term marketable securities,"Accounts receivable, net",Inventories,Deferred tax assets,Vendor non-trade receivables,Other current assets,Total current assets,Long-term marketable securities,"Property, Plant and Equipment, Net",Goodwill,"Acquired intangible assets, net","Other Assets, Noncurrent",Total assets,accounts payable,Accrued expenses,Deferred revenue,Total current liabilities,Deferred revenue - non-current,deferred tax liabilities,long term taxes payable,Total other non-current liabilities,Total liabilities,Retained Earnings (Accumulated Deficit),Accumulated other comprehensive (loss)/income,Total shareholders equity,Total liabilities and shareholders' equity,"Depreciation, amortization and accretion",Stock-based compensation expense,Deferred income tax expense,"Increase (Decrease) in Accounts receivable, net",Increase (Decrease) in Inventories,Increase (Decrease) in Other Receivables,Increase (Decrease) in Other Operating Assets,Increase (Decrease) in Accounts Payable,Increase (Decrease) in Deferred Revenue,Increase (Decrease) Other liabilities,Cash generated by operating activities,Purchases of marketable securities,Proceeds from maturities of marketable securities,Proceeds from sales of marketable securities,Purchases of other long-term investments,"Business acquisitions, net of cash acquired",Cash payments for capital asset purchases,Payments for acquisition of intangible assets,Payments for (Proceeds from) Other Investing Activities,Cash used in investing activities,Proceeds from issuance of common stock,Excess tax benefits from stock-based compensation,Cash generated/used in financing activities,Increase/(decrease) in cash and cash equivalents,"Cash paid for income taxes, net"
2010-09-30,743554000.0,,,,,529423000.0,,,214131000.0,84525000.0,129606000.0,0.91,0.9,138093000.0,139507000.0,257151000.0,,,,,,19284000.0,669721000.0,,59721000.0,1167199000.0,478985000.0,12185000.0,2387811000.0,21303000.0,87626000.0,,594326000.0,,130905000.0,,31151000.0,,1184328000.0,5000.0,1481362000.0,2387811000.0,,5230000.0,27087000.0,,,,7399000.0,3631000.0,,1649000.0,226205000.0,,,,,119373000.0,7248000.0,,,-124968000.0,,264000.0,-41199000.0,60038000.0,
2010-12-31,973492000.0,,,,,707394000.0,,,266098000.0,104346000.0,161752000.0,1.14,1.12,137924000.0,139318000.0,272984000.0,,,,20076000.0,,14031000.0,652809000.0,,59713000.0,1194827000.0,481900000.0,11565000.0,2400814000.0,33693000.0,94947000.0,,470157000.0,,146482000.0,,27764000.0,,1205061000.0,7000.0,1506344000.0,2400814000.0,,6845000.0,22587000.0,,,,-14529000.0,28246000.0,,-5233000.0,296052000.0,,,,,157637000.0,10454000.0,,,-166491000.0,,11391000.0,-53690000.0,75871000.0,
2011-03-31,262228000.0,,,,,185558000.0,,,76670000.0,30377000.0,46293000.0,0.32,0.32,138351000.0,140648000.0,265682000.0,,,,8235000.0,,25242000.0,654963000.0,,59574000.0,1225357000.0,485530000.0,18572000.0,2443996000.0,31627000.0,64709000.0,,459848000.0,,153160000.0,,36509000.0,,1239954000.0,6000.0,1544412000.0,2443996000.0,,2773000.0,18520000.0,,,,12106000.0,-1871000.0,,-97000.0,51604000.0,,,,,43855000.0,2917000.0,,,-46452000.0,,91000.0,-12454000.0,-7302000.0,
2011-06-30,509044000.0,,,,,370906000.0,,,138138000.0,54810000.0,83328000.0,0.58,0.57,138379000.0,140950000.0,278866000.0,,,,8143000.0,,34524000.0,697061000.0,,60039000.0,1261627000.0,488367000.0,17778000.0,2524872000.0,31805000.0,85637000.0,,502971000.0,,159900000.0,,39003000.0,,1265553000.0,5000.0,1572931000.0,2524872000.0,,5482000.0,24444000.0,,,,-20560000.0,241000.0,,-4042000.0,123598000.0,,,,,85610000.0,6513000.0,,,-91275000.0,,132000.0,-26441000.0,5882000.0,
2011-09-30,769445000.0,,,,,558615000.0,,,210830000.0,83329000.0,127501000.0,0.89,0.88,138690000.0,140443000.0,334497000.0,,,,8837000.0,,23664000.0,732694000.0,,59807000.0,1268957000.0,481930000.0,17915000.0,2561303000.0,24062000.0,90641000.0,,488281000.0,,167074000.0,,38784000.0,,1298256000.0,1000.0,1616561000.0,2561303000.0,,8338000.0,30927000.0,,,,9150000.0,-5157000.0,,-5099000.0,201223000.0,,,,,99060000.0,9507000.0,,,-106984000.0,,228000.0,-32726000.0,61513000.0,
2011-12-31,1013542000.0,,,,,743021000.0,,,270521000.0,106526000.0,163995000.0,1.15,1.13,138582000.0,140264000.0,286305000.0,,,,19863000.0,,23540000.0,708127000.0,,61360000.0,1323469000.0,496182000.0,17873000.0,2607011000.0,22384000.0,100865000.0,,481620000.0,,178052000.0,,53343000.0,,1322562000.0,7000.0,1643963000.0,2607011000.0,,11194000.0,30328000.0,,,,7322000.0,-2807000.0,,-5811000.0,237531000.0,,,,,166055000.0,13608000.0,,,-175725000.0,,916000.0,-48485000.0,13321000.0,
2012-03-31,302486000.0,,,,,219696000.0,,,82790000.0,33357000.0,49433000.0,0.34,0.34,139001000.0,141500000.0,155714000.0,,,,15579000.0,,35341000.0,697791000.0,,68298000.0,1649420000.0,581267000.0,20671000.0,3017447000.0,46479000.0,85522000.0,,601222000.0,,215349000.0,,65783000.0,,1359817000.0,,1685050000.0,3017447000.0,,3747000.0,18435000.0,,,,-1858000.0,22484000.0,,-13275000.0,25788000.0,,,,,341758000.0,5905000.0,,,-343540000.0,,29000.0,187161000.0,-130591000.0,
2012-06-30,593402000.0,,,,,439467000.0,,,153935000.0,62031000.0,91904000.0,0.64,0.63,139086000.0,141828000.0,193712000.0,,,,16281000.0,,45018000.0,751038000.0,,70986000.0,1674903000.0,577203000.0,23161000.0,3097291000.0,55802000.0,94546000.0,,641279000.0,,222773000.0,,64959000.0,,1390109000.0,,1718247000.0,3097291000.0,,7485000.0,25385000.0,,,,9747000.0,33269000.0,,-23903000.0,112749000.0,,,,,369733000.0,12677000.0,,,-377969000.0,,55000.0,172627000.0,-92593000.0,
2012-09-30,897202000.0,,,,,661618000.0,,,235584000.0,94176000.0,141408000.0,0.99,0.97,139465000.0,142097000.0,244637000.0,,,,18792000.0,,32794000.0,785508000.0,,73191000.0,1686460000.0,567489000.0,22081000.0,3134729000.0,57046000.0,120667000.0,,623599000.0,,229458000.0,,62858000.0,,1427379000.0,,1768814000.0,3134729000.0,,11393000.0,30233000.0,,,,-3400000.0,23677000.0,,-19083000.0,188976000.0,,,,,384596000.0,18915000.0,,,-398779000.0,,279000.0,168135000.0,-41668000.0,
2012-12-31,1200032000.0,,,,,895221000.0,,,304811000.0,120766000.0,184045000.0,1.28,1.26,139364000.0,142010000.0,219821000.0,,,,24408000.0,,39811000.0,759512000.0,,74337000.0,1711514000.0,566538000.0,16157000.0,3128058000.0,48524000.0,79593000.0,,567781000.0,,237630000.0,,65314000.0,,1457073000.0,,1807333000.0,3128058000.0,,15865000.0,32723000.0,,,,-2145000.0,36505000.0,,-23937000.0,220315000.0,,,,,425054000.0,24028000.0,,,-435500000.0,,8659000.0,148701000.0,-66484000.0,
2013-03-31,335012000.0,,,,,235521000.0,,,99491000.0,39360000.0,60131000.0,0.42,0.41,140796000.0,142947000.0,340206000.0,,,,16041000.0,,27488000.0,881613000.0,,73067000.0,1709279000.0,550689000.0,15712000.0,3230360000.0,63303000.0,85285000.0,,617314000.0,,244883000.0,,58907000.0,,1504251000.0,,1859256000.0,3230360000.0,,3850000.0,15620000.0,,,,-12919000.0,19308000.0,,-7312000.0,137021000.0,,,,,61000.0,2947000.0,,,-1809000.0,,252000.0,-14827000.0,120385000.0,
2013-06-30,660804000.0,,,,,475092000.0,,,185712000.0,73574000.0,112138000.0,0.78,0.77,140836000.0,143021000.0,385525000.0,,,,15051000.0,,38767000.0,972572000.0,,72929000.0,1722828000.0,538767000.0,19224000.0,3326320000.0,46884000.0,107153000.0,,661815000.0,,249195000.0,,63252000.0,,1543299000.0,,1902058000.0,3326320000.0,,7473000.0,20922000.0,,,,1386000.0,6725000.0,,-6263000.0,221885000.0,,,,,14384000.0,7123000.0,,,-25015000.0,,307000.0,-31166000.0,165704000.0,
2013-09-30,1020114000.0,,,,,738947000.0,,,281167000.0,111280000.0,169887000.0,1.18,1.16,141139000.0,142789000.0,170965000.0,,,,21268000.0,,26802000.0,843748000.0,,74482000.0,1990940000.0,625298000.0,20320000.0,3554788000.0,42460000.0,144154000.0,,861789000.0,,284257000.0,,63958000.0,,1587947000.0,,1964784000.0,3554788000.0,,14904000.0,31000000.0,,,,-11200000.0,3541000.0,,-7531000.0,309904000.0,,,,,339352000.0,11453000.0,,,-353447000.0,,562000.0,-5313000.0,-48856000.0,
2013-12-31,1363279000.0,,,,,1005670000.0,,,357609000.0,140497000.0,217112000.0,1.5,1.48,141033000.0,142624000.0,202952000.0,,,,29276000.0,,39260000.0,928036000.0,,74733000.0,2006173000.0,618888000.0,21678000.0,3649508000.0,34158000.0,157400000.0,,906877000.0,,291704000.0,,63786000.0,,1620639000.0,,2007141000.0,3649508000.0,,22603000.0,32247000.0,,,,2583000.0,5180000.0,,-12554000.0,389374000.0,,,,,367712000.0,16366000.0,,,-380632000.0,,2358000.0,-25611000.0,-16869000.0,
2014-03-31,363594000.0,,,,,276757000.0,,,86837000.0,34422000.0,52415000.0,0.36,0.36,141610000.0,143309000.0,250017000.0,,,,12380000.0,,33648000.0,964355000.0,,74576000.0,2006491000.0,601574000.0,27293000.0,3674289000.0,62416000.0,106441000.0,,792492000.0,,285514000.0,,63423000.0,,1658508000.0,,2052860000.0,3674289000.0,,7515000.0,10706000.0,,,,-128000.0,31100000.0,,-6726000.0,67145000.0,,,,,1013000.0,4727000.0,,,-5254000.0,,2258000.0,-14826000.0,47065000.0,
2014-06-30,761358000.0,,,,,572740000.0,,,188618000.0,74448000.0,114170000.0,0.79,0.78,141428000.0,143169000.0,309107000.0,,,,16312000.0,,50920000.0,1459235000.0,,86370000.0,2509280000.0,828961000.0,27432000.0,4930472000.0,55856000.0,137695000.0,,1270618000.0,,337520000.0,,72695000.0,,1705767000.0,,2081514000.0,4930472000.0,,13509000.0,14425000.0,,,,37173000.0,35461000.0,,-18232000.0,177602000.0,,,,,694737000.0,12577000.0,,,-704251000.0,,2467000.0,632804000.0,106155000.0,
2014-09-30,1182776000.0,,,,,881473000.0,,,301303000.0,118802000.0,182501000.0,1.26,1.24,141253000.0,143102000.0,382092000.0,,,,19376000.0,,35698000.0,1485895000.0,,88176000.0,2512508000.0,805699000.0,33481000.0,4945748000.0,47647000.0,172742000.0,,1263026000.0,,345558000.0,,72187000.0,,1759593000.0,-9000.0,2105295000.0,4945748000.0,,19149000.0,17200000.0,,,,4957000.0,26375000.0,,-18453000.0,285350000.0,,,,,694816000.0,20189000.0,,,-711702000.0,,2983000.0,605492000.0,179140000.0,
2014-12-31,1575796000.0,,,,,1236047000.0,,,339749000.0,132853000.0,206896000.0,1.43,1.41,140944000.0,142891000.0,470048000.0,,,,25431000.0,,45542000.0,1570108000.0,,84668000.0,2460611000.0,784642000.0,36567000.0,4956458000.0,57261000.0,181156000.0,,1269153000.0,,341497000.0,,79217000.0,,1768201000.0,,2113745000.0,4956458000.0,,19363000.0,7369000.0,,,,12564000.0,36949000.0,,-24727000.0,385019000.0,,,,,696486000.0,24923000.0,,,-707313000.0,,3298000.0,589390000.0,267096000.0,
2015-03-31,404298000.0,,,,,310520000.0,,,93778000.0,36827000.0,56951000.0,0.4,0.39,139360000.0,141487000.0,340731000.0,,,,13906000.0,,47761000.0,1433358000.0,,83220000.0,2487791000.0,774913000.0,40874000.0,4838942000.0,82912000.0,127100000.0,,1209447000.0,,336597000.0,,85426000.0,,1809367000.0,35000.0,2061462000.0,4838942000.0,,6357000.0,6625000.0,,,,6650000.0,32019000.0,,-2215000.0,50702000.0,,,,,36195000.0,3727000.0,,,-34803000.0,,1783000.0,-145216000.0,-129317000.0,
2015-06-30,823745000.0,,,,,629053000.0,,,194692000.0,76736000.0,117956000.0,0.83,0.82,138434000.0,140647000.0,412607000.0,,,,16053000.0,,64849000.0,1547444000.0,,82805000.0,2559882000.0,772080000.0,37380000.0,5020837000.0,58942000.0,162019000.0,,1328339000.0,,340244000.0,,106900000.0,,1854877000.0,15000.0,2113054000.0,5020837000.0,,12459000.0,10745000.0,,,,20068000.0,16375000.0,,-2594000.0,227384000.0,,,,,105056000.0,8597000.0,,,-110568000.0,,1827000.0,-174257000.0,-57441000.0,
2015-09-30,1255912000.0,,,,,948390000.0,,,307522000.0,122139000.0,185383000.0,1.31,1.29,138181000.0,140446000.0,448818000.0,,,,17152000.0,,58290000.0,1543849000.0,,81338000.0,2559005000.0,758096000.0,36961000.0,5002192000.0,56877000.0,172404000.0,,1264547000.0,,347615000.0,,85706000.0,,1906744000.0,40000.0,2185735000.0,5002192000.0,,17348000.0,16974000.0,,,,13076000.0,27793000.0,,-26610000.0,290641000.0,,,,,109926000.0,12773000.0,,,-120320000.0,,2502000.0,-191551000.0,-21230000.0,
2015-12-31,1660509000.0,,,,,1257950000.0,,,402559000.0,159241000.0,243318000.0,1.72,1.7,137810000.0,140112000.0,443420000.0,,,,24635000.0,,50351000.0,1537389000.0,,81753000.0,2586683000.0,744680000.0,44142000.0,5012739000.0,63910000.0,192067000.0,,1328547000.0,,360949000.0,,93589000.0,,1947411000.0,,2149776000.0,5012739000.0,,15513000.0,22696000.0,,,,5318000.0,34206000.0,,-23898000.0,411848000.0,,,,,136000000.0,18375000.0,,,-144637000.0,,3276000.0,-293839000.0,-26628000.0,
2016-03-31,424173000.0,,,,,321624000.0,,,102549000.0,40479000.0,62070000.0,0.45,0.44,135548000.0,136940000.0,401846000.0,,,,14127000.0,,67778000.0,1496621000.0,,80899000.0,2615635000.0,739555000.0,39735000.0,4992960000.0,77912000.0,143176000.0,,1283356000.0,,363583000.0,,89161000.0,,1992518000.0,,2198533000.0,4992960000.0,,2772000.0,9933000.0,,,,21247000.0,22962000.0,,-3436000.0,31900000.0,,,,,40603000.0,4252000.0,,,-44890000.0,,1249000.0,-28584000.0,-41574000.0,
2016-06-30,870691000.0,,,,,659065000.0,,,211626000.0,83306000.0,128320000.0,0.92,0.91,135992000.0,137581000.0,453939000.0,,,,15552000.0,,52107000.0,1647267000.0,,80488000.0,2665347000.0,745352000.0,45431000.0,5206877000.0,91594000.0,163523000.0,,1457655000.0,,371099000.0,,80872000.0,,2041602000.0,,2252247000.0,5206877000.0,,6674000.0,15907000.0,,,,11272000.0,34156000.0,,-18346000.0,190794000.0,,,,,107290000.0,8944000.0,,,-119969000.0,,6816000.0,-60306000.0,10519000.0,
2016-09-30,1332965000.0,,,,,1004367000.0,,,328598000.0,128733000.0,199865000.0,1.43,1.41,136461000.0,138182000.0,488683000.0,,,,16961000.0,,42041000.0,1974674000.0,,77771000.0,2672365000.0,726140000.0,44770000.0,5522027000.0,53911000.0,171200000.0,,1701735000.0,,376658000.0,,87169000.0,,2095958000.0,,2324772000.0,5522027000.0,,11593000.0,20081000.0,,,,-1231000.0,13858000.0,,-17094000.0,270609000.0,,,,,113219000.0,13135000.0,,,-130559000.0,,7213000.0,-94787000.0,45263000.0,
2016-12-31,1766629000.0,,,,,1343130000.0,,,423499000.0,166008000.0,257491000.0,1.84,1.82,136139000.0,137804000.0,515646000.0,,,,24609000.0,,50571000.0,1760737000.0,,75807000.0,2675402000.0,707454000.0,44895000.0,5287343000.0,69595000.0,201989000.0,,1445157000.0,,382295000.0,,81308000.0,,2134640000.0,,2360211000.0,5287343000.0,,16052000.0,18163000.0,,,,4718000.0,30174000.0,,-25849000.0,375158000.0,,,,,122622000.0,17765000.0,,,-142412000.0,,7346000.0,-160520000.0,72226000.0,
2017-03-31,465080000.0,,,,,354113000.0,,,110967000.0,40857000.0,70110000.0,0.5,0.49,136744000.0,139026000.0,546721000.0,,,,,,44584000.0,1696965000.0,,72607000.0,2675831000.0,685519000.0,49369000.0,5197444000.0,104819000.0,124676000.0,,1337908000.0,,368323000.0,,70373000.0,,2185902000.0,,2415796000.0,5197444000.0,,8564000.0,10005000.0,,,,-1404000.0,45386000.0,,-14752000.0,90021000.0,,,,,0.0,3032000.0,,,-2143000.0,,0.0,-43072000.0,44806000.0,
2017-06-30,931385000.0,,,,,712416000.0,,,218969000.0,82757000.0,136212000.0,0.97,0.96,136718000.0,139101000.0,600296000.0,,,,,,51953000.0,1778932000.0,,72747000.0,2692104000.0,671874000.0,52476000.0,5279009000.0,103211000.0,176971000.0,,1419537000.0,,373089000.0,,62759000.0,,2233056000.0,,2458233000.0,5279009000.0,,15326000.0,14793000.0,,,,9326000.0,38510000.0,,-28449000.0,270081000.0,,,,,11526000.0,8848000.0,,,-22710000.0,,0.0,-151724000.0,95647000.0,
2017-09-30,1407031000.0,,,,,1063643000.0,,,343388000.0,131263000.0,212125000.0,1.52,1.49,136592000.0,139011000.0,546520000.0,,,,,,45545000.0,3916383000.0,,71296000.0,2701488000.0,656054000.0,54971000.0,7414277000.0,63623000.0,204153000.0,,3631514000.0,,382228000.0,,56147000.0,,2290014000.0,,2483647000.0,7414277000.0,,22362000.0,23941000.0,,,,5314000.0,22113000.0,,-34802000.0,313570000.0,,,,,26478000.0,12897000.0,,,-40505000.0,,0.0,-231141000.0,41924000.0,
2017-12-31,1881347000.0,,,,,1431625000.0,,,449722000.0,50092000.0,399630000.0,2.86,2.81,136290000.0,138793000.0,573383000.0,,,,,,47864000.0,2242156000.0,,77086000.0,2716079000.0,641005000.0,57275000.0,5747550000.0,64177000.0,228748000.0,,1987474000.0,,256185000.0,,65051000.0,,2456599000.0,,2582699000.0,5747550000.0,,30631000.0,-102183000.0,,,,9747000.0,26798000.0,,-32252000.0,441975000.0,,,,,41471000.0,24192000.0,,,-62590000.0,,0.0,-336580000.0,42805000.0,
2018-03-31,501461000.0,,,,,383020000.0,,,118441000.0,27613000.0,90828000.0,0.33,0.32,270172000.0,275714000.0,558248000.0,,,,,,92898000.0,2074602000.0,,81131000.0,2747446000.0,630283000.0,64063000.0,5615083000.0,125034000.0,157028000.0,,1634632000.0,,288653000.0,,69657000.0,,2644191000.0,,2770593000.0,5615083000.0,,7295000.0,-12093000.0,,,,-806000.0,52896000.0,,-2384000.0,79481000.0,,,,,33576000.0,9751000.0,,,-42796000.0,,,-34396000.0,2289000.0,
2018-06-30,974648000.0,,,,,755297000.0,,,219351000.0,54601000.0,164750000.0,0.6,0.58,270126000.0,275908000.0,477928000.0,,,,,,106724000.0,2041208000.0,,85213000.0,2845854000.0,640554000.0,68636000.0,5701557000.0,98265000.0,217898000.0,50500000.0,1656707000.0,,284309000.0,,87100000.0,,2697396000.0,,2831482000.0,5701557000.0,,15027000.0,-16437000.0,,,,15731000.0,31343000.0,,-2909000.0,277406000.0,,,,,141803000.0,19390000.0,,,-150804000.0,,,-163531000.0,-36929000.0,
2018-09-30,1505498000.0,,,,,1143647000.0,,,361851000.0,91048000.0,270803000.0,0.98,0.96,271008000.0,275614000.0,422971000.0,,,,,,95799000.0,2013178000.0,,89772000.0,2929634000.0,680226000.0,72844000.0,5802806000.0,84228000.0,234731000.0,53900000.0,1632727000.0,,284330000.0,,113980000.0,,2782504000.0,,2939408000.0,5802806000.0,,23522000.0,-16416000.0,,,,9052000.0,27817000.0,,-1539000.0,355517000.0,,,,,254836000.0,28859000.0,,,-271703000.0,,,-183215000.0,-99401000.0,
2018-12-31,2014246000.0,,,,,1551784000.0,,,462462000.0,118207000.0,344255000.0,1.24,1.22,270971000.0,275521000.0,438961000.0,,,,,,128716000.0,2167311000.0,,100395000.0,3432786000.0,898807000.0,71975000.0,6688668000.0,87345000.0,279310000.0,37000000.0,1782986000.0,,315732000.0,,132392000.0,,2833622000.0,,3000568000.0,6688668000.0,,33519000.0,15008000.0,,,,22440000.0,21880000.0,,-9232000.0,567529000.0,,,,,923874000.0,41520000.0,,,-951771000.0,,0.0,337750000.0,-46492000.0,
2019-03-31,619280000.0,,,,,470760000.0,,,148520000.0,34624000.0,113896000.0,0.41,0.4,272679000.0,275014000.0,322477000.0,,,,,,146492000.0,1994748000.0,,117364000.0,3513218000.0,907638000.0,81213000.0,6806289000.0,136467000.0,193986000.0,39600000.0,1647073000.0,,300857000.0,,160107000.0,,2925170000.0,,3098431000.0,6806289000.0,,12994000.0,-14875000.0,,,,29521000.0,56436000.0,,8321000.0,5356000.0,,,,,95081000.0,23186000.0,,,-115874000.0,,,-42191000.0,,
2019-06-30,1194499000.0,,,,,922457000.0,,,272042000.0,65553000.0,206489000.0,0.73,0.73,272621000.0,274704000.0,432548000.0,,,,,,131386000.0,2291548000.0,,122511000.0,3551661000.0,899583000.0,90541000.0,7164767000.0,98869000.0,259068000.0,41700000.0,1907110000.0,,310510000.0,,170184000.0,,2995206000.0,,3180631000.0,7164767000.0,,24128000.0,-5342000.0,,,,22122000.0,23773000.0,,15447000.0,305703000.0,,,,,146646000.0,35174000.0,,,-184479000.0,,,-84039000.0,,
2019-09-30,1813182000.0,,,,,1389302000.0,,,423880000.0,101885000.0,321995000.0,1.14,1.14,272962000.0,275075000.0,497510000.0,,,,,,133443000.0,2606937000.0,,128889000.0,3702265000.0,923418000.0,97599000.0,7680664000.0,103920000.0,272166000.0,37500000.0,2148924000.0,,322024000.0,,204536000.0,,3088174000.0,,3314523000.0,7680664000.0,,34679000.0,6172000.0,,,,23105000.0,22086000.0,,7194000.0,447120000.0,,,,,288393000.0,47358000.0,,,-339636000.0,,,-10485000.0,96999000.0,
2019-12-31,2392171000.0,,,,,1866242000.0,,,525929000.0,127415000.0,398514000.0,1.42,1.4,272471000.0,274616000.0,542174000.0,,,,,,152142000.0,2494802000.0,,148627000.0,3746094000.0,916768000.0,104864000.0,7622821000.0,99960000.0,337717000.0,41200000.0,2045361000.0,,328277000.0,,230706000.0,,3140762000.0,,3350279000.0,7622821000.0,,46994000.0,12383000.0,,,,46520000.0,17800000.0,,16298000.0,678180000.0,,,,,353043000.0,73108000.0,,,-413585000.0,,,-79216000.0,185379000.0,
2020-03-31,698495000.0,,,,,493242000.0,,,205253000.0,52853000.0,152400000.0,0.54,0.54,272776000.0,274861000.0,385788000.0,,,,,,124582000.0,2283837000.0,,159361000.0,3881576000.0,932874000.0,107766000.0,7582345000.0,151674000.0,210898000.0,37200000.0,1890619000.0,,323404000.0,,228378000.0,,3269359000.0,,3479841000.0,7582345000.0,,9047000.0,-4974000.0,,,,-24623000.0,56981000.0,,-5349000.0,33817000.0,,,,,153291000.0,16458000.0,,,-169209000.0,,,-52405000.0,-187797000.0,
2020-06-30,1297302000.0,,,,,962647000.0,,,334655000.0,85471000.0,249184000.0,0.88,0.88,273100000.0,274519000.0,623240000.0,,,,,,141736000.0,2704977000.0,,174376000.0,4023298000.0,965364000.0,121129000.0,8201058000.0,195793000.0,289960000.0,40500000.0,2258276000.0,,,,295580000.0,,3341990000.0,,3583518000.0,8201058000.0,,30087000.0,-4766000.0,,,,2691000.0,101124000.0,,442000.0,416699000.0,,,,,291424000.0,35938000.0,,,-326429000.0,,,8959000.0,99229000.0,12575000.0
2020-09-30,1971264000.0,,,,,1478081000.0,,,493183000.0,110020000.0,383163000.0,1.35,1.35,275515000.0,276933000.0,1070190000.0,,,,,,118030000.0,3163688000.0,,187611000.0,4123943000.0,977202000.0,131893000.0,8795379000.0,147208000.0,312501000.0,37500000.0,2240391000.0,,,,304823000.0,,3451880000.0,,3702010000.0,8795379000.0,,43465000.0,4598000.0,,,,-4071000.0,53041000.0,,-27725000.0,539588000.0,,,,,402358000.0,55820000.0,,,-452251000.0,,,451529000.0,538866000.0,91661000.0
2020-12-31,2613375000.0,,,,,1989276000.0,,,624099000.0,143616000.0,480483000.0,1.7,1.69,274334000.0,275867000.0,817398000.0,,,,134687000.0,,147670000.0,2958249000.0,,201115000.0,4395918000.0,1049660000.0,149581000.0,8966492000.0,190497000.0,371737000.0,54000000.0,2354352000.0,,,,314854000.0,,3520683000.0,,3754223000.0,8966492000.0,,59749000.0,15943000.0,,,,42731000.0,107754000.0,,-72134000.0,721647000.0,,,,,694842000.0,70700000.0,,,-759070000.0,,,346363000.0,308940000.0,131596000.0
2021-03-31,815276000.0,,,,,576069000.0,,,239207000.0,39463000.0,199744000.0,0.71,0.7,275594000.0,276955000.0,678744000.0,,,,,,115989000.0,2793031000.0,,205766000.0,4473042000.0,1060364000.0,165910000.0,8910793000.0,245822000.0,277919000.0,50800000.0,2240982000.0,,,,303088000.0,,3694457000.0,-4990000.0,3830997000.0,8910793000.0,,18678000.0,10569000.0,,,,-25253000.0,68874000.0,,-27344000.0,125108000.0,,,,,70429000.0,11425000.0,,,-82394000.0,,,-173785000.0,-131191000.0,4225000.0
2021-06-30,1542628000.0,,,,,1117113000.0,,,425515000.0,86482000.0,339033000.0,1.2,1.2,275694000.0,276914000.0,850230000.0,,,,,,157134000.0,3191842000.0,,209279000.0,4513970000.0,1044999000.0,185681000.0,9357895000.0,222186000.0,365365000.0,54200000.0,2800922000.0,,,,313542000.0,,3807684000.0,-3549000.0,3946002000.0,9357895000.0,,32723000.0,21933000.0,,,,35578000.0,65212000.0,,-27478000.0,466267000.0,,,,,116618000.0,25142000.0,,,-136306000.0,,,-250135000.0,79105000.0,74833000.0
2021-09-30,2312933000.0,,,,,1690929000.0,,,622004000.0,136617000.0,485387000.0,1.72,1.71,276215000.0,277553000.0,943969000.0,,,,,,120621000.0,3398277000.0,,208343000.0,4565156000.0,1045280000.0,192933000.0,9629166000.0,226143000.0,386372000.0,54500000.0,2889141000.0,,,,330753000.0,,3927912000.0,-6550000.0,4107619000.0,9629166000.0,,46659000.0,25417000.0,,,,6536000.0,45847000.0,,-30762000.0,627843000.0,,,,,178007000.0,34617000.0,,,-206380000.0,,,-265220000.0,153976000.0,103875000.0
2021-12-31,3051398000.0,,,,,2288575000.0,,,762823000.0,175719000.0,587104000.0,2.08,2.07,276024.0,277414.0,887009000.0,,,,136286000.0,,175621000.0,3330284000.0,,212033000.0,4736828000.0,1081465000.0,206828000.0,9795443000.0,206370000.0,456159000.0,,2667366000.0,,,,383977000.0,,4000681000.0,-9409000.0,4196893000.0,9795443000.0,,61018000.0,33616000.0,,,,53746000.0,51404000.0,,-47133000.0,942469000.0,,,,,366780000.0,45045000.0,,,-396680000.0,,,-343879000.0,198341000.0,146932000.0
2022-03-31,904700000.0,,,,,639700000.0,,,265000000.0,44700000.0,220300000.0,0.78,0.77,277100000.0,278600000.0,1694500000.0,,,,,,144800000.0,4308900000.0,,214500000.0,5140900000.0,1171000000.0,208400000.0,11272900000.0,230800000.0,327000000.0,57600000.0,2438900000.0,,,,383800000.0,,4192100000.0,-12400000.0,4335400000.0,11272900000.0,,20100000.0,15200000.0,,,,-31000000.0,22200000.0,,2800000.0,103600000.0,,,,,436000000.0,10000000.0,,,-445800000.0,,,1298400000.0,955900000.0,4600000.0
2022-06-30,1744500000.0,,,,,1280600000.0,,,463900000.0,98400000.0,365500000.0,1.29,1.29,277200000.0,278400000.0,2383500000.0,,,,,,222500000.0,5330400000.0,,214600000.0,5149000000.0,1145700000.0,213200000.0,12279900000.0,279300000.0,421400000.0,60000000.0,2899900000.0,,,,311300000.0,,4308300000.0,-142800000.0,4283400000.0,12279900000.0,,34000000.0,26600000.0,,,,52800000.0,101300000.0,,-79300000.0,346200000.0,,,,,457200000.0,18300000.0,,,-467500000.0,,,2065900000.0,1817300000.0,90500000.0
2022-09-30,2672000000.0,,,,,1990200000.0,,,681800000.0,155200000.0,526600000.0,1.86,1.85,277800000.0,278700000.0,579500000.0,5700000.0,,,,,208600000.0,4850800000.0,,239200000.0,6522300000.0,1588000000.0,219500000.0,13658300000.0,276300000.0,435900000.0,55900000.0,4238600000.0,,,,305000000.0,,4440400000.0,-315500000.0,4310600000.0,13658300000.0,,50300000.0,40200000.0,,,,15100000.0,80300000.0,,-86100000.0,599800000.0,,,,,1889700000.0,32400000.0,,,-1912600000.0,,,1876500000.0,380600000.0,118200000.0
2022-12-31,3573400000.0,,,,,2697300000.0,,,876100000.0,204300000.0,671800000.0,2.38,2.37,277500000.0,278600000.0,650000000.0,6400000.0,,,136400000.0,,202300000.0,4996000000.0,,239900000.0,6674200000.0,1595200000.0,230900000.0,13973500000.0,286500000.0,541500000.0,79900000.0,4596600000.0,,,,298900000.0,,4553000000.0,-148400000.0,4606600000.0,13973500000.0,,66100000.0,42800000.0,,,,17600000.0,124300000.0,,-127700000.0,881400000.0,,,,,1927700000.0,52600000.0,,,-1912600000.0,,,1725400000.0,563000000.0,122300000.0
2023-03-31,1116000000.0,,,,,821800000.0,,,294200000.0,58700000.0,235500000.0,0.83,0.83,278600000.0,279400000.0,563500000.0,3700000.0,,,,,190800000.0,4356100000.0,,241600000.0,6730200000.0,1581600000.0,255000000.0,13399900000.0,342700000.0,375800000.0,67100000.0,3812900000.0,,,,307500000.0,,4755900000.0,-101000000.0,4845000000.0,13399900000.0,,24400000.0,600000.0,,,,6100000.0,71500000.0,,-12400000.0,59800000.0,,,,,37600000.0,11800000.0,,,-43200000.0,,,-120600000.0,-89700000.0,43900000.0
2023-06-30,2163300000.0,,,,,1614700000.0,,,548600000.0,122700000.0,425900000.0,1.5,1.5,279400000.0,280400000.0,627900000.0,4200000.0,,,,,227300000.0,4894900000.0,,244700000.0,6865100000.0,1562500000.0,271900000.0,14071500000.0,329100000.0,448600000.0,69900000.0,4157600000.0,,,,321100000.0,,4913700000.0,-50500000.0,5072500000.0,14071500000.0,,45200000.0,2400000.0,,,,56100000.0,101400000.0,,-27900000.0,388500000.0,,,,,115300000.0,25100000.0,,,-134700000.0,,,-53500000.0,230200000.0,163200000.0
2023-09-30,3230900000.0,,,,,2439900000.0,,,791000000.0,189200000.0,601800000.0,2.12,2.11,279900000.0,281300000.0,755700000.0,7500000.0,,,,,243200000.0,4845200000.0,,250200000.0,6845600000.0,1531700000.0,288000000.0,13983000000.0,380200000.0,507500000.0,67200000.0,4590500000.0,,,,301900000.0,,5056900000.0,-127600000.0,5198700000.0,13983000000.0,,67000000.0,-1400000.0,,,,87100000.0,163000000.0,,-84300000.0,704100000.0,,,,,163300000.0,38400000.0,,,-193300000.0,,,-275100000.0,237700000.0,183300000.0
2023-12-31,4257100000.0,,,,,3111000000.0,,,1146100000.0,275600000.0,870500000.0,3.07,3.05,279600000.0,280800000.0,700300000.0,10600000.0,,,175300000.0,,315000000.0,5129900000.0,,270300000.0,7340800000.0,1620800000.0,301800000.0,14883400000.0,458900000.0,608200000.0,78200000.0,4956900000.0,,,,326000000.0,,5288500000.0,-19100000.0,5578800000.0,14883400000.0,,89400000.0,12300000.0,,,,117700000.0,260000000.0,,-82800000.0,1009500000.0,,,,,630700000.0,68900000.0,,,-587000000.0,,,-186700000.0,269700000.0,218100000.0
2024-03-31,1258000000.0,,,,,894000000.0,,,364000000.0,71000000.0,293000000.0,1.03,1.02,281000000.0,283000000.0,581000000.0,,,,,,287000000.0,5005000000.0,,272000000.0,7386000000.0,1592000000.0,333000000.0,14806000000.0,322000000.0,421000000.0,69000000.0,4880000000.0,,,,338000000.0,,5544000000.0,-51000000.0,,14806000000.0,,29000000.0,-1000000.0,,,,0.0,-86000000.0,,6000000.0,13000000.0,,,,,76000000.0,13000000.0,,,-88000000.0,,,-67000000.0,-153000000.0,134000000.0
2024-06-30,2435000000.0,,,,,1723000000.0,,,712000000.0,159000000.0,550000000.0,1.93,1.92,282000000.0,283000000.0,1107000000.0,,,,,,318000000.0,6089000000.0,,290000000.0,7431000000.0,1565000000.0,355000000.0,15944000000.0,313000000.0,500000000.0,70000000.0,5391000000.0,,,,331000000.0,,5764000000.0,-47000000.0,,15944000000.0,,52000000.0,-3000000.0,,,,80000000.0,-54000000.0,,-15000000.0,373000000.0,,,,,98000000.0,39000000.0,,,-77000000.0,,,375000000.0,671000000.0,267000000.0
2024-09-30,3622000000.0,,,,,2594000000.0,,,1028000000.0,237000000.0,783000000.0,2.75,2.73,282000000.0,284000000.0,957000000.0,,,,,,314000000.0,7479000000.0,,309000000.0,7577000000.0,1582000000.0,365000000.0,17525000000.0,329000000.0,597000000.0,78000000.0,6525000000.0,,,,334000000.0,,5961000000.0,125000000.0,,17525000000.0,,77000000.0,-11000000.0,,,,81000000.0,-9000000.0,,,813000000.0,,,,,118000000.0,62000000.0,,,-119000000.0,,,-341000000.0,398000000.0,289000000.0
,,,,,,,,,,,,,,,,,,,,,,,,,,,,,,,,,,,,,,,,,,,,,,,,,,,,,,,,,,,,,,,,,,,
,,,,,,,,,,,,,,,,,,,,,,,,,,,,,,,,,,,,,,,,,,,,,,,,,,,,,,,,,,,,,,,,,,,
