Date,Net sales,Cost of sales,Gross margin,Research and development,"Selling, general and administrative",Total operating expenses,Operating income,"Other income/(expense), net",Income before provision for income taxes,Provision for income taxes,Net income,Earnings per share basic,Earnings per share diluted,Weighted-average basic,Weighted-average diluted,Cash and cash equivalents,Short-term marketable securities,"Accounts receivable, net",Inventories,Deferred tax assets,Vendor non-trade receivables,Other current assets,Total current assets,Long-term marketable securities,"Property, Plant and Equipment, Net",Goodwill,"Acquired intangible assets, net","Other Assets, Noncurrent",Total assets,accounts payable,Accrued expenses,Deferred revenue,Total current liabilities,Deferred revenue - non-current,deferred tax liabilities,long term taxes payable,Total other non-current liabilities,Total liabilities,Retained Earnings (Accumulated Deficit),Accumulated other comprehensive (loss)/income,Total shareholders equity,Total liabilities and shareholders' equity,"Depreciation, amortization and accretion",Stock-based compensation expense,Deferred income tax expense,"Increase (Decrease) in Accounts receivable, net",Increase (Decrease) in Inventories,Increase (Decrease) in Other Receivables,Increase (Decrease) in Other Operating Assets,Increase (Decrease) in Accounts Payable,Increase (Decrease) in Deferred Revenue,Increase (Decrease) Other liabilities,Cash generated by operating activities,Purchases of marketable securities,Proceeds from maturities of marketable securities,Proceeds from sales of marketable securities,Purchases of other long-term investments,"Business acquisitions, net of cash acquired",Cash payments for capital asset purchases,Payments for acquisition of intangible assets,Payments for (Proceeds from) Other Investing Activities,Cash used in investing activities,Proceeds from issuance of common stock,Excess tax benefits from stock-based compensation,Cash generated/used in financing activities,Increase/(decrease) in cash and cash equivalents,"Cash paid for income taxes, net"
2010-06-30,1251327000.0,,,,,2228480000.0,,,-864599000.0,29027000.0,,,-0.91,,,506739000.0,,,,1086168000.0,,,,,,1703602000.0,,,16473309000.0,,,,,,,,,9346729000.0,,1610000.0,,16473309000.0,,1466979000.0,,-45883000.0,,,-104221000.0,,,,26840000.0,,,,,21492000.0,18807000.0,,,-40273000.0,,,-431924000.0,-445357000.0,
2010-09-30,2035327000.0,,,,,3154249000.0,,,-721297000.0,24802000.0,,,-1.02,,,1016229000.0,,,,1117316000.0,,,,,,1703602000.0,,,17740891000.0,,,,,,,,,10085097000.0,,5999000.0,,17740891000.0,,1924358000.0,,-79622000.0,,,-100385000.0,,,,316115000.0,,,,,21898000.0,30587000.0,,,-52450000.0,,,-175240000.0,64133000.0,
2010-12-31,3119342000.0,,,,,4143990000.0,,,-522654000.0,84669000.0,,,-1.02,,,588621000.0,,,,1242293000.0,,,,,,1703602000.0,,,18844605000.0,,,,,,,,,10591248000.0,,4302000.0,,18844605000.0,,2440148000.0,,108162000.0,,,46606000.0,,,,-371885000.0,,,,,21886000.0,54160000.0,,,-76189000.0,,,84624000.0,-363475000.0,
2011-03-31,1153269000.0,,,,,990864000.0,,,117214000.0,38850000.0,,0.1,0.09,447742389.0,457652916.0,455811000.0,,,,1394158000.0,,,,,,1703602000.0,,,19248767000.0,,,,,,,,,10817952000.0,,3101000.0,,19248767000.0,,426280000.0,,-130920000.0,,,-32723000.0,,,,441507000.0,,,,,,5710000.0,,,-5389000.0,,,-568928000.0,-132810000.0,
2011-06-30,2461550000.0,,,,,1975695000.0,,,366010000.0,103049000.0,,0.28,0.28,476289647.0,483643646.0,434803000.0,,,,1437947000.0,,,,,,1703602000.0,,,22331131000.0,,,,,,,,,13049899000.0,,2630000.0,,22331131000.0,,834923000.0,,-3059000.0,,,-68269000.0,,,,372694000.0,,,,,23247000.0,17170000.0,,,-40085000.0,,,-486435000.0,-153818000.0,
2011-09-30,2337471000.0,,,,,2516629000.0,,,-994412000.0,95412000.0,,,,,,592982000.0,,,,1467717000.0,,,,,,1703602000.0,,,22068796000.0,,,,,,,,,13496537000.0,,1845000.0,,22068796000.0,,1075012000.0,,-87655000.0,,,-53585000.0,,,,758439000.0,,,,,23744000.0,25963000.0,,,-49376000.0,,,-704686000.0,4361000.0,
2011-12-31,3252576000.0,,,,,3388069000.0,,,77258000.0,345711000.0,,-0.35,,,,754744000.0,,,,1258699000.0,,,,,149690000.0,1703602000.0,,,21909129000.0,,,,,,,,,12656843000.0,,1958000.0,,21909129000.0,,1396062000.0,309464000.0,-116714000.0,,,19233000.0,,,,1099613000.0,,,,,23744000.0,36484000.0,,,-59898000.0,,,-873515000.0,166123000.0,
2012-03-31,952036000.0,,,,,783793000.0,,,456385000.0,38753000.0,417632000.0,0.12,0.11,506985529.0,517389558.0,391304000.0,,,,1290570000.0,,,,,,1703602000.0,,,26546361000.0,,,,,,,,,16521512000.0,,3297000.0,,26546361000.0,,222444000.0,,131943000.0,,,-80161000.0,,,,134228000.0,,,,,156972000.0,13086000.0,,,-170224000.0,,,-327439000.0,-363440000.0,
2012-06-30,1579239000.0,,,,,1523612000.0,,,591999000.0,80090000.0,-74964000.0,-0.14,-0.14,528778977.0,528778977.0,412545000.0,,,,1229835000.0,,,,,,1703602000.0,,,26142570000.0,,,,,,,,,15878830000.0,,1932000.0,,26142570000.0,,467005000.0,,130775000.0,,,8051000.0,,,,346332000.0,,,,,156972000.0,20948000.0,,,-178096000.0,,,-510320000.0,-342199000.0,
2012-09-30,2802328000.0,,,,,2375002000.0,,,827738000.0,119327000.0,128824000.0,0.24,0.24,544716399.0,546923603.0,833515000.0,,,,1215254000.0,,,,,,1703602000.0,,,27800439000.0,,,,,,,,,16958709000.0,,1403000.0,,27800439000.0,,690617000.0,,-2286000.0,,,-62117000.0,,,,356350000.0,,,,,156972000.0,26973000.0,,,-181604000.0,,,-95962000.0,78771000.0,
2012-12-31,4019441000.0,,,,,3260681000.0,,,1014905000.0,185023000.0,218598000.0,0.41,0.41,533703606.0,538669070.0,709502000.0,,,,1285611000.0,,,,,142390000.0,1703602000.0,,,28931552000.0,,,,,,,,,17716605000.0,,2170000.0,,28931552000.0,,949633000.0,126152000.0,60520000.0,,,-51031000.0,,,,583155000.0,,,,,188306000.0,37020000.0,,,-222981000.0,,,-405411000.0,-45242000.0,
2013-03-31,1246473000.0,,,,,835101000.0,,,478582000.0,50993000.0,167635000.0,0.29,0.29,582322183.0,585699899.0,815266000.0,,,,1321108000.0,,,,,141445000.0,1703602000.0,,,27977999000.0,,,,,,,,,16611765000.0,,-1952000.0,,27977999000.0,,195343000.0,,-178416000.0,,,-9333000.0,,,,1104302000.0,,,,,,7344000.0,,,-1492000.0,,,-997036000.0,105764000.0,
2013-06-30,2686943000.0,,,,,1749863000.0,,,1045256000.0,107075000.0,378783000.0,0.65,0.65,583843094.0,586763053.0,660977000.0,,,,1292326000.0,,,,,143804000.0,1703602000.0,,,27742878000.0,,,,,,,,,15742167000.0,,1154000.0,,27742878000.0,,378587000.0,,44072000.0,,,-2966000.0,,,,1340556000.0,,,,,,14645000.0,,,-8841000.0,,,-1379635000.0,-48525000.0,
2013-09-30,3903788000.0,,,,,2536268000.0,,,1563648000.0,164552000.0,549947000.0,0.94,0.93,589643844.0,592920795.0,888938000.0,,,,1278780000.0,,,,,138433000.0,1787392000.0,,,28034882000.0,,,,,,,,,15530358000.0,,1634000.0,,28034882000.0,,572134000.0,,95491000.0,,,4624000.0,,,,2732705000.0,,,,,146117000.0,18574000.0,,,-158926000.0,,,-2394053000.0,179436000.0,
2013-12-31,6613168000.0,,,,,3866740000.0,,,3148561000.0,255642000.0,1171202000.0,2.0,1.98,587018828.0,590546640.0,831998000.0,,,,1209207000.0,,,,,137088000.0,1787392000.0,,,29678606000.0,,,,,,,,,15300935000.0,,3466000.0,,29678606000.0,,855087000.0,189830000.0,46580000.0,,,-15445000.0,,,,3547941000.0,,,,,146117000.0,25637000.0,,,-165904000.0,,5769000.0,-3259614000.0,122496000.0,
2014-03-31,1526668000.0,,,,,887851000.0,,,708972000.0,54097000.0,265617000.0,0.44,0.44,601527299.0,605669164.0,787521000.0,,,,1226326000.0,,,,,131715000.0,1787392000.0,,,30028545000.0,,,,,,,,,15256784000.0,,2418000.0,,30028545000.0,,194645000.0,,-364988000.0,,,81645000.0,,,,980258000.0,,,,,,6123000.0,,,-282000.0,,16513000.0,-1024457000.0,-44477000.0,
2014-06-30,3784528000.0,,,,,1977632000.0,,,2015636000.0,137379000.0,782633000.0,1.3,1.29,606690740.0,609897829.0,1223073000.0,,,,1186207000.0,,,,,132196000.0,1787392000.0,,,30059309000.0,,,,,,,,,14248604000.0,,5749000.0,,30059309000.0,,381553000.0,,-280586000.0,,,30289000.0,,,,1843444000.0,,,,,,13618000.0,,,-7777000.0,,17938000.0,-1444584000.0,391075000.0,
2014-09-30,5463954000.0,,,,,3032770000.0,,,2648606000.0,216487000.0,1033138000.0,1.7,1.69,611684213.0,614978870.0,943519000.0,,,,1221507000.0,,,,,133999000.0,1787392000.0,,,30513856000.0,,,,,,,,,14122669000.0,,-9407000.0,,30513856000.0,,584353000.0,,-100161000.0,,,96815000.0,,,,2067653000.0,,,,,,21386000.0,,,-15541000.0,,19320000.0,-1940519000.0,111521000.0,
2014-12-31,7484728000.0,,,,,3855856000.0,,,3986726000.0,291173000.0,1584589000.0,2.6,2.58,608803111.0,613176405.0,1412472000.0,,,,1252230000.0,,,,,135740000.0,1787392000.0,,,31510894000.0,,,,,,,,,14177347000.0,,-20864000.0,,31510894000.0,,734733000.0,62500000.0,-229331000.0,,,82890000.0,,,,1654989000.0,,,,,,30271000.0,,,-24425000.0,,25646000.0,-1049907000.0,580474000.0,
2015-03-31,2493580000.0,,,,,1148950000.0,,,1583602000.0,99344000.0,629448000.0,1.01,1.0,625276969.0,631232041.0,1135472000.0,,,,1241112000.0,,,,,132448000.0,1787392000.0,,,32406601000.0,,,,,,,,,14452617000.0,,-42014000.0,,32406601000.0,,272335000.0,,186510000.0,,,120946000.0,,,,635467000.0,,,,,,3275000.0,,,2568000.0,,23834000.0,-915095000.0,-277000000.0,
2015-06-30,3737560000.0,,,,,2057000000.0,,,1856130000.0,142595000.0,763616000.0,1.21,1.21,631881205.0,634192649.0,2164640000.0,,,,1308547000.0,,,,,138902000.0,1787392000.0,,,24683501000.0,,,,,,,,,10771733000.0,,-36122000.0,,24683501000.0,,482683000.0,,-28916000.0,,,87332000.0,,,,1600382000.0,,,,,,16539000.0,,,-10696000.0,,60045000.0,-837702000.0,752168000.0,
2015-09-30,3749133000.0,,,,,2533997000.0,,,1373839000.0,144168000.0,508919000.0,0.81,0.8,638832799.0,638832799.0,1380404000.0,,,,1373149000.0,,,,,174028000.0,1787392000.0,,,23618703000.0,,,,,,,,,10948432000.0,,-49890000.0,,23618703000.0,,561454000.0,,246076000.0,,,87839000.0,,,,1383479000.0,,,,,,58879000.0,,,-53036000.0,,68481000.0,-1361795000.0,-32068000.0,
2015-12-31,4646552000.0,,,,,3090875000.0,,,1814748000.0,190398000.0,709789000.0,1.12,1.04,634337179.0,1188085411.0,1837324000.0,,,,1277429000.0,,,,,135543000.0,1718519000.0,,,22526080000.0,,,,,,,,,10295623000.0,,-52519000.0,,22526080000.0,,629642000.0,99986000.0,213706000.0,,,149732000.0,,,,2397043000.0,,,,,,59247000.0,,,-53404000.0,,70318000.0,-1919402000.0,424852000.0,
2016-03-31,932354000.0,,,,,617710000.0,,,333786000.0,18866000.0,150033000.0,0.23,0.23,644897849.0,1194570331.0,1372552000.0,,,,1301615000.0,,,,,139318000.0,1718519000.0,,,22050904000.0,,,,,,,,,10139824000.0,,-46064000.0,,22050904000.0,,79840000.0,,21063000.0,,,-52381000.0,,,,208531000.0,,,,,,9934000.0,,,-4091000.0,,11690000.0,-669185000.0,-464772000.0,
2016-06-30,2124780000.0,,,,,1330313000.0,,,844312000.0,56561000.0,358379000.0,0.55,0.54,646933698.0,1194478212.0,1495466000.0,,,,1285262000.0,,,,,139350000.0,1718519000.0,,,23041658000.0,,,,,,,,,10926238000.0,,-45887000.0,,23041658000.0,,164124000.0,,-73459000.0,,,-18883000.0,,,,246943000.0,,,,,,16165000.0,,,-10322000.0,,,-578642000.0,-341858000.0,
2016-09-30,3556465000.0,,,,,2104090000.0,,,1563615000.0,84275000.0,671284000.0,1.04,1.01,650917510.0,1195805315.0,1781882000.0,,,,1287890000.0,,,,,135260000.0,1718519000.0,,,24413520000.0,,,,,,,,,12059485000.0,,-47470000.0,,24413520000.0,,242204000.0,,-145131000.0,,,15957000.0,,,,662294000.0,,,,,,18458000.0,,,-12615000.0,,,-705108000.0,-55442000.0,
2016-12-31,5125834000.0,,,,,2928574000.0,,,2382010000.0,132362000.0,1039235000.0,1.6,1.56,649475264.0,1195114590.0,1837253000.0,,,,1286469000.0,,,,,126784000.0,1718519000.0,,,26403337000.0,,,,,,,,,13888404000.0,,-62887000.0,,26403337000.0,,323651000.0,50085000.0,-87074000.0,,,-99108000.0,,,,-541286000.0,,,,,,21826000.0,,,-28976000.0,,,570170000.0,-71000.0,
2017-03-31,1940723000.0,,,,,929650000.0,,,1077205000.0,57437000.0,461825000.0,0.7,0.69,660939708.0,1199506983.0,2303680000.0,,,,1263148000.0,,,,,130693000.0,1718519000.0,,,28337164000.0,,,,,,,,,15234305000.0,,-55201000.0,,28337164000.0,,91269000.0,,-352788000.0,,,-2335000.0,,,,151124000.0,,,,,,10007000.0,,,-2017000.0,,,312724000.0,466427000.0,
2017-06-30,3490078000.0,,,,,1814762000.0,,,1851502000.0,87045000.0,804600000.0,1.21,1.2,664681299.0,1200006339.0,1745547000.0,,,,1292723000.0,,,,,128075000.0,1718519000.0,,,30127931000.0,,,,,,,,,16870932000.0,,-47479000.0,,30127931000.0,,179729000.0,,-191454000.0,,,-9772000.0,,,,-885653000.0,,,,,,13663000.0,,,4375000.0,,,775695000.0,-91706000.0,
2017-09-30,5236855000.0,,,,,2718522000.0,,,2757967000.0,146557000.0,1189242000.0,1.79,1.76,667384727.0,1200502292.0,1315687000.0,,,,1260907000.0,,,,,128910000.0,1718519000.0,,,31761987000.0,,,,,,,,,18300365000.0,,-34421000.0,,31761987000.0,,262773000.0,,-141312000.0,,,-237000.0,,,,-1804309000.0,,,,,,20405000.0,,,-8963000.0,,,1274091000.0,-521566000.0,
2017-12-31,7119053000.0,,,,,3727404000.0,,,4117101000.0,743147000.0,1470830000.0,2.21,2.21,665453198.0,666246846.0,1992497000.0,,,,725970000.0,,,,,126566000.0,1778192000.0,,,34428910000.0,,,,,,,,,20699355000.0,,-34018000.0,,34428910000.0,,338687000.0,635100000.0,-282026000.0,,,-17377000.0,,,,-2448740000.0,,,,,168913000.0,24347000.0,,,-188208000.0,,,2771339000.0,155244000.0,
2018-03-31,1769131000.0,,,,,982931000.0,,,896799000.0,54495000.0,367872000.0,0.55,0.53,674479140.0,1210573854.0,1746948000.0,,,,718440000.0,,,,,123973000.0,1778192000.0,,,27933375000.0,,,,,,,,,14408566000.0,,-27203000.0,,27933375000.0,,92223000.0,,-132711000.0,,,5918000.0,,,,-1769833000.0,,,,,,4686000.0,,,-4686000.0,,,266792000.0,-1486359000.0,
2018-06-30,4401701000.0,,,,,1999312000.0,,,2586507000.0,193226000.0,1109914000.0,1.64,1.63,681794492.0,1210727948.0,1710251000.0,,,,722551000.0,,,,,122318000.0,1778192000.0,,,30075297000.0,,,,,,,,,15439701000.0,,-57876000.0,,30075297000.0,,208994000.0,,8030000.0,,,29640000.0,,,,-2660677000.0,,,,,,8898000.0,,,-8898000.0,,,720341000.0,-1937563000.0,
2018-09-30,6328281000.0,,,,,3016944000.0,,,3562293000.0,220024000.0,1552656000.0,2.28,2.27,682435177.0,1209113244.0,1937963000.0,,,,711599000.0,,,,,116615000.0,1778192000.0,,,30460357000.0,,,,,,,,,15753374000.0,,-36562000.0,,30460357000.0,,282733000.0,,118225000.0,,,53689000.0,,,,-1339810000.0,,,,,,8760000.0,,,-8760000.0,,,-250908000.0,-1589965000.0,
2018-12-31,6833259000.0,,,,,3512040000.0,,,3512941000.0,249390000.0,1541788000.0,2.27,2.26,678850245.0,1206962846.0,2207841000.0,,,,739482000.0,,,,,120372000.0,1869860000.0,,,28924650000.0,,,,,,,,,15170564000.0,,-36476000.0,,28924650000.0,,366928000.0,79776000.0,-43037000.0,,,76596000.0,,,,45742000.0,,,,,98219000.0,18377000.0,,,-116596000.0,,,-1330186000.0,-1391328000.0,
2019-03-31,2024871000.0,,,,,1041164000.0,,,1114032000.0,41155000.0,481304000.0,0.71,0.71,674507698.0,1200480240.0,1570741000.0,,,,728873000.0,,,,,133544000.0,1869860000.0,,,29874951000.0,,,,,,,,,15728250000.0,,-32430000.0,,29874951000.0,,121179000.0,,-106815000.0,,,-6577000.0,,,,130531000.0,,,,,,18858000.0,,,-18858000.0,,,-868061000.0,-756795000.0,
2019-06-30,3511677000.0,,,,,1903404000.0,,,1799729000.0,79891000.0,787096000.0,1.17,1.16,674079074.0,1200592276.0,1484444000.0,,,,743132000.0,,,,,142083000.0,1869860000.0,,,30972213000.0,,,,,,,,,16907127000.0,,-27542000.0,,30972213000.0,,223979000.0,,23512000.0,,,37961000.0,,,,294865000.0,,,,,,33524000.0,,,-33524000.0,,,-997122000.0,-736108000.0,
2019-09-30,5246790000.0,,,,,2850624000.0,,,2810678000.0,-156786000.0,1566533000.0,2.32,2.32,675963129.0,676219758.0,2468563000.0,,,,938158000.0,,,,,150907000.0,1869860000.0,,,32385771000.0,,,,,,,,,17756310000.0,456814000.0,-35173000.0,6714413000.0,32385771000.0,,331826000.0,,8973000.0,,,85412000.0,,,,1373229000.0,,,,,,49141000.0,,,-49141000.0,,,-1028271000.0,299383000.0,
2019-12-31,7338270000.0,,,,,3964651000.0,,,3818015000.0,-47952000.0,2049682000.0,3.03,3.03,675900466.0,676167851.0,2172441000.0,,,,1089305000.0,,,,,154482000.0,1900000000.0,,,32585506000.0,,,,,,,,,17482454000.0,609625000.0,-28495000.0,7009784000.0,32585506000.0,,417100000.0,-179928000.0,237751000.0,,,50017000.0,,,,1963107000.0,,,,,,60280000.0,,,-60280000.0,,,-1921379000.0,-21510000.0,
2020-03-31,-3075964000.0,,,,,-638075000.0,,,-2765858000.0,-158703000.0,-1066492000.0,-1.58,-1.58,676305359.0,676305359.0,2068326000.0,,,,1392352000.0,,,,,,1869860000.0,,,26946494000.0,,,,,,,,,15368386000.0,-871948000.0,-41533000.0,5384619000.0,26946494000.0,,118812000.0,,-496348000.0,,,168965000.0,,,,999467000.0,,,,,,12428000.0,,,-12428000.0,,,-1117716000.0,-137322000.0,
2020-06-30,2516069000.0,,,,,1172681000.0,,,1501761000.0,147415000.0,568266000.0,0.81,0.81,698534168.0,1204411957.0,1976512000.0,,,,,,,,,,1869860000.0,,,28844381000.0,,,,,,,,,16348351000.0,-574295000.0,-36758000.0,5660994000.0,28844381000.0,,238721000.0,,-562123000.0,,,120679000.0,,,,1490782000.0,,,,,,25453000.0,,,-25453000.0,,,-1666848000.0,-203938000.0,
2020-09-30,3032898000.0,,,,,1867452000.0,,,1801111000.0,101000000.0,794719000.0,1.14,1.13,700184580.0,700527966.0,2628895000.0,,,,,,,,,,1869860000.0,,,25041565000.0,,,,,,,,,11541887000.0,-36432000.0,-27407000.0,6179890000.0,25041565000.0,,349500000.0,,-464997000.0,,,125442000.0,,,,1625918000.0,,,,,,70896000.0,,,-70896000.0,,,-1371840000.0,190462000.0,
2020-12-31,6101927000.0,,,,,3479566000.0,,,2617520000.0,356014000.0,1045363000.0,1.5,1.5,696933548.0,697258296.0,1999484000.0,,,,1242576000.0,,,,,231807000.0,1901485000.0,,,26269252000.0,,,,,,,,,11678743000.0,335762000.0,-15831000.0,6652043000.0,26269252000.0,,438341000.0,87518000.0,-70053000.0,,,22704000.0,,,,1935945000.0,,,,,55170000.0,111650000.0,,,-166820000.0,,,-2244036000.0,-459195000.0,
2021-03-31,5298872000.0,,,,,2051447000.0,,,3370688000.0,-447000.0,1747872000.0,2.47,2.46,709033212.0,709912344.0,2862422000.0,,,,,,,,,240426000.0,1890185000.0,,,29709986000.0,,,,,,,,,12884798000.0,1408768000.0,-11454000.0,7844150000.0,29709986000.0,,163900000.0,,32900000.0,,,-70339000.0,,,,2296684000.0,,,,,,20741000.0,,,-20741000.0,,,-1362446000.0,907251000.0,
2021-06-30,10590226000.0,,,,,4323777000.0,,,6516436000.0,288300000.0,3057024000.0,4.27,4.27,721141954.0,721265180.0,2467444000.0,,,,,,,,,242072000.0,1890202000.0,,,33297192000.0,,,,,,,,,14750178000.0,2133794000.0,-10245000.0,8406156000.0,33297192000.0,,305422000.0,,-346505000.0,,,55225000.0,,,,3196268000.0,,,,,,34811000.0,,,-34811000.0,,,-2643709000.0,512664000.0,
2021-09-30,16814491000.0,,,,,6978136000.0,,,10181333000.0,746707000.0,4458919000.0,6.21,6.21,722229117.0,722433099.0,5011433000.0,,,,,,,,,239117000.0,1890202000.0,,,39038092000.0,,,,,,,,,18160227000.0,3031765000.0,-15357000.0,9054043000.0,39038092000.0,,454110000.0,,-437030000.0,,,54140000.0,,,,4799935000.0,,,,,,44456000.0,,,-44456000.0,,,-1686530000.0,3060708000.0,
2021-12-31,22577148000.0,,,,,9476617000.0,,,13559396000.0,1184401000.0,5857397000.0,8.14,8.13,719766879.0,720125043.0,2119738000.0,,,,1581637000.0,,,,,244608000.0,1900000000.0,,,41196408000.0,,,,,,,,,19490362000.0,3647785000.0,-19626000.0,9422893000.0,41196408000.0,,637441000.0,464642000.0,-288306000.0,,,4792000.0,,,,3985988000.0,,,,,0.0,64316000.0,,,-64316000.0,,,-3776590000.0,135276000.0,
2022-03-31,5126280000.0,,,,,2197022000.0,,,2980895000.0,483281000.0,1216874000.0,1.66,1.66,734327015.0,734966915.0,3868567000.0,,,,,,,,,286615000.0,1890202000.0,,,43344078000.0,,,,,,,,,21103051000.0,3805918000.0,-25754000.0,9659967000.0,43344078000.0,,219100000.0,,-169644000.0,,,-118945000.0,,,,2748501000.0,,,,,,56152000.0,,,-56152000.0,,,-908114000.0,1779483000.0,
2022-06-30,5755500000.0,,,,,2941135000.0,,,2761663000.0,519795000.0,1187481000.0,1.61,1.61,738752489.0,739140862.0,4183380000.0,,,,,,,,,316389000.0,1890202000.0,,,41631308000.0,,,,,,,,,20297210000.0,2803100000.0,-42225000.0,8631167000.0,41631308000.0,,429900000.0,,118151000.0,,,83592000.0,,,,4638192000.0,,,,,,101396000.0,,,-101396000.0,,,-2408726000.0,2112924000.0,
2022-09-30,6813614000.0,,,,,3902496000.0,,,2859594000.0,614026000.0,1189777000.0,1.61,1.61,742345646.0,742495532.0,3480003000.0,,,,,,,,,387066000.0,1890202000.0,,,40259321000.0,,,,,,,,,20523936000.0,1869463000.0,-74800000.0,7585676000.0,40259321000.0,,636500000.0,,190786000.0,,,142410000.0,,,,5621118000.0,,,,,,186783000.0,,,-186783000.0,,,-4033001000.0,1374629000.0,
2022-12-31,8517673000.0,,,,,4973025000.0,,,3461789000.0,472880000.0,1747631000.0,2.36,2.36,740664038.0,740942399.0,4252003000.0,,,,2062722000.0,,,,,411713000.0,1900000000.0,,,42524227000.0,,,,,,,,,22843160000.0,1748106000.0,-27475000.0,7655911000.0,42524227000.0,,846349000.0,-361475000.0,-177832000.0,,,26853000.0,,,,6336253000.0,,,,,0.0,235497000.0,,,-235497000.0,,,-3794455000.0,2293983000.0,
2023-03-31,1381845000.0,,,,,1189345000.0,,,258356000.0,47675000.0,85812000.0,0.12,0.11,746064922.0,746643929.0,2830971000.0,,,,,,,,,458329000.0,1890202000.0,,,41086439000.0,,,,,,,,,22372614000.0,1156109000.0,-22333000.0,7090837000.0,41086439000.0,,277431000.0,,470691000.0,,,-12284000.0,,,,352728000.0,,,,,5413000.0,69557000.0,,,-74970000.0,,,-1751464000.0,-1472422000.0,
2023-06-30,4196536000.0,,,,,2664655000.0,,,1685332000.0,270944000.0,687086000.0,0.91,0.91,758479943.0,758548248.0,3280204000.0,,,,,,,,,495141000.0,1890202000.0,,,41582784000.0,,,,,,,,,22492305000.0,1160278000.0,-17205000.0,7219447000.0,41582784000.0,,537800000.0,,317147000.0,,,21998000.0,,,,2078304000.0,,,,,5420000.0,130236000.0,,,-135656000.0,,,-2941057000.0,-998067000.0,
2023-09-30,6737821000.0,,,,,4039560000.0,,,2802634000.0,467504000.0,1239080000.0,1.64,1.64,757958602.0,758046096.0,2971614000.0,,,,,,,,,536445000.0,1890202000.0,,,41663823000.0,,,,,,,,,22853102000.0,1114009000.0,-38258000.0,7132823000.0,41663823000.0,,797800000.0,,236453000.0,,,44728000.0,,,,3161218000.0,,,,,5420000.0,192904000.0,,,-198324000.0,,,-4341629000.0,-1383920000.0,
2023-12-31,8022841000.0,,,,,4981130000.0,,,2957714000.0,513461000.0,1390880000.0,1.84,1.84,755204556.0,755419936.0,2955866000.0,,,,2331394000.0,,,,,542753000.0,1900000000.0,,,40287530000.0,,,,,,,,,22212316000.0,660734000.0,-19133000.0,6816798000.0,40287530000.0,,987549000.0,-148395000.0,-237623000.0,,,47299000.0,,,,4056906000.0,,,,,5420000.0,224231000.0,,,-229651000.0,,,-5053895000.0,-1221652000.0,
2024-03-31,3687828000.0,,,,,1790407000.0,,,1879654000.0,283671000.0,847386000.0,1.12,1.11,759798537.0,760257644.0,2504471000.0,,,,,,,,,534674000.0,1890202000.0,,,39706302000.0,,,,,,,,,21228868000.0,796201000.0,-31282000.0,6955068000.0,39706302000.0,,320700000.0,,18097000.0,,,134866000.0,,,,939846000.0,,,,,0.0,17756000.0,,,-17756000.0,,,-1516009000.0,-599881000.0,
2024-06-30,6484209000.0,,,,,3423113000.0,,,3088263000.0,543917000.0,1291800000.0,1.69,1.69,769187351.0,769234677.0,2381436000.0,,,,,,,,,521935000.0,1890202000.0,,,40585029000.0,,,,,,,,,21910734000.0,607564000.0,-34617000.0,6833573000.0,40585029000.0,,621700000.0,,87957000.0,,,143741000.0,,,,2098407000.0,,,,,,30136000.0,,,-30136000.0,,,-2732521000.0,-671234000.0,
2024-09-30,10147403000.0,,,,,5319209000.0,,,4898203000.0,789220000.0,2072635000.0,2.71,2.71,768230595.0,768280366.0,2353332000.0,,,,,,,,,516857000.0,1890202000.0,,,42575442000.0,,,,,,,,,23110501000.0,760471000.0,-10609000.0,7007657000.0,42575442000.0,,885900000.0,,133900000.0,,,41946000.0,,,,3320257000.0,,,,,,49523000.0,,,-49523000.0,,,-4011621000.0,-738186000.0,
,,,,,,,,,,,,,,,,,,,,,,,,,,,,,,,,,,,,,,,,,,,,,,,,,,,,,,,,,,,,,,,,,,,
,,,,,,,,,,,,,,,,,,,,,,,,,,,,,,,,,,,,,,,,,,,,,,,,,,,,,,,,,,,,,,,,,,,
