Date,Net sales,Cost of sales,Gross margin,Research and development,"Selling, general and administrative",Total operating expenses,Operating income,"Other income/(expense), net",Income before provision for income taxes,Provision for income taxes,Net income,Earnings per share basic,Earnings per share diluted,Weighted-average basic,Weighted-average diluted,Cash and cash equivalents,Short-term marketable securities,"Accounts receivable, net",Inventories,Deferred tax assets,Vendor non-trade receivables,Other current assets,Total current assets,Long-term marketable securities,"Property, Plant and Equipment, Net",Goodwill,"Acquired intangible assets, net","Other Assets, Noncurrent",Total assets,accounts payable,Accrued expenses,Deferred revenue,Total current liabilities,Deferred revenue - non-current,deferred tax liabilities,long term taxes payable,Total other non-current liabilities,Total liabilities,Retained Earnings (Accumulated Deficit),Accumulated other comprehensive (loss)/income,Total shareholders equity,Total liabilities and shareholders' equity,"Depreciation, amortization and accretion",Stock-based compensation expense,Deferred income tax expense,"Increase (Decrease) in Accounts receivable, net",Increase (Decrease) in Inventories,Increase (Decrease) in Other Receivables,Increase (Decrease) in Other Operating Assets,Increase (Decrease) in Accounts Payable,Increase (Decrease) in Deferred Revenue,Increase (Decrease) Other liabilities,Cash generated by operating activities,Purchases of marketable securities,Proceeds from maturities of marketable securities,Proceeds from sales of marketable securities,Purchases of other long-term investments,"Business acquisitions, net of cash acquired",Cash payments for capital asset purchases,Payments for acquisition of intangible assets,Payments for (Proceeds from) Other Investing Activities,Cash used in investing activities,Proceeds from issuance of common stock,Excess tax benefits from stock-based compensation,Cash generated/used in financing activities,Increase/(decrease) in cash and cash equivalents,"Cash paid for income taxes, net"
2009-12-31,1522249000.0,,,,,1271568000.0,250681000.0,,,,231014000.0,1.76,1.76,131050000.0,131512000.0,1448933000.0,,,,,,,,,,,,,12348703000.0,,,,,,,,,7223992000.0,95433000.0,-21777000.0,4446002000.0,12348703000.0,321681000.0,26636000.0,,-1844000.0,,,,,,-9452000.0,617376000.0,,,,,,,,,-446601000.0,,,1036648000.0,1207423000.0,
2010-03-31,379781000.0,,,,,326949000.0,52832000.0,,,,52714000.0,0.38,0.38,138931000.0,139597000.0,1220392000.0,,,,,,,,,,,,,12251342000.0,,,,,,,,,7130209000.0,78645000.0,-21145000.0,4437243000.0,12251342000.0,83075000.0,14011000.0,,267000.0,,,,,,-10018000.0,60094000.0,,,,,,,,,-152946000.0,,,-135689000.0,-228541000.0,
2010-06-30,775739000.0,,,,,658854000.0,116885000.0,,,,114132000.0,0.82,0.82,139113000.0,139826000.0,1703448000.0,,,,,,,,,,,,,12787701000.0,,,,,,,,,7663109000.0,70426000.0,-20155000.0,4443377000.0,12787701000.0,164475000.0,20345000.0,,-10548000.0,,,,,,-29489000.0,210504000.0,,,,,,,,,-285566000.0,,,329577000.0,254515000.0,
2010-09-30,1163963000.0,,,,,990554000.0,173409000.0,,,,171786000.0,1.23,1.23,139595.0,140193.0,1270074000.0,,,,,,,,,,,,,13048836000.0,,,,,,,,,7915091000.0,58051000.0,-19530000.0,4461911000.0,13048836000.0,245608000.0,26725000.0,,-2922000.0,,,,,,-19998000.0,332854000.0,,,,-22500000.0,,,,,-775706000.0,,,263993000.0,-178859000.0,
2010-12-31,1550804000.0,,,,,940290000.0,610514000.0,,,,159072000.0,1.14,1.14,139440000.0,140057000.0,478948000.0,,,,,,,,,,,,,13348263000.0,,,,,,,,,8328418000.0,-24763000.0,-18436000.0,4372643000.0,13348263000.0,338371000.0,32852000.0,,5115000.0,,,,,,-9393000.0,375893000.0,,,,22500000.0,,,,,-1161274000.0,,,-184604000.0,-969985000.0,
2011-03-31,417875000.0,,,,,279853000.0,138022000.0,,,,40813000.0,0.29,0.29,142095000.0,142504000.0,747305000.0,,,,,,,,,,,,,13835473000.0,,,,,,,,,8490362000.0,-56479000.0,-17867000.0,4696042000.0,13835473000.0,109428000.0,11856000.0,,-6073000.0,,,,,,-5940000.0,132284000.0,,,,,,,,,-121029000.0,,,257102000.0,268357000.0,
2011-06-30,854326000.0,,,,,562171000.0,292155000.0,,,,100949000.0,0.7,0.7,145864000.0,146695000.0,780584000.0,,,,,,,,,,,,,13884212000.0,,,,,,,,,8492017000.0,-69537000.0,-17294000.0,4757914000.0,13884212000.0,220508000.0,17765000.0,,-16346000.0,,,,,,-28517000.0,290101000.0,,,,,,,,,-190106000.0,,,201641000.0,301636000.0,
2011-09-30,1306739000.0,,,,,850074000.0,456665000.0,,,,171359000.0,1.18,1.18,147006000.0,147622000.0,1063024000.0,,,,,,,,,,,,,13980798000.0,,,,,,,,,8540985000.0,-72941000.0,-16717000.0,4825536000.0,13980798000.0,330003000.0,23702000.0,,-13097000.0,,,,,,-15664000.0,442859000.0,,,,,,,,,-30402000.0,,,171619000.0,584076000.0,
2011-12-31,1759526000.0,,,,,1140886000.0,618640000.0,,,,272679000.0,1.87,1.86,145693000.0,146218000.0,1823208000.0,,,,,,,,,,,,,14782966000.0,,,,,,,,,9313798000.0,-53080000.0,-16138000.0,4865998000.0,14782966000.0,439184000.0,29672000.0,,19396000.0,,,,,,6569000.0,606328000.0,,,,,,,,,-90096000.0,,,828028000.0,1344260000.0,
2012-03-31,447662000.0,,,,,303001000.0,144661000.0,,,,64632000.0,0.44,0.43,148343000.0,148746000.0,591196000.0,,,,,,,,,,,,,14212857000.0,,,,,,,,,8641505000.0,-70609000.0,-15558000.0,4963152000.0,14212857000.0,109737000.0,11358000.0,,-22686000.0,,,,,,8883000.0,169261000.0,,,,,,,,,-760110000.0,,,-641163000.0,-1232012000.0,
2012-06-30,918124000.0,,,,,600394000.0,317730000.0,,,,183672000.0,1.23,1.23,150312000.0,150694000.0,1671997000.0,,,,,,,,,,,,,15280629000.0,,,,,,,,,9523357000.0,-34463000.0,-14978000.0,5134054000.0,15280629000.0,221623000.0,18113000.0,,-30120000.0,,,,,,-7589000.0,331080000.0,,,,,,,,,-806414000.0,,,324123000.0,-151211000.0,
2012-09-30,1389028000.0,,,,,908476000.0,480552000.0,,,,241473000.0,1.61,1.6,150801000.0,151983000.0,1223215000.0,,,,,,,,,,,,,15141943000.0,,,,,,,,,9345416000.0,-59621000.0,-14379000.0,5119356000.0,15141943000.0,332983000.0,24859000.0,,-28680000.0,,,,,,-6939000.0,463686000.0,,,,,,,,,-1020112000.0,,,-43567000.0,-599993000.0,
2012-12-31,1876267000.0,,,,,1224586000.0,651681000.0,,,,289650000.0,1.93,1.92,150120000.0,150711000.0,1041978000.0,,,,,,,,,,,,,15462321000.0,,,,,,,,,9619033000.0,-109985000.0,-13817000.0,5097065000.0,15462321000.0,454044000.0,29679000.0,,-23155000.0,,,,,,1354000.0,642949000.0,,,,0.0,,,,,-1278032000.0,,,-146147000.0,-781230000.0,
2013-03-31,483014000.0,,,,,352579000.0,130435000.0,,,,48000000.0,0.32,0.31,151646000.0,151952000.0,909376000.0,,,,,,,,,,,,,15623279000.0,,,,,,,,,9608937000.0,-160697000.0,-13253000.0,5256874000.0,15623279000.0,121191000.0,25783000.0,,-10690000.0,,,,,,-7703000.0,237429000.0,,,,,,,,,-432991000.0,,,62960000.0,-132602000.0,
2013-06-30,998334000.0,,,,,697084000.0,301250000.0,,,,502857000.0,3.27,3.26,151938000.0,152490000.0,1608731000.0,,,,,,,,,,,,,19462784000.0,,,,,,,,,12569374000.0,192492000.0,-12689000.0,5624848000.0,19462784000.0,255795000.0,32464000.0,,7018000.0,,,,,,-20086000.0,334838000.0,,,,,,,,,-452302000.0,,,684217000.0,566753000.0,
2013-12-31,2135539000.0,,,,,1457419000.0,678120000.0,,,,749811000.0,4.87,4.86,152201000.0,152521000.0,2365137000.0,,,,,,,,,,,,,20162251000.0,,,,,,,,,12967712000.0,-108552000.0,-11556000.0,5741153000.0,20162251000.0,565397000.0,45155000.0,,443000.0,,,,,,2073000.0,777926000.0,,,,,,,,,-532640000.0,,,1077873000.0,1323159000.0,
2014-03-31,574694000.0,,,,,397797000.0,176897000.0,,,,56623000.0,0.35,0.35,153030000.0,153169000.0,1179573000.0,,,,,,,,,,,,,18979568000.0,,,,,,,,,11825385000.0,-153979000.0,-10989000.0,5702070000.0,18979568000.0,154270000.0,10380000.0,,-21652000.0,,,,,,-22197000.0,124209000.0,,,,,,,,,-147072000.0,,,-1162701000.0,-1185564000.0,
2014-06-30,1164488000.0,,,,,786318000.0,378170000.0,,,,135801000.0,0.85,0.85,153078000.0,153238000.0,1036576000.0,,,,,,,,,,,,,18898533000.0,,,,,,,,,11762849000.0,-176929000.0,-10429000.0,5691029000.0,18898533000.0,308898000.0,16899000.0,,-8116000.0,,,,,,-39253000.0,308993000.0,,,,,,,,,-346571000.0,,,-1290983000.0,-1328561000.0,
2014-09-30,1783291000.0,,,,,1190318000.0,592973000.0,,,,266326000.0,1.69,1.69,153120000.0,153273000.0,846664000.0,,,,,,,,,,,,,18875160000.0,,,,,,,,,11721440000.0,-148566000.0,-9866000.0,5725026000.0,18875160000.0,466143000.0,22708000.0,,-16254000.0,,,,,,-60795000.0,469677000.0,,,,,,,,,-488256000.0,,,-1499894000.0,-1518473000.0,
2014-12-31,2396998000.0,,,,,1595176000.0,801822000.0,,,,443611000.0,2.83,2.83,153089000.0,153308000.0,1763079000.0,,,,,,,,,,,,,19886767000.0,,,,,,,,,11878506000.0,-762464000.0,-9304000.0,5697298000.0,19886767000.0,628573000.0,28099000.0,,-12869000.0,,,,,,-57873000.0,695553000.0,,,,,,,,,-665124000.0,,,-632487000.0,-602058000.0,
2015-03-31,618476000.0,,,,,412267000.0,206209000.0,,,,173771000.0,1.12,1.11,153230000.0,153873000.0,1064396000.0,,,,,,,,,,,,,19179071000.0,,,,,,,,,11073970000.0,-690993000.0,-11907000.0,5782172000.0,19179071000.0,154223000.0,11011000.0,,1173000.0,,,,,,-23136000.0,201446000.0,,,,,,,,,2725000.0,,,-902854000.0,-698683000.0,
2015-06-30,1236697000.0,,,,,825562000.0,411135000.0,,,,255901000.0,1.63,1.63,153450000.0,153845000.0,1342751000.0,,,,,,,,,,,,,19113959000.0,,,,,,,,,11019279000.0,-711239000.0,1848000.0,5782978000.0,19113959000.0,322067000.0,16480000.0,,8588000.0,,,,,,-56580000.0,443076000.0,,,,,,,,,179165000.0,,,-1042569000.0,-420328000.0,
2015-09-30,1866581000.0,,,,,1227696000.0,638885000.0,,,,442556000.0,2.83,2.82,153595000.0,153825000.0,1387007000.0,,,,,,,,,,,,,18980263000.0,,,,,,,,,10917504000.0,-627054000.0,-20625000.0,5851915000.0,18980263000.0,475082000.0,22825000.0,,19851000.0,,,,,,-73370000.0,608878000.0,,,,,,,,,398801000.0,,,-1383751000.0,-376072000.0,
2015-12-31,2490821000.0,,,,,1641456000.0,849365000.0,,,,583106000.0,3.73,3.72,153471000.0,153844000.0,723718000.0,,,,,,,,,,,,,18379456000.0,,,,,,,,,10492529000.0,-780952000.0,-14114000.0,5709435000.0,18379456000.0,639542000.0,29183000.0,,46326000.0,,,,,,-34005000.0,799411000.0,,,,,,,,,-280226000.0,,,-1558546000.0,-1039361000.0,
2016-03-31,665985000.0,,,,,415632000.0,250353000.0,,,,184365000.0,1.18,1.18,153626000.0,153917000.0,1605678000.0,,,,,,,,,,,,,19175830000.0,,,,,,,,,11246040000.0,-699048000.0,-56706000.0,5749783000.0,19175830000.0,159448000.0,10069000.0,,-25018000.0,,,,,,-33319000.0,348980000.0,,,,,,,,,-109357000.0,,,642337000.0,881960000.0,
2016-06-30,1289531000.0,,,,,821054000.0,468477000.0,,,,283530000.0,1.81,1.81,153662000.0,153889000.0,1180044000.0,,,,,,,,,,,,,18963965000.0,,,,,,,,,11065746000.0,-702361000.0,-79748000.0,5732897000.0,18963965000.0,312623000.0,17647000.0,,-13963000.0,,,,,,-71805000.0,584151000.0,,,,,,,,,-425592000.0,,,297767000.0,456326000.0,
2016-09-30,1914759000.0,,,,,1288677000.0,626082000.0,,,,362910000.0,2.31,2.31,153754000.0,154136000.0,419323000.0,,,,,,,,,,,,,18789899000.0,,,,,,,,,10930646000.0,-725522000.0,-73943000.0,5725931000.0,18789899000.0,516371000.0,25290000.0,,-22135000.0,,,,,,-114321000.0,743785000.0,,,,,,,,,-1104384000.0,,,56204000.0,-304395000.0,
2016-12-31,2550820000.0,,,,,1725036000.0,825784000.0,,,,512785000.0,3.27,3.26,153715000.0,153977000.0,356914000.0,,,,,,,,,,,,,18851643000.0,,,,,,,,,10919719000.0,-693694000.0,-52251000.0,5786295000.0,18851643000.0,694403000.0,32911000.0,,-3688000.0,,,,,,-106022000.0,1036874000.0,,,,,,,,,-1329057000.0,,,-74621000.0,-366804000.0,
2017-03-31,632228000.0,,,,,426003000.0,206225000.0,,,,99708000.0,0.63,0.63,153860000.0,154214000.0,302939000.0,,,,,,,,,,,,,18966627000.0,,,,,,,,,11044189000.0,-712270000.0,-50983000.0,5775533000.0,18966627000.0,159205000.0,10802000.0,,-19023000.0,,,,,,-7090000.0,246530000.0,,,,,,,,,-262593000.0,,,-37912000.0,-53975000.0,
2017-06-30,1289135000.0,,,,,844220000.0,444915000.0,,,,236014000.0,1.5,1.5,154177000.0,154331000.0,492435000.0,,,,,,,,,,,,,19281762000.0,,,,,,,,,11208410000.0,-694320000.0,-53161000.0,5814374000.0,19281762000.0,311124000.0,19237000.0,,-2033000.0,,,,,,-33093000.0,372278000.0,,,,,,,,,-539470000.0,,,302713000.0,135521000.0,
2017-09-30,1946847000.0,,,,,1268203000.0,678644000.0,,,,355961000.0,2.26,2.26,154355000.0,154483000.0,493055000.0,,,,,,,,,,,,,19308518000.0,,,,,,,,,11208823000.0,-692739000.0,-51796000.0,5825218000.0,19308518000.0,463288000.0,27260000.0,,-12528000.0,,,,,,-65031000.0,592712000.0,,,,,,,,,-622427000.0,,,165856000.0,136141000.0,
2017-12-31,2602076000.0,,,,,1693966000.0,908110000.0,,,,462439000.0,2.93,2.93,154190000.0,154390000.0,434767000.0,,,,,,,,,,,,,19372233000.0,,,,,,,,,11269777000.0,-712343000.0,-50429000.0,5813957000.0,19372233000.0,617547000.0,35361000.0,,-2433000.0,,,,,,-44914000.0,907445000.0,,,,,,,,,-897814000.0,,,68222000.0,77853000.0,
2018-03-31,661151000.0,,,,,452999000.0,208152000.0,,,,178646000.0,1.14,1.14,154385000.0,154705000.0,294571000.0,,,,,,,,,,,,,19583939000.0,,,,,,,,,11399849000.0,-654879000.0,-49062000.0,5879028000.0,19583939000.0,165797000.0,14772000.0,,-22790000.0,,,,,,23089000.0,225778000.0,,,,,,,,,-183788000.0,,,-92230000.0,-50240000.0,
2018-06-30,1325635000.0,,,,,886859000.0,438776000.0,,,,309932000.0,1.97,1.97,154415000.0,154638000.0,472555000.0,,,,,,,,,,,,,19961163000.0,,,,,,,,,11747921000.0,-649747000.0,-47695000.0,5892840000.0,19961163000.0,322214000.0,23243000.0,,-33012000.0,,,,,,11571000.0,560846000.0,,,,,,,,,-485801000.0,,,146646000.0,221691000.0,
2018-09-30,2011919000.0,,,,,1334779000.0,677140000.0,,,,431710000.0,2.74,2.74,154440000.0,154678000.0,322502000.0,,,,,,,,,,,,,20137498000.0,,,,,,,,,11931524000.0,-677312000.0,-45137000.0,5876566000.0,20137498000.0,480210000.0,31700000.0,,-1578000.0,,,,,,-1561000.0,770627000.0,,,,,,,,,-1020067000.0,,,167855000.0,-81585000.0,
2018-12-31,2717076000.0,,,,,1791579000.0,,,,,582847000.0,3.71,3.7,154427000.0,154682000.0,543359000.0,,,,,,,,,,,,,20256477000.0,,,,,,,,,12042509000.0,-675534000.0,-47741000.0,5883171000.0,20256477000.0,645649000.0,40117000.0,,-29204000.0,,,,,,4955000.0,1150245000.0,,,,,,,,13615000.0,-1098876000.0,,,82453000.0,133822000.0,
2019-03-31,725767000.0,7863000.0,,,,475591000.0,,,,,100730000.0,0.63,0.63,154525000.0,154844000.0,360091000.0,,,,,,,,,,,,,20501604000.0,,,,,,,,,12331317000.0,-728083000.0,-48734000.0,5836618000.0,20501604000.0,164594000.0,15050000.0,,14000000.0,,,,,,-17831000.0,207234000.0,,,,,,,,,-223515000.0,,,-190612000.0,-206893000.0,
2019-06-30,1459508000.0,,902016000.0,,,957944000.0,,,,,267681000.0,1.7,1.69,154555000.0,154874000.0,1087001000.0,,,,,,,,,,,,,21268275000.0,,,,,,,,,13247608000.0,-710592000.0,-51340000.0,5715853000.0,21268275000.0,342005000.0,25444000.0,,11514000.0,,,,,,-30503000.0,565604000.0,,,,,,,,,-327952000.0,,,286081000.0,523733000.0,
2019-09-30,2203061000.0,,1358491000.0,,,1432266000.0,,,,,378075000.0,2.4,2.39,154577000.0,154847000.0,751210000.0,,,,,,,,,,,,,21288575000.0,,,,,,,,,13285727000.0,-749666000.0,-51996000.0,5671954000.0,21288575000.0,507867000.0,33253000.0,,20677000.0,,,,,,-78449000.0,819792000.0,,,,,,,,,-736466000.0,,,82248000.0,165574000.0,
2019-12-31,2960562000.0,,1826123000.0,,,1914925000.0,,,,,521534000.0,3.31,3.3,154582000.0,154883000.0,644950000.0,,,,,,,,,,,,,21284905000.0,,,,,,,,,13262304000.0,-760523000.0,-48335000.0,5684687000.0,21284905000.0,677764000.0,40958000.0,,24876000.0,,,,,,-49569000.0,1181165000.0,,,,,,,,0.0,-1015091000.0,,,-113379000.0,52695000.0,
2020-03-31,752556000.0,,471653000.0,,,481187000.0,,,,,500121000.0,3.21,3.2,155011000.0,155258000.0,660733000.0,,,,,,,,,,,,,21829698000.0,,,,,,,,,13402961000.0,-416740000.0,-55700000.0,6047866000.0,21829698000.0,171094000.0,17525000.0,,-17784000.0,,,,,,-21296000.0,175197000.0,,,,,,,,,-73793000.0,,,65288000.0,166692000.0,
2020-06-30,1407329000.0,,874057000.0,,,941694000.0,,,,,769482000.0,4.92,4.91,155386000.0,155407000.0,1691047000.0,,,,,,,,,,,,,23000777000.0,,,,,,,,,14447628000.0,-302511000.0,-54921000.0,6182067000.0,23000777000.0,349282000.0,27899000.0,,-18516000.0,,,,,,-21912000.0,554272000.0,,,,,,,,,-120522000.0,,,866019000.0,1299769000.0,
2020-09-30,2100597000.0,,1295723000.0,,,1400640000.0,,,,,862416000.0,5.5,5.49,155645000.0,155670000.0,1714783000.0,,,,,,,,,,,,,22959215000.0,,,,,,,,,14458573000.0,-364720000.0,-52622000.0,6129568000.0,22959215000.0,515738000.0,36152000.0,,-18543000.0,,,,,,-24868000.0,782423000.0,,,,,,,,,-388411000.0,,,678891000.0,1072903000.0,
2020-12-31,2765686000.0,,1694075000.0,,,1860364000.0,,,,,872727000.0,5.55,5.54,155432000.0,155517000.0,1668742000.0,,,,,,,,,,,,,22858190000.0,,,,,,,,,14511681000.0,-509653000.0,-49890000.0,5996083000.0,22858190000.0,683751000.0,44142000.0,,-22550000.0,,,,,,17629000.0,1156840000.0,,,,,,,,0.0,-613719000.0,,,484322000.0,1027443000.0,
2021-03-31,713695000.0,,443947000.0,,,484800000.0,,,,,100596000.0,0.59,0.59,155928000.0,156099000.0,697369000.0,,,,,,,,,,,,,22213552000.0,,,,,,,,,14084526000.0,-570982000.0,-45139000.0,5775641000.0,22213552000.0,176565000.0,20090000.0,,-26020000.0,,,,,,-24177000.0,152063000.0,,,,,,,,,-242273000.0,,,-679936000.0,-770146000.0,
2021-06-30,1427502000.0,,897116000.0,,,961148000.0,,,,,212344000.0,1.3,1.3,156107000.0,156519000.0,557307000.0,,,,,,,,,,,,,22059076000.0,,,,,,,,,13960103000.0,-612247000.0,-43166000.0,5749342000.0,22059076000.0,360403000.0,34370000.0,,-17110000.0,,,,,,-53919000.0,560476000.0,,,,,,,,,-563611000.0,,,-1078914000.0,-1082049000.0,
2021-09-30,2157558000.0,,1355845000.0,,,1442241000.0,,,,,320652000.0,0.69,1.99,156183000.0,156598000.0,1002728000.0,,,,,,,,,,,,,22848810000.0,,,,,,,,,14785286000.0,-657021000.0,-40803000.0,5716818000.0,22848810000.0,539815000.0,43098000.0,,-13738000.0,,,,,,-51938000.0,786859000.0,,,,,,,,,-998368000.0,,,-425899000.0,-637408000.0,
2021-12-31,2888621000.0,,1814288000.0,,,1920581000.0,,,,,505195000.0,,3.17,156116000.0,156376000.0,452692000.0,,,,,,,,,,,,,22365258000.0,,,,,,,,,14322462000.0,-625891000.0,-36662000.0,5834020000.0,22365258000.0,717336000.0,50860000.0,,-4820000.0,,,,,,-28739000.0,1133227000.0,,,,,,,,,-1039956000.0,,,-1311442000.0,-1218171000.0,
2022-03-31,754307000.0,,469316000.0,,,499978000.0,,,,,143047000.0,,0.91,156650000.0,157004000.0,436271000.0,,,,,,,,,,,,,22475634000.0,,,,,,,,,14422944000.0,-636421000.0,-28485000.0,5843602000.0,22475634000.0,177624000.0,21235000.0,,-17635000.0,,,,,,-12146000.0,219490000.0,,,,,,,,,-151335000.0,,,-86970000.0,-18815000.0,
2022-06-30,1528234000.0,,953358000.0,,,1001816000.0,,,,,366044000.0,2.33,2.33,156720000.0,157192000.0,456491000.0,,,,,,,,,,,,,23266433000.0,,,,,,,,,15115833000.0,-567016000.0,-27077000.0,5929749000.0,23266433000.0,360770000.0,36195000.0,,-10167000.0,,,,,,-37732000.0,616639000.0,,,,,,,,,-980170000.0,,,365223000.0,1692000.0,
2022-09-30,2318757000.0,,1442266000.0,,,1520810000.0,,,,,727144000.0,4.64,4.62,156754000.0,157144000.0,375774000.0,,,,,,,,,,,,,23726691000.0,,,,,,,,,15326635000.0,-359536000.0,-15991000.0,6155618000.0,23726691000.0,551445000.0,44208000.0,,-4133000.0,,,,,,-35490000.0,912403000.0,,,,,,,,,-1313220000.0,,,348545000.0,-52272000.0,
2022-12-31,3108581000.0,,1929527000.0,,,2050056000.0,,,,,848947000.0,5.42,5.4,156726000.0,157137000.0,690333000.0,,,,,,,,,,,,,24207669000.0,,,,,,,,,15837237000.0,-391356000.0,-13718000.0,6132919000.0,24207669000.0,749775000.0,52026000.0,,7621000.0,,,,,,-24120000.0,1282399000.0,,,,2404000.0,,,,,-1602802000.0,,,556057000.0,235654000.0,
2023-03-31,803200000.0,,491006000.0,,,568661000.0,,,,,77890000.0,0.5,0.5,156803000.0,157043000.0,918952000.0,,,,,,,,,,,,,24625422000.0,,,,,,,,,16313339000.0,-467159000.0,-18214000.0,6062787000.0,24625422000.0,208734000.0,26262000.0,,-7518000.0,,,,,,16565000.0,234010000.0,,,,733000.0,,,,,-285592000.0,,,279052000.0,227470000.0,
2023-06-30,1620353000.0,,994495000.0,,,1119527000.0,,,,,182215000.0,1.16,1.16,156826000.0,157218000.0,1581575000.0,,,,,,,,,,,,,25341680000.0,,,,,,,,,17048845000.0,-516550000.0,-3406000.0,6040052000.0,25341680000.0,411311000.0,41524000.0,,-3721000.0,,,,,,-21773000.0,613183000.0,,,,733000.0,,,,,-554864000.0,,,833359000.0,891678000.0,
2023-09-30,2444636000.0,,1496376000.0,,,1672241000.0,,,,,-111826000.0,-0.71,-0.71,156880000.0,157177000.0,882647000.0,,,,,,,,,,,,,24739148000.0,,,,,,,,,16698784000.0,-782275000.0,2866000.0,5788083000.0,24739148000.0,618746000.0,46699000.0,,13467000.0,,,,,,-6254000.0,914372000.0,,,,1990000.0,,,,,-875578000.0,,,154782000.0,193576000.0,
2023-12-31,3273569000.0,,1998776000.0,,,2239227000.0,,,,,190215000.0,1.21,1.21,156863000.0,157201000.0,1531477000.0,,,,,,,,,,,,,26026149000.0,,,,,,,,,17833785000.0,-816152000.0,-21147000.0,5876697000.0,26026149000.0,830813000.0,51478000.0,,31470000.0,,,,,,7267000.0,1301520000.0,,,,2187000.0,13155000.0,,,,-1193681000.0,,,767916000.0,875755000.0,
2024-03-31,839439000.0,,508820000.0,,,593712000.0,,,,,79883000.0,0.51,0.51,156983000.0,157132000.0,701695000.0,,,,,,,,,,,,,25525978000.0,,,,,,,,,17240265000.0,-890177000.0,-3620000.0,5857699000.0,25525978000.0,218716000.0,18873000.0,,-29454000.0,,,,,,-12846000.0,197595000.0,,,,0.0,-6086000.0,,,,-286619000.0,,,-756909000.0,-845933000.0,
2024-06-30,1689921000.0,,1017537000.0,,,1192965000.0,,,,,159498000.0,1.02,1.01,157039000.0,157291000.0,685376000.0,,,,,,,,,,,,,25474448000.0,,,,,,,,,17184205000.0,-964518000.0,-155000.0,5802862000.0,25474448000.0,438258000.0,35187000.0,,-39743000.0,,,,,,-32922000.0,564659000.0,,,,625000.0,-6086000.0,,,,-553504000.0,,,-886221000.0,-875066000.0,
2024-09-30,2549148000.0,,1528615000.0,,,1790774000.0,,,,,243126000.0,1.55,1.54,157725000.0,158213000.0,1420475000.0,,,,,,,,,,,,,26405536000.0,,,,,,,,,18123230000.0,-1035710000.0,-26428000.0,5759209000.0,26405536000.0,661148000.0,39552000.0,,-23932000.0,,,,,,-27579000.0,850755000.0,,,,1500000.0,-6086000.0,,,,-850787000.0,,,-141051000.0,-141083000.0,
