Date,Net sales,Cost of sales,Gross margin,Research and development,"Selling, general and administrative",Total operating expenses,Operating income,"Other income/(expense), net",Income before provision for income taxes,Provision for income taxes,Net income,Earnings per share basic,Earnings per share diluted,Weighted-average basic,Weighted-average diluted,Cash and cash equivalents,Short-term marketable securities,"Accounts receivable, net",Inventories,Deferred tax assets,Vendor non-trade receivables,Other current assets,Total current assets,Long-term marketable securities,"Property, Plant and Equipment, Net",Goodwill,"Acquired intangible assets, net","Other Assets, Noncurrent",Total assets,accounts payable,Accrued expenses,Deferred revenue,Total current liabilities,Deferred revenue - non-current,deferred tax liabilities,long term taxes payable,Total other non-current liabilities,Total liabilities,Retained Earnings (Accumulated Deficit),Accumulated other comprehensive (loss)/income,Total shareholders equity,Total liabilities and shareholders' equity,"Depreciation, amortization and accretion",Stock-based compensation expense,Deferred income tax expense,"Increase (Decrease) in Accounts receivable, net",Increase (Decrease) in Inventories,Increase (Decrease) in Other Receivables,Increase (Decrease) in Other Operating Assets,Increase (Decrease) in Accounts Payable,Increase (Decrease) in Deferred Revenue,Increase (Decrease) Other liabilities,Cash generated by operating activities,Purchases of marketable securities,Proceeds from maturities of marketable securities,Proceeds from sales of marketable securities,Purchases of other long-term investments,"Business acquisitions, net of cash acquired",Cash payments for capital asset purchases,Payments for acquisition of intangible assets,Payments for (Proceeds from) Other Investing Activities,Cash used in investing activities,Proceeds from issuance of common stock,Excess tax benefits from stock-based compensation,Cash generated/used in financing activities,Increase/(decrease) in cash and cash equivalents,"Cash paid for income taxes, net"
2009-12-31,80285000000.0,,,,,47822000000.0,,,-7799000000.0,-6733000000.0,-1606000000.0,-0.8,-0.8,11568300000.0,12099000000.0,,,,,,,,,,,25392000000.0,,,1856646000000.0,,,,,,,,,1701673000000.0,77440000000.0,-18937000000.0,152700000000.0,1856646000000.0,2853000000.0,,-7709000000.0,,,,,,,,-55719000000.0,,,,,,1146000000.0,,,38286000000.0,17514000000.0,,13006000000.0,,-289000000.0
2010-03-31,25421000000.0,,,,,11518000000.0,,,5285000000.0,1036000000.0,4428000000.0,0.15,0.15,28444300000.0,29333500000.0,,,,,,,,,,,25662000000.0,,,2002213000000.0,,,,,,,,,1848434000000.0,73432000000.0,-17859000000.0,151421000000.0,2002213000000.0,623000000.0,,,,,,,,,,35418000000.0,,,,,,278000000.0,,,14398000000.0,,,-49477000000.0,,1802000000.0
2010-06-30,47492000000.0,,,,,23384000000.0,,,8825000000.0,1848000000.0,7125000000.0,0.25,0.24,28849400000.0,29752600000.0,,,,,,,,,,,25201000000.0,,,1937656000000.0,,,,,,,,,1780326000000.0,76130000000.0,-19170000000.0,154806000000.0,1937656000000.0,1243000000.0,,,,,,,,,,41601000000.0,,,,,,528000000.0,,-7270000000.0,40278000000.0,,,-82645000000.0,,2769000000.0
2010-09-30,68230000000.0,,,,,34904000000.0,,,12124000000.0,2546000000.0,9293000000.0,0.32,0.31,28877500000.0,29778300000.0,,,,,,,,,,,25797000000.0,,,1983280000000.0,,,,,,,,,1818097000000.0,78260000000.0,-15309000000.0,162913000000.0,1983280000000.0,1379000000.0,,,,,,,,,,24281000000.0,,,,,,805000000.0,,18194000000.0,30651000000.0,,,-54737000000.0,,3392000000.0
2010-12-31,86601000000.0,,,,,47375000000.0,,,13184000000.0,2233000000.0,10602000000.0,0.36,0.35,28776000000.0,29678100000.0,,,,,52095000000.0,,,,,,26152000000.0,,,1913902000000.0,,,,,,,,,1748113000000.0,79559000000.0,-16277000000.0,163468000000.0,1913902000000.0,2664000000.0,,-964000000.0,,,,,,,,35686000000.0,,,,,,2363000000.0,,-5233000000.0,43337000000.0,,,-77428000000.0,,4307000000.0
2011-03-31,19726000000.0,,,,,12326000000.0,,,4216000000.0,1185000000.0,2999000000.0,0.1,0.1,29043500000.0,29965800000.0,,,,,,,,,,,26339000000.0,,,1947815000000.0,,,,,,,,,1774422000000.0,82554000000.0,-13984000000.0,171037000000.0,1947815000000.0,671000000.0,,,,,,,,,,1039000000.0,,,,,,688000000.0,,,-16992000000.0,,,15492000000.0,,874000000.0
2011-06-30,40348000000.0,,,,,25262000000.0,,,8515000000.0,2152000000.0,6340000000.0,2.14,2.08,2908600000.0,2997000000.0,,,,,,,,,,,26621000000.0,,,1956626000000.0,,,,,,,,,1777981000000.0,85857000000.0,-12222000000.0,176364000000.0,1956626000000.0,1391000000.0,,,,,,,,,,4845000000.0,,,,,,1530000000.0,,-5471000000.0,8255000000.0,0.0,,-16884000000.0,,1916000000.0
2011-09-30,61179000000.0,,,,,37722000000.0,,,13535000000.0,3430000000.0,10111000000.0,3.41,3.32,2910800000.0,2998600000.0,,,,,,,,,,,25496000000.0,,,1935992000000.0,,,,,,,,,1756650000000.0,89602000000.0,-17044000000.0,177372000000.0,1935992000000.0,2135000000.0,,,,,,,,,,30820000000.0,,,,,,2447000000.0,,-192000000.0,19896000000.0,,,-53885000000.0,,2617000000.0
2011-12-31,78353000000.0,,,,,50933000000.0,,,14624000000.0,3521000000.0,11067000000.0,3.73,3.63,2909800000.0,2998800000.0,,,,,51530000000.0,,,,,,25413000000.0,,,1873878000000.0,,,,,,,,,1694305000000.0,90520000000.0,-17788000000.0,177806000000.0,1873878000000.0,2872000000.0,,-74000000.0,,,,,,,,44741000000.0,,,,,,3448000000.0,,-4528000000.0,11266000000.0,,,-56646000000.0,,2705000000.0
2012-03-31,19406000000.0,,,,,12319000000.0,,,4068000000.0,1006000000.0,2931000000.0,0.98,0.95,2926200000.0,3014500000.0,,,,,,,,,,,25810000000.0,6413000000.0,,1944423000000.0,,,,,,,,,1760700000000.0,93310000000.0,-16735000000.0,181820000000.0,1944423000000.0,738000000.0,,,,,,2196000000.0,,,71000000.0,5498000000.0,,,,,,844000000.0,,28846000000.0,-34419000000.0,,,26328000000.0,-2196000000.0,916000000.0
2012-06-30,38048000000.0,,,,,24453000000.0,,,7770000000.0,1721000000.0,5877000000.0,1.96,1.91,2926600000.0,3015000000.0,,,,,,,,,,,25483000000.0,6156000000.0,,1916451000000.0,,,,,,,,,1730612000000.0,96216000000.0,-17749000000.0,183911000000.0,1916451000000.0,1512000000.0,,,,,,-3219000000.0,,,-2802000000.0,4133000000.0,,,,,,1774000000.0,,729000000.0,-13992000000.0,,,15364000000.0,5226000000.0,1845000000.0
2012-09-30,51999000000.0,,,,,36673000000.0,,,6806000000.0,-1488000000.0,6345000000.0,2.12,2.06,2926800000.0,3015300000.0,,,,,,,,,,,25915000000.0,5963000000.0,,1931346000000.0,,,,,,,,,1742608000000.0,96650000000.0,-15566000000.0,186777000000.0,1931346000000.0,2264000000.0,,,,,,35000000.0,,,-2070000000.0,7564000000.0,,,,,,1875000000.0,,15243000000.0,-18063000000.0,,,15452000000.0,5101000000.0,2582000000.0
2012-12-31,70173000000.0,,,,,50518000000.0,,,7936000000.0,27000000.0,7541000000.0,2.51,2.44,2930600000.0,3015500000.0,,,,,55322000000.0,,,,,,25673000000.0,5697000000.0,,1864660000000.0,,,,,,,,,1673663000000.0,97809000000.0,-16896000000.0,189049000000.0,1864660000000.0,2507000000.0,,-4091000000.0,,,,524000000.0,,,-1457000000.0,14271000000.0,,,,,,3604000000.0,,,18571000000.0,,,-25364000000.0,7752000000.0,3900000000.0
2013-03-31,20491000000.0,,,,,12398000000.0,,,5553000000.0,1588000000.0,3808000000.0,1.23,1.23,3040100000.0,3044700000.0,,,,,,,,,,,25474000000.0,5457000000.0,,1881734000000.0,,,,,,,,,1686395000000.0,101580000000.0,-17059000000.0,193359000000.0,1881734000000.0,603000000.0,,,,,,-5623000000.0,,,721000000.0,25019000000.0,,,,,,734000000.0,,,-28266000000.0,,,-1460000000.0,-5303000000.0,1127000000.0
2013-06-30,40706000000.0,,,,,24407000000.0,,,11816000000.0,3697000000.0,7990000000.0,2.57,2.57,3040700000.0,3046300000.0,,,,,,,,,,,24896000000.0,4981000000.0,,1883988000000.0,,,,,,,,,1686162000000.0,105725000000.0,-19924000000.0,195926000000.0,1883988000000.0,1218000000.0,,,,,,-15744000000.0,,,-4887000000.0,45050000000.0,,,,,,1475000000.0,,,-55194000000.0,,,6022000000.0,-5308000000.0,2452000000.0
2013-09-30,58586000000.0,,,,,36062000000.0,,,16082000000.0,4777000000.0,11217000000.0,3.58,3.57,3038400000.0,3044000000.0,,,,,,,,,,,25098000000.0,4888000000.0,,1899511000000.0,,,,,,,,,1696772000000.0,108812000000.0,-18798000000.0,200846000000.0,1899511000000.0,2451000000.0,,,,,,-15341000000.0,,,-4466000000.0,59299000000.0,,,,,,2349000000.0,,,-78567000000.0,,,17057000000.0,-3643000000.0,3253000000.0
2013-12-31,76366000000.0,,,,,48355000000.0,,,19497000000.0,5867000000.0,13673000000.0,4.35,4.35,3035800000.0,3041600000.0,,,,,52799000000.0,,,,,,25009000000.0,5056000000.0,,1880382000000.0,,,,,,,,,1674249000000.0,111168000000.0,-19133000000.0,204339000000.0,1880382000000.0,3303000000.0,,2380000000.0,,,,-13332000000.0,,,-7880000000.0,57410000000.0,,,,,,3490000000.0,,,-93306000000.0,,,30896000000.0,-6568000000.0,4495000000.0
2014-03-31,20124000000.0,,,,,12149000000.0,,,6001000000.0,2050000000.0,3943000000.0,1.24,1.23,3037400000.0,3043300000.0,,,,,,,,,,,25008000000.0,4891000000.0,,1894736000000.0,,,,,,,,,1684494000000.0,115091000000.0,-19146000000.0,208462000000.0,1894736000000.0,843000000.0,,,,,,857000000.0,,,2523000000.0,9844000000.0,,,,,,868000000.0,,,-4491000000.0,,,-1711000000.0,3495000000.0,1317000000.0
2014-06-30,39466000000.0,,,,,27670000000.0,,,8092000000.0,3888000000.0,4124000000.0,1.26,1.26,3035600000.0,3040800000.0,,,,,,,,,,,25087000000.0,4702000000.0,,1909715000000.0,,,,,,,,,1696616000000.0,115361000000.0,-18147000000.0,211362000000.0,1909715000000.0,1739000000.0,,,,,,2829000000.0,,,14833000000.0,11856000000.0,,,,,,2207000000.0,,,-9005000000.0,,,2608000000.0,5383000000.0,3086000000.0
2014-09-30,59070000000.0,,,,,40625000000.0,,,12991000000.0,5873000000.0,6963000000.0,2.14,2.14,3033500000.0,3038800000.0,,,,,,,,,,,24500000000.0,4525000000.0,,1882849000000.0,,,,,,,,,1668958000000.0,118041000000.0,-19976000000.0,212272000000.0,1882849000000.0,2673000000.0,,,,,,-22000000.0,,,5256000000.0,18143000000.0,,,,,,2474000000.0,,,1960000000.0,,,-12681000000.0,6091000000.0,3687000000.0
2014-12-31,76882000000.0,,,,,55051000000.0,,,14364000000.0,6864000000.0,7313000000.0,2.21,2.2,3031600000.0,3037000000.0,,,,,49507000000.0,,,,,,23592000000.0,4566000000.0,,1842530000000.0,,,,,,,,,1630485000000.0,118201000000.0,-23216000000.0,210534000000.0,1842530000000.0,3589000000.0,,3014000000.0,,,,-709000000.0,,,4544000000.0,45434000000.0,,,,,,3386000000.0,,,29491000000.0,,,-70270000000.0,2223000000.0,4632000000.0
2015-03-31,19736000000.0,,,,,10884000000.0,,,6937000000.0,2120000000.0,4770000000.0,1.51,1.51,3034200000.0,3039300000.0,,,,,,,,,,,23150000000.0,4244000000.0,,1831801000000.0,,,,,,,,,1615778000000.0,122463000000.0,-24691000000.0,214620000000.0,1831801000000.0,885000000.0,,,,,,730000000.0,,,386000000.0,2093000000.0,,,,,,740000000.0,,,7595000000.0,,,-19852000000.0,-10228000000.0,1100000000.0
2015-06-30,39206000000.0,,,,,21812000000.0,,,13831000000.0,4156000000.0,9616000000.0,3.03,3.02,3027100000.0,3032100000.0,,,,,,,,,,,23012000000.0,4071000000.0,,1829370000000.0,,,,,,,,,1608545000000.0,126954000000.0,-25104000000.0,219440000000.0,1829370000000.0,1767000000.0,,,,,,1382000000.0,,,3575000000.0,18346000000.0,,,,,,1471000000.0,,,-8612000000.0,,,-18326000000.0,-8695000000.0,2863000000.0
2015-09-30,57898000000.0,,,,,32481000000.0,,,20018000000.0,6037000000.0,13907000000.0,4.38,4.38,3015800000.0,3020400000.0,,,,,,,,,,,22444000000.0,3880000000.0,,1808356000000.0,,,,,,,,,1586219000000.0,130921000000.0,-27257000000.0,220848000000.0,1808356000000.0,2632000000.0,,,,,,-1037000000.0,,,1999000000.0,41364000000.0,,,,,,2472000000.0,,,-17025000000.0,,,-33970000000.0,-10382000000.0,4043000000.0
2015-12-31,76354000000.0,,,,,,,,24826000000.0,7440000000.0,17242000000.0,5.41,5.4,3004000000.0,3007700000.0,,,,,47849000000.0,,,,,,22349000000.0,3721000000.0,,1731210000000.0,,,,,,,,,1508118000000.0,133841000000.0,-29344000000.0,221857000000.0,1731210000000.0,3506000000.0,,2794000000.0,,,,32000000.0,,,-1135000000.0,39737000000.0,,,,,,3198000000.0,,2621000000.0,14883000000.0,,,-64773000000.0,-11208000000.0,4978000000.0
2016-03-31,17555000000.0,,,,,,,,4987000000.0,1479000000.0,3501000000.0,1.1,1.1,2943000000.0,2943100000.0,,,,,,,,,,,22575000000.0,3493000000.0,,1801000000000.0,,,,,,,,,1572206000000.0,136998000000.0,-26626000000.0,227522000000.0,1800967000000.0,908000000.0,,,,,,3327000000.0,,,-179000000.0,144000000.0,,,,,,702000000.0,,472000000.0,-37190000000.0,,,38196000000.0,1340000000.0,688000000.0
2016-06-30,35103000000.0,,,,,,,,10757000000.0,3202000000.0,7499000000.0,2.35,2.35,2929400000.0,2929500000.0,,,,,,,,,,,22496000000.0,5521000000.0,,1819000000000.0,,,,,,,,,1585750000000.0,140527000000.0,-26115000000.0,231888000000.0,1818771000000.0,1776000000.0,,,,,,4345000000.0,,,7175000000.0,21067000000.0,,,,,,1377000000.0,,987000000.0,-57513000000.0,,,37810000000.0,1240000000.0,2045000000.0
2016-09-30,52863000000.0,,,,,,,,16377000000.0,4935000000.0,11339000000.0,3.58,3.58,2912900000.0,2913000000.0,,,,,,,,,,,22539000000.0,5358000000.0,,1818117000000.0,,,,,,,,,1585427000000.0,143678000000.0,-27193000000.0,231575000000.0,1818117000000.0,2714000000.0,,,,,,2009000000.0,,,1398000000.0,28334000000.0,,,,,,2092000000.0,,1625000000.0,-71616000000.0,,,45945000000.0,2519000000.0,2855000000.0
2016-12-31,69875000000.0,,,,,,,,21477000000.0,6444000000.0,14912000000.0,4.72,4.72,2888100000.0,2888300000.0,,,,,46700000000.0,,,,,,21659000000.0,5114000000.0,,1792077000000.0,,,,,,,,,1565934000000.0,146477000000.0,-32381000000.0,225120000000.0,1792077000000.0,3720000000.0,,1459000000.0,,,,6859000000.0,,,-28000000.0,53932000000.0,,,,,,2756000000.0,,2089000000.0,-79588000000.0,,,28292000000.0,2143000000.0,4359000000.0
2017-03-31,18120000000.0,,,,,,,,5981000000.0,1863000000.0,4090000000.0,1.35,1.35,2765300000.0,2765500000.0,,,,,,,,,,,22265000000.0,5013000000.0,,1822000000000.0,,,,,,,,,1592482000000.0,149731000000.0,-30917000000.0,228132000000.0,1821635000000.0,896000000.0,,,,,,811000000.0,,,-5685000000.0,-3006000000.0,,,,,,786000000.0,,653000000.0,-17243000000.0,,,19138000000.0,-771000000.0,913000000.0
2017-06-30,36021000000.0,,,,,,,,11659000000.0,3658000000.0,7962000000.0,2.63,2.63,2752200000.0,2752300000.0,,,,,,,,,,,22349000000.0,4887000000.0,,1864063000000.0,,,,,,,,,1632956000000.0,152178000000.0,-29899000000.0,230019000000.0,1864063000000.0,1797000000.0,,,,,,3343000000.0,,,-3522000000.0,-21511000000.0,,,,,,1647000000.0,,1432000000.0,-39751000000.0,,,58936000000.0,-2103000000.0,1975000000.0
2017-09-30,54194000000.0,,,,,,,,17662000000.0,5524000000.0,12095000000.0,4.05,4.05,2729300000.0,2729500000.0,,,,,,,,,,,22345000000.0,4732000000.0,,1889133000000.0,,,,,,,,,1660511000000.0,155174000000.0,-29891000000.0,227634000000.0,1889133000000.0,2717000000.0,,,,,,4501000000.0,,,779000000.0,-3305000000.0,,,,,,2502000000.0,,2210000000.0,-69670000000.0,,,71937000000.0,-439000000.0,2714000000.0
2017-12-31,71449000000.0,,,,,,,,22761000000.0,29388000000.0,-6798000000.0,-2.98,-2.98,2698500000.0,2698500000.0,,,,,22500000000.0,,,,,,22256000000.0,4588000000.0,,1842465000000.0,,,,,,,,,1640793000000.0,138425000000.0,-34668000000.0,200740000000.0,1842465000000.0,3659000000.0,,24877000000.0,,,,2489000000.0,,,-3421000000.0,-8587000000.0,,,,,,3361000000.0,,2984000000.0,-58228000000.0,,,66854000000.0,732000000.0,2083000000.0
2018-03-31,18872000000.0,,,,,,,,6090000000.0,1441000000.0,4620000000.0,1.68,1.68,2561600000.0,2563000000.0,202704000000.0,,,,,,,,,,22659000000.0,4450000000.0,,1922104000000.0,,,,,,,,,1719238000000.0,141863000000.0,-34619000000.0,201915000000.0,1922104000000.0,926000000.0,,,,,,3503000000.0,,,1561000000.0,6956000000.0,,,,,,969000000.0,,-49000000.0,-32124000000.0,,,47363000000.0,22188000000.0,738000000.0
2018-06-30,37341000000.0,,,,,,,,12035000000.0,2885000000.0,9110000000.0,3.31,3.31,2546200000.0,2547600000.0,200902000000.0,,,,,,,,,,22058000000.0,4729000000.0,,1912334000000.0,,,,,,,,,1711366000000.0,145211000000.0,-37494000000.0,200094000000.0,1912334000000.0,1855000000.0,,,,,,5799000000.0,,,-2685000000.0,8319000000.0,,,,,,1690000000.0,,-98000000.0,-36629000000.0,,,49299000000.0,20386000000.0,2239000000.0
2018-09-30,55730000000.0,,,,,,,,18139000000.0,4356000000.0,13732000000.0,5.04,5.04,2524100000.0,2525500000.0,199286000000.0,,,,,,,,,,22187000000.0,4598000000.0,,1925165000000.0,,,,,,,,,1727302000000.0,148436000000.0,-38645000000.0,197004000000.0,1925165000000.0,2800000000.0,,,,,,8696000000.0,,,-848000000.0,30066000000.0,,,,,,2682000000.0,,-147000000.0,-56563000000.0,,,45976000000.0,18770000000.0,3261000000.0
2018-12-31,72854000000.0,,,,,,,,23445000000.0,5357000000.0,18045000000.0,6.69,6.68,2493300000.0,2494800000.0,188105000000.0,,,,22903000000.0,,,,,,22046000000.0,5220000000.0,,1917383000000.0,,,,,,,,,1720309000000.0,151347000000.0,-37170000000.0,196220000000.0,1917383000000.0,3754000000.0,,-51000000.0,,,,5791000000.0,,,-871000000.0,36952000000.0,,,,,,3774000000.0,,-181000000.0,-73118000000.0,,,44528000000.0,7589000000.0,4313000000.0
2019-03-31,18576000000.0,,,,,,,,6012000000.0,1275000000.0,4710000000.0,1.88,1.87,2340400000.0,2342400000.0,,,,,,,,,,,22037000000.0,5196000000.0,,1958413000000.0,,,,,,,,,1761398000000.0,154859000000.0,-36308000000.0,196252000000.0,1958413000000.0,931000000.0,,,,,,2961000000.0,,,2585000000.0,-37616000000.0,,,,,,518000000.0,,-38000000.0,16043000000.0,,,39537000000.0,17788000000.0,1325000000.0
2019-06-30,37334000000.0,,,,,,,,12177000000.0,2648000000.0,9509000000.0,3.82,3.82,2313200000.0,2315700000.0,,,,,,,,,,,22065000000.0,5026000000.0,,1988226000000.0,,,,,,,,,1790116000000.0,158321000000.0,-35203000000.0,197359000000.0,1988226000000.0,1883000000.0,,,,,,5442000000.0,,,6462000000.0,-37756000000.0,,,,,,3349000000.0,,-71000000.0,5298000000.0,,,48312000000.0,15138000000.0,2814000000.0
2019-09-30,55908000000.0,,,,,,,,18199000000.0,3727000000.0,14422000000.0,5.92,5.89,2282400000.0,2298200000.0,,,,,,,,,,,21822000000.0,4844000000.0,,2015000000000.0,,,,,,,,,1817732000000.0,161797000000.0,-36135000000.0,196373000000.0,2014802000000.0,2866000000.0,,,,,,-2866000000.0,,,2360000000.0,-35358000000.0,,,,,,4360000000.0,,-105000000.0,-12092000000.0,,,81151000000.0,32338000000.0,3735000000.0
2019-12-31,74286000000.0,8383000000.0,,,,,,,23901000000.0,4430000000.0,19401000000.0,8.08,8.04,2249200000.0,2265300000.0,,,,,23100000000.0,,,,,,22126000000.0,4822000000.0,,1951158000000.0,,,,,,,,,1757212000000.0,165369000000.0,-36318000000.0,193242000000.0,1951158000000.0,3905000000.0,,-610000000.0,,,,-4724000000.0,,,1829000000.0,-12837000000.0,,,,,,5336000000.0,,-196000000.0,-23374000000.0,,,42933000000.0,5814000000.0,4888000000.0
2020-03-31,20731000000.0,7027000000.0,,,,,,,3110000000.0,576000000.0,2522000000.0,1.05,1.05,2097900000.0,2113700000.0,,,,,,,,,,,21264000000.0,4560000000.0,,2220000000000.0,,,,,,,,,2026788000000.0,163438000000.0,-32521000000.0,192331000000.0,2219770000000.0,927000000.0,,,,,,3010000000.0,,,1605000000.0,-25533000000.0,,,,,,460000000.0,,-18000000.0,-72857000000.0,,,191358000000.0,92001000000.0,1441000000.0
2020-06-30,40497000000.0,14930000000.0,,,,,,,4558000000.0,707000000.0,3838000000.0,1.56,1.56,2089800000.0,2103000000.0,,,,,,,,,,,21399000000.0,4451000000.0,,2233000000000.0,,,,,,,,,2040413000000.0,163431000000.0,-33345000000.0,191622000000.0,2232715000000.0,1853000000.0,,,,,,-1585000000.0,,,2620000000.0,-19208000000.0,,,,,,1318000000.0,,-44000000.0,-91689000000.0,,,227723000000.0,115854000000.0,2543000000.0
2020-09-30,57799000000.0,17192000000.0,,,,,,,8634000000.0,1522000000.0,7068000000.0,2.97,2.96,2087100000.0,2100100000.0,,,,,,,,,,,21624000000.0,4804000000.0,,2234459000000.0,,,,,,,,,2039864000000.0,165303000000.0,-33065000000.0,193876000000.0,2234459000000.0,2886000000.0,,,,,,-85000000.0,,,-1070000000.0,-22254000000.0,,,,,,2300000000.0,,-70000000.0,-83200000000.0,,,236032000000.0,129776000000.0,3837000000.0
2020-12-31,74298000000.0,17495000000.0,,,,,,,13632000000.0,2525000000.0,11047000000.0,4.74,4.72,2085800000.0,2099000000.0,,,,,24840000000.0,,,,,,22162000000.0,4747000000.0,,2260090000000.0,,,,,,,,,2059890000000.0,168272000000.0,-32058000000.0,199442000000.0,2260090000000.0,3937000000.0,,-2333000000.0,,,,1012000000.0,,,558000000.0,-20621000000.0,,,,,,3446000000.0,,-116000000.0,-95312000000.0,,,233595000000.0,115696000000.0,4797000000.0
2021-03-31,19327000000.0,,,,,,,,10309000000.0,2332000000.0,7942000000.0,3.64,3.62,2082000000.0,2096600000.0,,,,,,,,,,,21905000000.0,4741000000.0,,2314266000000.0,,,,,,,,,2110993000000.0,174816000000.0,-35011000000.0,202549000000.0,2314266000000.0,962000000.0,,,,,,383000000.0,,,3047000000.0,23198000000.0,,,,,,830000000.0,,-40000000.0,-40934000000.0,,,33255000000.0,15067000000.0,950000000.0
2021-06-30,36801000000.0,,,,,,,,17657000000.0,3487000000.0,14135000000.0,6.52,6.47,2069300000.0,2084800000.0,,,,,,,,,,,22060000000.0,4687000000.0,,2328000000000.0,,,,,,,,,2124958000000.0,179686000000.0,-35120000000.0,202159000000.0,2327868000000.0,1944000000.0,,,,,,2260000000.0,,,3300000000.0,23563000000.0,,,,,,1771000000.0,,-81000000.0,-78111000000.0,,,44614000000.0,-10377000000.0,2176000000.0
2021-09-30,53955000000.0,,,,,,,,23519000000.0,4680000000.0,18779000000.0,8.7,8.65,2049300000.0,2065300000.0,,,,,,,,,,,21573000000.0,4553000000.0,,2362000000000.0,,,,,,,,,2160266000000.0,183024000000.0,-36851000000.0,200875000000.0,2361876000000.0,2979000000.0,,,,,,1781000000.0,,,8989000000.0,59185000000.0,,,,,,2811000000.0,,-146000000.0,-112069000000.0,,,67866000000.0,14193000000.0,3063000000.0
2021-12-31,71884000000.0,,,,,,,,27469000000.0,5451000000.0,21952000000.0,10.21,10.14,2033000000.0,2049400000.0,,,,,24800000000.0,,,,,,21299000000.0,4495000000.0,,2291413000000.0,,,,,,,,,2088741000000.0,184948000000.0,-38765000000.0,201972000000.0,2291413000000.0,3964000000.0,,1413000000.0,,,,2139000000.0,,,6839000000.0,61249000000.0,,,,,,4119000000.0,,-185000000.0,-124905000000.0,,,17272000000.0,-47582000000.0,4028000000.0
2022-03-31,19186000000.0,,,,,,,,5266000000.0,941000000.0,4306000000.0,2.03,2.02,1971700000.0,1988200000.0,,,,,,,,,,,19865000000.0,4522000000.0,,2394105000000.0,,,,,,,,,2195752000000.0,187962000000.0,-43585000000.0,197709000000.0,2394105000000.0,1015000000.0,,,,,,7497000000.0,,,310000000.0,-13544000000.0,66115000000.0,28333000000.0,57084000000.0,,,1229000000.0,,-109000000.0,-34523000000.0,,,58354000000.0,10054000000.0,631000000.0
2022-06-30,38824000000.0,,,,,,,,11237000000.0,2123000000.0,8853000000.0,4.23,4.2,1956600000.0,1973200000.0,,,,,,,,,,,19597000000.0,4526000000.0,,2381000000000.0,,,,,,,,,2181278000000.0,191261000000.0,-45495000000.0,199014000000.0,2380904000000.0,2089000000.0,,,,,,3450000000.0,,,-2117000000.0,-3269000000.0,123528000000.0,76871000000.0,79952000000.0,,,2465000000.0,,332000000.0,-43301000000.0,,,70445000000.0,21997000000.0,1661000000.0
2022-09-30,57332000000.0,,,,,,,,15631000000.0,3002000000.0,12332000000.0,5.87,5.84,1950000000.0,1967100000.0,,,,,,,,,,,19326000000.0,4485000000.0,,2381064000000.0,,,,,,,,,2181947000000.0,193462000000.0,-48298000000.0,198560000000.0,2381064000000.0,3154000000.0,,-576000000.0,,,,2754000000.0,,,1303000000.0,-4170000000.0,177306000000.0,118951000000.0,86454000000.0,,,3667000000.0,,530000000.0,-26822000000.0,,,71568000000.0,37574000000.0,2684000000.0
2022-12-31,75338000000.0,,,,,,,,18807000000.0,3642000000.0,14845000000.0,7.04,7.0,1946700000.0,1964300000.0,,,,,27700000000.0,,,,,,19691000000.0,4428000000.0,,2417000000000.0,,,,,,,,,2214838000000.0,194734000000.0,-47062000000.0,201189000000.0,2416676000000.0,4262000000.0,,-1141000000.0,,,,4992000000.0,,,5343000000.0,25069000000.0,218747000000.0,140934000000.0,79687000000.0,,,5632000000.0,,791000000.0,-79455000000.0,,,137763000000.0,79992000000.0,3733000000.0
2023-03-31,21447000000.0,,,,,,,,6183000000.0,1531000000.0,4606000000.0,2.21,2.19,1943500000.0,1964100000.0,,,,,,,,,,,19882000000.0,4632000000.0,,2455113000000.0,,,,,,,,,2246094000000.0,198353000000.0,-45441000000.0,208295000000.0,2455113000000.0,1111000000.0,,-28000000.0,,,,3608000000.0,,,-6132000000.0,-30485000000.0,52708000000.0,51034000000.0,18619000000.0,,,1634000000.0,,4815000000.0,-3073000000.0,,,15766000000.0,-18066000000.0,1593000000.0
2023-06-30,40883000000.0,,,,,,,,10225000000.0,2621000000.0,7521000000.0,3.54,3.52,1943200000.0,1968600000.0,,,,,,,,,,,19998000000.0,4576000000.0,,2424000000000.0,,,,,,,,,2214253000000.0,199976000000.0,-45865000000.0,208719000000.0,2423675000000.0,2247000000.0,,-852000000.0,,,,4884000000.0,,,-3101000000.0,-84544000000.0,114278000000.0,105204000000.0,29897000000.0,,,3125000000.0,,370000000.0,42717000000.0,,,-1081000000.0,-45117000000.0,3031000000.0
2023-09-30,61022000000.0,,,,,,,,15013000000.0,3824000000.0,11067000000.0,5.19,5.14,1936900000.0,1961500000.0,,,,,,,,,,,19829000000.0,4540000000.0,,2368477000000.0,,,,,,,,,2158282000000.0,202135000000.0,-46177000000.0,209503000000.0,2368477000000.0,3388000000.0,,-979000000.0,,,,7134000000.0,,,-3715000000.0,-68750000000.0,171154000000.0,149049000000.0,35580000000.0,,,4818000000.0,,-273000000.0,30007000000.0,,,-45046000000.0,-88038000000.0,4071000000.0
2023-12-31,78462000000.0,,,,,,,,12910000000.0,3528000000.0,9228000000.0,4.07,4.04,1930100000.0,1955800000.0,,,,,29608000000.0,,,,,,20098000000.0,4421000000.0,,2412000000000.0,,,,,,,,,2205583000000.0,198905000000.0,-44800000000.0,205453000000.0,2411834000000.0,4560000000.0,,-2416000000.0,,,,6361000000.0,,,3587000000.0,-73416000000.0,235139000000.0,200437000000.0,41886000000.0,,,6583000000.0,,-835000000.0,-8459000000.0,,,687000000.0,-81093000000.0,5727000000.0
2024-03-31,21104000000.0,,,,,,,,4544000000.0,1136000000.0,3371000000.0,1.59,1.58,1910400000.0,1943200000.0,,,,,,,,,,,20042000000.0,4338000000.0,,2433000000000.0,,,,,,,,,2225112000000.0,200956000000.0,-45729000000.0,206585000000.0,2432510000000.0,1110000000.0,,-348000000.0,,,,997000000.0,,,-4272000000.0,-10831000000.0,70491000000.0,55520000000.0,15372000000.0,,,1607000000.0,,-573000000.0,14844000000.0,,,12351000000.0,11798000000.0,1457000000.0
2024-06-30,41243000000.0,,,,,,,,8854000000.0,2183000000.0,6588000000.0,3.14,3.1,1909100000.0,1945700000.0,,,,,,,,,,,19704000000.0,4226000000.0,,2406000000000.0,,,,,,,,,2196542000000.0,202913000000.0,-46677000000.0,208310000000.0,2405686000000.0,2211000000.0,,-953000000.0,,,,1528000000.0,,,-6470000000.0,-27791000000.0,129401000000.0,108561000000.0,23392000000.0,,,3251000000.0,,-827000000.0,27113000000.0,,,-6389000000.0,-14798000000.0,3181000000.0
2024-09-30,61558000000.0,,,,,,,,13244000000.0,3299000000.0,9826000000.0,4.67,4.61,1906000000.0,1943100000.0,,,,,,,,,,,19691000000.0,4121000000.0,,2431000000000.0,,,,,,,,,2220761000000.0,204770000000.0,-45197000000.0,209083000000.0,2430663000000.0,3292000000.0,,-1574000000.0,,,,4327000000.0,,,-7663000000.0,-44465000000.0,181245000000.0,164025000000.0,40839000000.0,,,4812000000.0,,-1848000000.0,78501000000.0,,,9002000000.0,42162000000.0,4464000000.0
