Date,Net sales,Cost of sales,Gross margin,Research and development,"Selling, general and administrative",Total operating expenses,Operating income,"Other income/(expense), net",Income before provision for income taxes,Provision for income taxes,Net income,Earnings per share basic,Earnings per share diluted,Weighted-average basic,Weighted-average diluted,Cash and cash equivalents,Short-term marketable securities,"Accounts receivable, net",Inventories,Deferred tax assets,Vendor non-trade receivables,Other current assets,Total current assets,Long-term marketable securities,"Property, Plant and Equipment, Net",Goodwill,"Acquired intangible assets, net","Other Assets, Noncurrent",Total assets,accounts payable,Accrued expenses,Deferred revenue,Total current liabilities,Deferred revenue - non-current,deferred tax liabilities,long term taxes payable,Total other non-current liabilities,Total liabilities,Retained Earnings (Accumulated Deficit),Accumulated other comprehensive (loss)/income,Total shareholders equity,Total liabilities and shareholders' equity,"Depreciation, amortization and accretion",Stock-based compensation expense,Deferred income tax expense,"Increase (Decrease) in Accounts receivable, net",Increase (Decrease) in Inventories,Increase (Decrease) in Other Receivables,Increase (Decrease) in Other Operating Assets,Increase (Decrease) in Accounts Payable,Increase (Decrease) in Deferred Revenue,Increase (Decrease) Other liabilities,Cash generated by operating activities,Purchases of marketable securities,Proceeds from maturities of marketable securities,Proceeds from sales of marketable securities,Purchases of other long-term investments,"Business acquisitions, net of cash acquired",Cash payments for capital asset purchases,Payments for acquisition of intangible assets,Payments for (Proceeds from) Other Investing Activities,Cash used in investing activities,Proceeds from issuance of common stock,Excess tax benefits from stock-based compensation,Cash generated/used in financing activities,Increase/(decrease) in cash and cash equivalents,"Cash paid for income taxes, net"
2009-12-31,49700400000.0,,1866500000.0,,1191300000.0,,606700000.0,,540000000.0,371600000.0,234500000.0,0.65,0.65,359100000.0,361100000.0,1746800000.0,,,7961000000.0,,,,15458300000.0,897400000.0,1423200000.0,,,747900000.0,20821500000.0,10543100000.0,,,12203000000.0,,,,,,2306500000.0,200400000.0,5226100000.0,20821500000.0,,42100000.0,,-269200000.0,1127200000.0,,,1499200000.0,,,930600000.0,,,,,,79900000.0,,,17500000.0,27900000.0,-6100000.0,-422900000.0,525200000.0,
2010-03-31,74043200000.0,,2876600000.0,,1819800000.0,,973000000.0,,903200000.0,510000000.0,418700000.0,1.17,1.16,359000000.0,361800000.0,2638800000.0,,,7214900000.0,,,,16077300000.0,805200000.0,1406100000.0,,,719800000.0,21270200000.0,10766600000.0,,,12747400000.0,,,,,,2463900000.0,172200000.0,5360900000.0,21270200000.0,,79000000.0,,365400000.0,381100000.0,,,1722700000.0,,,1809900000.0,,,,,,141800000.0,,,105600000.0,24500000.0,-14800000.0,-498300000.0,1417200000.0,
2010-09-30,24437500000.0,,962200000.0,,591900000.0,,363900000.0,,424200000.0,129800000.0,294800000.0,0.84,0.84,348900000.0,351900000.0,2712200000.0,,,7087500000.0,,,,15918200000.0,0.0,1475300000.0,2611800000.0,285100000.0,682100000.0,20972500000.0,10532300000.0,,,12451600000.0,,,,,,2876000000.0,37200000.0,5239000000.0,20972500000.0,,21400000.0,,272300000.0,731800000.0,,,1033100000.0,,,217000000.0,,,,,559900000.0,62000000.0,,,84100000.0,8400000.0,2000000.0,-344200000.0,-43100000.0,
2010-12-31,49809300000.0,,1956400000.0,,1213800000.0,,707800000.0,,751900000.0,242600000.0,510200000.0,1.46,1.45,348200000.0,351300000.0,1348000000.0,,,8314200000.0,,,789500000.0,16277000000.0,0.0,1484800000.0,3824100000.0,458500000.0,805300000.0,22849700000.0,11778800000.0,,,13631100000.0,,,,,,3023700000.0,39400000.0,5421400000.0,22849700000.0,,42400000.0,,108500000.0,1600300000.0,,,1762800000.0,,,360800000.0,,,,,2295000000.0,126100000.0,,,-1853400000.0,10900000.0,-2900000.0,85300000.0,-1407300000.0,
2011-03-31,75880700000.0,,3118700000.0,,1911100000.0,,1155100000.0,,1177000000.0,418200000.0,756300000.0,2.17,2.15,348500000.0,352900000.0,1961800000.0,,,7717700000.0,,,723400000.0,16685400000.0,0.0,1469800000.0,3851500000.0,414200000.0,775900000.0,23196800000.0,11961500000.0,,,13761100000.0,,,,,,3189800000.0,67100000.0,5656800000.0,23196800000.0,,60400000.0,,578900000.0,1048100000.0,,,1986400000.0,,,1274800000.0,,,,,2295000000.0,186000000.0,,,-1927800000.0,36000000.0,-8700000.0,-140500000.0,-793500000.0,
2011-06-30,102644200000.0,,4162000000.0,,2594800000.0,,1514000000.0,,1518300000.0,552100000.0,959000000.0,2.75,2.72,348600000.0,352500000.0,1929300000.0,,,7334200000.0,-809200000.0,,896700000.0,16315900000.0,0.0,1512200000.0,3845600000.0,413400000.0,758800000.0,22845900000.0,11331500000.0,,,13369500000.0,,85000000.0,,,,3331400000.0,76700000.0,5848600000.0,22845900000.0,,79500000.0,128000000.0,457200000.0,664700000.0,,,1356500000.0,,,1394600000.0,,,,,2299500000.0,291300000.0,,,-2028000000.0,63000000.0,-13700000.0,-192600000.0,-826000000.0,587600000.0
2011-09-30,26792000000.0,,1084500000.0,,643300000.0,,412300000.0,,385000000.0,147900000.0,236800000.0,0.69,0.68,344800000.0,349400000.0,2010600000.0,,,7497200000.0,,,982800000.0,16723200000.0,,1494000000.0,3853900000.0,395400000.0,716500000.0,23183000000.0,11748900000.0,,,13796600000.0,,,,,,3492600000.0,60000000.0,5713900000.0,23183000000.0,,19800000.0,,69300000.0,160900000.0,,,409800000.0,,,504200000.0,,,,,7300000.0,44300000.0,,,-41600000.0,18100000.0,-21600000.0,-381300000.0,81300000.0,
2011-12-31,53870000000.0,,2198300000.0,,1282800000.0,,861600000.0,,810600000.0,309200000.0,498800000.0,1.44,1.43,345000000.0,349100000.0,1797700000.0,,,8888900000.0,,,1097100000.0,17779100000.0,,1514100000.0,3866500000.0,377800000.0,725700000.0,24263200000.0,12456700000.0,,,14623700000.0,,,,,,3679800000.0,55100000.0,5927700000.0,24263200000.0,,41500000.0,,-167100000.0,1552600000.0,,,1117600000.0,,,389700000.0,,,,,7300000.0,101300000.0,,,-84100000.0,11000000.0,300000.0,-437200000.0,-131600000.0,
2012-03-31,80787500000.0,,3405000000.0,,1965600000.0,,1388200000.0,,1321000000.0,487100000.0,832200000.0,2.41,2.38,345300000.0,349500000.0,2410400000.0,,,8220100000.0,,,944300000.0,18070200000.0,,1517400000.0,3966300000.0,404500000.0,683700000.0,24642100000.0,12572500000.0,,,14846100000.0,,,,,,3938800000.0,71700000.0,6240100000.0,24642100000.0,,63100000.0,,310500000.0,869900000.0,,,1212200000.0,,,1282900000.0,,,,,142600000.0,159000000.0,,,-266100000.0,22900000.0,3600000.0,-535700000.0,481100000.0,
2012-06-30,107552000000.0,,4541000000.0,,2677000000.0,,1792000000.0,,1698000000.0,628000000.0,1069000000.0,3.1,3.06,345000000.0,349000000.0,2274000000.0,,,7864000000.0,480000000.0,,1017000000.0,17510000000.0,,1551000000.0,3978000000.0,414000000.0,807000000.0,24260000000.0,11726000000.0,,,14174000000.0,,157000000.0,,,,4093000000.0,37000000.0,6244000000.0,24260000000.0,325000000.0,85000000.0,158000000.0,129000000.0,495000000.0,,,319000000.0,,,1176000000.0,,,,,174000000.0,263000000.0,,,-377000000.0,,-4000000.0,-454000000.0,345000000.0,513000000.0
2012-09-30,25889000000.0,,1159000000.0,,690000000.0,,457000000.0,,439000000.0,167000000.0,271000000.0,0.8,0.79,341000000.0,344000000.0,2440000000.0,,,8105000000.0,,,1013000000.0,18007000000.0,,1511000000.0,4012000000.0,429000000.0,861000000.0,24820000000.0,12215000000.0,,,14669000000.0,,,,,,4282000000.0,61000000.0,6281000000.0,24820000000.0,,24000000.0,,71000000.0,207000000.0,,,464000000.0,,,568000000.0,,,,,100000000.0,26000000.0,,,-103000000.0,,,-299000000.0,166000000.0,
2012-12-31,51121000000.0,,2382000000.0,,1388000000.0,,963000000.0,,922000000.0,347000000.0,575000000.0,1.69,1.67,340000000.0,344000000.0,2255000000.0,,,8452000000.0,,,996000000.0,17861000000.0,,1475000000.0,4018000000.0,410000000.0,878000000.0,24642000000.0,11796000000.0,,,14202000000.0,,,,,,4491000000.0,74000000.0,6542000000.0,24642000000.0,,46000000.0,,228000000.0,536000000.0,,,31000000.0,,,438000000.0,,,,,126000000.0,62000000.0,,,-117000000.0,,,-340000000.0,-19000000.0,
2013-03-31,75673000000.0,,3673000000.0,,2099000000.0,,1439000000.0,,1369000000.0,448000000.0,920000000.0,2.7,2.67,341000000.0,345000000.0,2305000000.0,,,8328000000.0,,,878000000.0,17927000000.0,,1470000000.0,5407000000.0,1006000000.0,913000000.0,26723000000.0,12049000000.0,,,14474000000.0,,,,,,4742000000.0,56000000.0,6830000000.0,26723000000.0,,68000000.0,,81000000.0,343000000.0,,,214000000.0,,,1427000000.0,,,,6000000.0,2219000000.0,103000000.0,,,-2257000000.0,,-13000000.0,861000000.0,31000000.0,
2013-06-30,101093000000.0,,4921000000.0,,2875000000.0,,996000000.0,,888000000.0,553000000.0,334000000.0,0.98,0.97,341000000.0,344000000.0,1901000000.0,,,8373000000.0,15000000.0,,1192000000.0,17770000000.0,,1489000000.0,4601000000.0,973000000.0,986000000.0,25819000000.0,12295000000.0,,,14590000000.0,,252000000.0,,,,4038000000.0,68000000.0,5975000000.0,25819000000.0,397000000.0,93000000.0,21000000.0,-216000000.0,370000000.0,,,426000000.0,,,1727000000.0,,,0.0,,2239000000.0,195000000.0,,,-2375000000.0,,-19000000.0,275000000.0,-373000000.0,899000000.0
2013-09-30,24523000000.0,,1264000000.0,,732000000.0,,471000000.0,,442000000.0,102000000.0,339000000.0,1.0,0.99,340000000.0,344000000.0,2753000000.0,,,7275000000.0,,,1111000000.0,16037000000.0,,1445000000.0,4619000000.0,951000000.0,764000000.0,23816000000.0,10442000000.0,,,12507000000.0,,,,,,4273000000.0,92000000.0,6297000000.0,23816000000.0,117000000.0,24000000.0,,-1395000000.0,-1098000000.0,,,-1852000000.0,,,951000000.0,,,,,25000000.0,26000000.0,,,-51000000.0,,,-48000000.0,852000000.0,
2013-12-31,46763000000.0,,2608000000.0,,1497000000.0,,990000000.0,,934000000.0,320000000.0,617000000.0,1.81,1.79,342000000.0,346000000.0,2741000000.0,,,8478000000.0,,,1153000000.0,17248000000.0,,1407000000.0,4635000000.0,921000000.0,798000000.0,25009000000.0,11221000000.0,,,13362000000.0,,,,,,4446000000.0,99000000.0,6589000000.0,25009000000.0,234000000.0,48000000.0,,-1420000000.0,100000000.0,,,-1088000000.0,,,988000000.0,,,,,50000000.0,90000000.0,,,-140000000.0,,39000000.0,-8000000.0,840000000.0,
2014-03-31,68190000000.0,,3905000000.0,,2233000000.0,,1498000000.0,,1441000000.0,512000000.0,932000000.0,2.73,2.7,342000000.0,347000000.0,3041000000.0,,,8030000000.0,,,1053000000.0,16936000000.0,,1404000000.0,4682000000.0,911000000.0,768000000.0,24701000000.0,10919000000.0,,,13147000000.0,,,,,,4657000000.0,70000000.0,6532000000.0,24701000000.0,344000000.0,72000000.0,,-1473000000.0,-350000000.0,,,-1392000000.0,,,1808000000.0,,,,27000000.0,168000000.0,138000000.0,,,-286000000.0,,36000000.0,-382000000.0,1140000000.0,
2014-06-30,91084000000.0,,5161000000.0,,3028000000.0,,1885000000.0,,1798000000.0,635000000.0,1166000000.0,3.42,3.38,341000000.0,345000000.0,2865000000.0,93000000.0,,8266000000.0,18000000.0,,1428000000.0,17939000000.0,7000000.0,1459000000.0,4878000000.0,992000000.0,765000000.0,26033000000.0,12149000000.0,,,15115000000.0,,324000000.0,,,,4774000000.0,70000000.0,6401000000.0,26033000000.0,459000000.0,96000000.0,26000000.0,-925000000.0,-142000000.0,,,-196000000.0,,,2524000000.0,,,,,519000000.0,249000000.0,,,-850000000.0,,39000000.0,-710000000.0,964000000.0,632000000.0
2014-09-30,24070000000.0,,1341000000.0,,775000000.0,,466000000.0,,435000000.0,169000000.0,266000000.0,0.79,0.78,336000000.0,340000000.0,2469000000.0,25000000.0,,8069000000.0,,,1338000000.0,17538000000.0,66000000.0,1434000000.0,4935000000.0,988000000.0,816000000.0,25711000000.0,11995000000.0,,,14896000000.0,,,,,,4925000000.0,46000000.0,6256000000.0,25711000000.0,108000000.0,25000000.0,,291000000.0,-199000000.0,,,-157000000.0,,,61000000.0,,,,,61000000.0,36000000.0,,,-81000000.0,,38000000.0,-376000000.0,-396000000.0,
2014-12-31,49607000000.0,,2794000000.0,,1590000000.0,,1012000000.0,,886000000.0,331000000.0,555000000.0,1.66,1.65,333000000.0,337000000.0,2881000000.0,51000000.0,,9408000000.0,,,1213000000.0,19155000000.0,37000000.0,1415000000.0,4929000000.0,947000000.0,802000000.0,27248000000.0,13602000000.0,,,16030000000.0,,,,,,5100000000.0,-3000000.0,6100000000.0,27248000000.0,220000000.0,53000000.0,,291000000.0,1137000000.0,,,1438000000.0,,,1014000000.0,,16000000.0,,,86000000.0,83000000.0,,,-100000000.0,,42000000.0,-898000000.0,16000000.0,
2015-03-31,74983000000.0,,4254000000.0,,2393000000.0,,1603000000.0,,1444000000.0,524000000.0,920000000.0,2.77,2.74,332000000.0,336000000.0,3183000000.0,35000000.0,,9163000000.0,,,1190000000.0,19631000000.0,49000000.0,1407000000.0,5055000000.0,978000000.0,817000000.0,27888000000.0,13851000000.0,,,16395000000.0,,,,,,5353000000.0,-53000000.0,6369000000.0,27888000000.0,336000000.0,80000000.0,,718000000.0,850000000.0,,,1657000000.0,,,1672000000.0,,24000000.0,,,319000000.0,139000000.0,,,-386000000.0,,56000000.0,-968000000.0,318000000.0,
2015-06-30,102531000000.0,,5712000000.0,,3240000000.0,,2161000000.0,,1967000000.0,755000000.0,1215000000.0,3.66,3.62,332000000.0,335000000.0,4616000000.0,91000000.0,,9211000000.0,22000000.0,,1402000000.0,21752000000.0,102000000.0,1506000000.0,5070000000.0,948000000.0,866000000.0,30142000000.0,14368000000.0,,,17243000000.0,,328000000.0,,,,5521000000.0,-23000000.0,6256000000.0,30142000000.0,451000000.0,110000000.0,219000000.0,870000000.0,779000000.0,,,1948000000.0,,,2540000000.0,,,,,503000000.0,300000000.0,,,-849000000.0,,52000000.0,60000000.0,1751000000.0,529000000.0
2015-09-30,28055000000.0,,1579000000.0,,842000000.0,,620000000.0,,568000000.0,184000000.0,383000000.0,1.17,1.15,328000000.0,331000000.0,2974000000.0,107000000.0,,9758000000.0,,,1490000000.0,21218000000.0,86000000.0,1546000000.0,6159000000.0,1405000000.0,894000000.0,31222000000.0,14868000000.0,,,17782000000.0,,,,,,5774000000.0,-68000000.0,6505000000.0,31222000000.0,137000000.0,30000000.0,,348000000.0,495000000.0,,,425000000.0,,,-52000000.0,,,,,1399000000.0,83000000.0,,,-1478000000.0,,31000000.0,-112000000.0,-1642000000.0,
2015-12-31,59499000000.0,,3188000000.0,,1764000000.0,,1183000000.0,,1087000000.0,377000000.0,709000000.0,2.16,2.14,329000000.0,332000000.0,2324000000.0,104000000.0,,11007000000.0,20000000.0,,1518000000.0,21829000000.0,94000000.0,1651000000.0,6799000000.0,2314000000.0,914000000.0,33507000000.0,16919000000.0,,,18879000000.0,,,,,,5972000000.0,-97000000.0,6711000000.0,33507000000.0,306000000.0,56000000.0,,393000000.0,1565000000.0,,,2431000000.0,,,1411000000.0,,19000000.0,,,3284000000.0,175000000.0,,,-3471000000.0,,32000000.0,-222000000.0,-2292000000.0,
2016-03-31,90162000000.0,,4877000000.0,,2678000000.0,,1839000000.0,,1700000000.0,604000000.0,1095000000.0,3.33,3.3,328000000.0,331000000.0,2598000000.0,105000000.0,,10910000000.0,,,1491000000.0,22291000000.0,100000000.0,1683000000.0,6888000000.0,2262000000.0,931000000.0,34055000000.0,17340000000.0,,,19385000000.0,,,,,,6231000000.0,-84000000.0,6713000000.0,34055000000.0,465000000.0,82000000.0,,721000000.0,1457000000.0,,,2839000000.0,,,2330000000.0,,37000000.0,,,3383000000.0,284000000.0,,,-3681000000.0,,33000000.0,-660000000.0,-2018000000.0,
2016-06-30,121546000000.0,,6543000000.0,,3648000000.0,,2459000000.0,,2276000000.0,845000000.0,1427000000.0,4.36,4.32,327000000.0,330000000.0,2356000000.0,113000000.0,,10615000000.0,0.0,,1580000000.0,21956000000.0,87000000.0,1796000000.0,7167000000.0,2259000000.0,944000000.0,34122000000.0,17306000000.0,,,19701000000.0,,1698000000.0,,,,6419000000.0,-116000000.0,6554000000.0,34122000000.0,641000000.0,111000000.0,87000000.0,866000000.0,1179000000.0,,,2815000000.0,,,2971000000.0,,50000000.0,,,3614000000.0,465000000.0,,,-4080000000.0,,33000000.0,-1139000000.0,-2260000000.0,635000000.0
2016-09-30,32039000000.0,,1590000000.0,,920000000.0,,535000000.0,,494000000.0,184000000.0,309000000.0,,,320000000.0,322000000.0,2001000000.0,108000000.0,,10917000000.0,,,1657000000.0,22283000000.0,92000000.0,1823000000.0,7261000000.0,2166000000.0,873000000.0,34406000000.0,17597000000.0,,,20001000000.0,,,,,,6582000000.0,-116000000.0,6512000000.0,34406000000.0,173000000.0,23000000.0,,306000000.0,298000000.0,,,279000000.0,,,104000000.0,,17000000.0,,,9000000.0,100000000.0,,,-110000000.0,,30000000.0,-350000000.0,-355000000.0,
2016-12-31,65189000000.0,,3192000000.0,,1831000000.0,,1076000000.0,,985000000.0,351000000.0,633000000.0,,,319000000.0,321000000.0,1881000000.0,110000000.0,,11915000000.0,,,1824000000.0,23153000000.0,91000000.0,1856000000.0,7212000000.0,2064000000.0,736000000.0,35021000000.0,18857000000.0,,,21014000000.0,,,,,,4604000000.0,-170000000.0,6323000000.0,35021000000.0,339000000.0,47000000.0,,146000000.0,1294000000.0,,,1563000000.0,,,658000000.0,,39000000.0,,,11000000.0,213000000.0,,,-237000000.0,,32000000.0,-886000000.0,-475000000.0,
2017-03-31,97010000000.0,,4921000000.0,,2792000000.0,,1681000000.0,,1549000000.0,533000000.0,1014000000.0,,,318000000.0,320000000.0,1368000000.0,128000000.0,,11641000000.0,,,1769000000.0,22283000000.0,69000000.0,1849000000.0,7209000000.0,2078000000.0,755000000.0,34174000000.0,17535000000.0,,,19796000000.0,,,,,,4842000000.0,-136000000.0,6646000000.0,34174000000.0,525000000.0,73000000.0,,107000000.0,1010000000.0,,,225000000.0,,,460000000.0,,49000000.0,,,113000000.0,293000000.0,,,-429000000.0,,37000000.0,-1014000000.0,-988000000.0,
2017-06-30,129976000000.0,,6544000000.0,,3775000000.0,,2120000000.0,,1924000000.0,630000000.0,,4.06,4.03,317000000.0,320000000.0,6879000000.0,65000000.0,,11301000000.0,455000000.0,,2117000000.0,28345000000.0,0.0,1879000000.0,7221000000.0,1986000000.0,681000000.0,40112000000.0,17906000000.0,,,21221000000.0,,1949000000.0,,,,4967000000.0,-125000000.0,6808000000.0,40112000000.0,717000000.0,96000000.0,291000000.0,665000000.0,673000000.0,,,564000000.0,,,1184000000.0,,77000000.0,,,132000000.0,387000000.0,,,-405000000.0,,34000000.0,3746000000.0,4523000000.0,686000000.0
2017-09-30,32641000000.0,,1672000000.0,,1062000000.0,,262000000.0,,178000000.0,61000000.0,115000000.0,,,316000000.0,318000000.0,1181000000.0,,,12121000000.0,,,2041000000.0,23725000000.0,,2651000000.0,10419000000.0,4507000000.0,638000000.0,41940000000.0,19202000000.0,,,22407000000.0,,,,,,4943000000.0,-86000000.0,6678000000.0,41940000000.0,229000000.0,17000000.0,,359000000.0,381000000.0,,,1296000000.0,,,1181000000.0,,0.0,,,6139000000.0,67000000.0,,,-6144000000.0,,0.0,-744000000.0,-5698000000.0,
2017-12-31,67827000000.0,,3533000000.0,,2193000000.0,,661000000.0,,495000000.0,-736000000.0,1168000000.0,,,315000000.0,317000000.0,1249000000.0,,,12087000000.0,,,1972000000.0,25188000000.0,,2547000000.0,10045000000.0,4321000000.0,804000000.0,42905000000.0,19194000000.0,,,23125000000.0,,,,,,5848000000.0,-95000000.0,7599000000.0,42905000000.0,520000000.0,40000000.0,,617000000.0,995000000.0,,,2107000000.0,,,1460000000.0,,0.0,,,6141000000.0,168000000.0,,,-6249000000.0,,0.0,-830000000.0,-5630000000.0,
2018-03-31,101460000000.0,,5446000000.0,,3325000000.0,,1206000000.0,,959000000.0,-466000000.0,1422000000.0,,,314000000.0,316000000.0,2175000000.0,,,11962000000.0,,,1705000000.0,23513000000.0,,2521000000.0,10098000000.0,4201000000.0,698000000.0,41031000000.0,18741000000.0,,,21427000000.0,,,,,,5958000000.0,-5000000.0,7537000000.0,41031000000.0,779000000.0,64000000.0,,632000000.0,865000000.0,,,1635000000.0,,,2214000000.0,,0.0,,,6142000000.0,246000000.0,,,-5468000000.0,,0.0,-1467000000.0,-4704000000.0,
2018-06-30,136809000000.0,129628000000.0,7181000000.0,,4596000000.0,,126000000.0,,-228000000.0,-487000000.0,256000000.0,0.82,0.81,313000000.0,315000000.0,1763000000.0,,,12308000000.0,436000000.0,,1926000000.0,24553000000.0,,2487000000.0,8316000000.0,3913000000.0,682000000.0,39951000000.0,19677000000.0,,,22893000000.0,,1814000000.0,,,,4645000000.0,-92000000.0,6059000000.0,39951000000.0,1032000000.0,85000000.0,-1012000000.0,871000000.0,1211000000.0,,,2574000000.0,,,2768000000.0,,0.0,,,6142000000.0,384000000.0,,,-5608000000.0,,0.0,-2276000000.0,-5116000000.0,425000000.0
2018-09-30,35213000000.0,33546000000.0,1667000000.0,,1155000000.0,,816000000.0,,736000000.0,142000000.0,593000000.0,,,305000000.0,306000000.0,2045000000.0,,,12481000000.0,,,1837000000.0,24445000000.0,,2436000000.0,8319000000.0,3774000000.0,643000000.0,40011000000.0,20236000000.0,,,23057000000.0,,,,,,5097000000.0,-96000000.0,,40011000000.0,245000000.0,19000000.0,,302000000.0,178000000.0,,,559000000.0,,,365000000.0,,,,,0.0,58000000.0,,,679000000.0,,,-764000000.0,282000000.0,
2018-12-31,72953000000.0,69556000000.0,3397000000.0,,2219000000.0,,1320000000.0,,1143000000.0,269000000.0,873000000.0,,,302000000.0,303000000.0,2182000000.0,,,13037000000.0,,,1940000000.0,25091000000.0,,2376000000.0,8317000000.0,3656000000.0,1022000000.0,40462000000.0,20610000000.0,,,23824000000.0,,,,,,5233000000.0,-123000000.0,,40462000000.0,498000000.0,41000000.0,,191000000.0,753000000.0,,,941000000.0,,,736000000.0,,1000000.0,,,21000000.0,116000000.0,,,595000000.0,,,-908000000.0,419000000.0,
2019-03-31,108181000000.0,103021000000.0,5160000000.0,,3315000000.0,,1752000000.0,,1512000000.0,342000000.0,1169000000.0,,,301000000.0,302000000.0,3438000000.0,,,12622000000.0,,,1643000000.0,25582000000.0,,2322000000.0,8330000000.0,3530000000.0,1045000000.0,40809000000.0,20517000000.0,,,23919000000.0,,,,,,5386000000.0,-111000000.0,6230000000.0,40809000000.0,759000000.0,64000000.0,,156000000.0,345000000.0,,,846000000.0,,,2216000000.0,,,,,38000000.0,192000000.0,,,511000000.0,,,-1050000000.0,1675000000.0,
2019-06-30,145534000000.0,138700000000.0,6834000000.0,,4480000000.0,,2060000000.0,,1751000000.0,386000000.0,1363000000.0,4.55,4.53,300000000.0,301000000.0,2531000000.0,,,12822000000.0,322000000.0,,1946000000.0,25747000000.0,,2356000000.0,8378000000.0,3430000000.0,1052000000.0,40963000000.0,21535000000.0,,,24109000000.0,,1749000000.0,,,,5434000000.0,-79000000.0,6328000000.0,40963000000.0,1000000000.0,82000000.0,-83000000.0,751000000.0,551000000.0,,,1864000000.0,,,2722000000.0,,0.0,,,82000000.0,328000000.0,,,338000000.0,,0.0,-2293000000.0,768000000.0,311000000.0
2019-09-30,37341000000.0,35662000000.0,1679000000.0,,1107000000.0,,-5264000000.0,,-5344000000.0,-423000000.0,-4922000000.0,-16.65,-16.65,296000000.0,296000000.0,1212000000.0,,,12458000000.0,,,1855000000.0,23715000000.0,,2324000000.0,8360000000.0,3298000000.0,1482000000.0,39179000000.0,19724000000.0,,,22549000000.0,,,,,,371000000.0,-101000000.0,900000000.0,39179000000.0,234000000.0,20000000.0,,-229000000.0,-356000000.0,,,-1812000000.0,,,-653000000.0,,,,,,72000000.0,,,-73000000.0,,,-585000000.0,-1319000000.0,
2019-12-31,77076000000.0,73683000000.0,3393000000.0,,2270000000.0,,-4930000000.0,,-5065000000.0,-364000000.0,-4702000000.0,,,294000000.0,294000000.0,1659000000.0,,,13799000000.0,,,1998000000.0,25736000000.0,,2301000000.0,8356000000.0,3167000000.0,1482000000.0,41042000000.0,21500000000.0,,,24890000000.0,,,,,,449000000.0,-103000000.0,999000000.0,41042000000.0,464000000.0,41000000.0,,-121000000.0,991000000.0,,,-77000000.0,,,44000000.0,,,,,0.0,149000000.0,,,-151000000.0,,,-760000000.0,-872000000.0,
2020-03-31,116233000000.0,110955000000.0,5278000000.0,,3435000000.0,,-4368000000.0,,-4587000000.0,-237000000.0,-4352000000.0,,,293000000.0,294000000.0,2329000000.0,,,12808000000.0,,,1692000000.0,25848000000.0,,2299000000.0,8339000000.0,3039000000.0,1623000000.0,41148000000.0,22000000000.0,,,24671000000.0,,,,,,656000000.0,-141000000.0,1203000000.0,41148000000.0,688000000.0,68000000.0,,653000000.0,8000000.0,,,448000000.0,,,1720000000.0,,,,,0.0,239000000.0,,,-249000000.0,,,-1672000000.0,,
2020-06-30,152922000000.0,146054000000.0,6868000000.0,,4572000000.0,,-4098000000.0,,-3772000000.0,-79000000.0,-3696000000.0,-12.61,-12.61,293000000.0,293000000.0,2771000000.0,,,13198000000.0,942000000.0,,1707000000.0,25940000000.0,,2366000000.0,8357000000.0,2918000000.0,1185000000.0,40766000000.0,21400000000.0,,,23615000000.0,,,,,,1170000000.0,-104000000.0,1789000000.0,40766000000.0,913000000.0,90000000.0,-961000000.0,-82000000.0,409000000.0,,,-162000000.0,,,1960000000.0,,,,,0.0,375000000.0,,,493000000.0,,,-2200000000.0,240000000.0,368000000.0
2020-09-30,39065000000.0,37350000000.0,1715000000.0,,1137000000.0,,-624000000.0,,-663000000.0,-410000000.0,-253000000.0,-0.86,-0.86,293000000.0,293000000.0,2746000000.0,,,13439000000.0,,,2208000000.0,27030000000.0,,2369000000.0,8375000000.0,2811000000.0,1142000000.0,41727000000.0,21688000000.0,,,24016000000.0,,,,,,771000000.0,-87000000.0,1422000000.0,41727000000.0,205000000.0,28000000.0,,388000000.0,245000000.0,,,313000000.0,,,270000000.0,,,,,,78000000.0,,,-94000000.0,,,-198000000.0,-25000000.0,
2020-12-31,80606000000.0,77115000000.0,3491000000.0,,2284000000.0,,461000000.0,,427000000.0,613000000.0,629000000.0,,,294000000.0,295000000.0,3737000000.0,,,14443000000.0,,,3205000000.0,30113000000.0,,2386000000.0,8399000000.0,2703000000.0,1118000000.0,44719000000.0,23235000000.0,,,25750000000.0,,,,,,1255000000.0,-53000000.0,1971000000.0,44719000000.0,404000000.0,51000000.0,,499000000.0,1256000000.0,,,1861000000.0,,,1487000000.0,,,,,3000000.0,174000000.0,,,-191000000.0,,,-344000000.0,966000000.0,
2021-03-31,119881000000.0,114578000000.0,5303000000.0,,3404000000.0,,473000000.0,,440000000.0,-320000000.0,495000000.0,,,293000000.0,294000000.0,3499000000.0,,,14329000000.0,,,2715000000.0,30362000000.0,,2315000000.0,7986000000.0,2193000000.0,1018000000.0,43874000000.0,22641000000.0,,,25323000000.0,,,,,,1233000000.0,-48000000.0,1790000000.0,43874000000.0,603000000.0,84000000.0,,511000000.0,1323000000.0,,,1267000000.0,,,1764000000.0,,,,,3000000.0,274000000.0,,,-290000000.0,,,-668000000.0,728000000.0,
2021-06-30,162467000000.0,155689000000.0,6778000000.0,,4533000000.0,,472000000.0,,323000000.0,-289000000.0,611000000.0,2.09,2.08,292000000.0,294000000.0,3407000000.0,,,14594000000.0,1293000000.0,,2843000000.0,31048000000.0,,2360000000.0,7989000000.0,2105000000.0,951000000.0,44453000000.0,23700000000.0,,,27624000000.0,,,,,,1205000000.0,-34000000.0,1791000000.0,44453000000.0,783000000.0,89000000.0,496000000.0,904000000.0,1584000000.0,,,2325000000.0,,,2429000000.0,,,,,3000000.0,400000000.0,,,-378000000.0,,,-1317000000.0,636000000.0,273000000.0
2021-09-30,43968000000.0,42326000000.0,1642000000.0,,1114000000.0,,415000000.0,,369000000.0,97000000.0,271000000.0,0.94,0.94,287000000.0,289000000.0,2463000000.0,,,14720000000.0,,,3243000000.0,29731000000.0,,2336000000.0,7979000000.0,2026000000.0,921000000.0,42993000000.0,23408000000.0,,,26499000000.0,,,,,,1335000000.0,-61000000.0,1393000000.0,42993000000.0,168000000.0,24000000.0,,214000000.0,129000000.0,,,-292000000.0,,,-646000000.0,,,,,,67000000.0,,,862000000.0,,,-1264000000.0,-944000000.0,
2021-12-31,89425000000.0,86167000000.0,3258000000.0,,2265000000.0,,-950000000.0,,-973000000.0,-1022000000.0,320000000.0,,,283000000.0,285000000.0,3161000000.0,,,14941000000.0,,,4339000000.0,31847000000.0,,2321000000.0,6656000000.0,1943000000.0,913000000.0,43680000000.0,24759000000.0,,,27729000000.0,,,,,,1245000000.0,-85000000.0,998000000.0,43680000000.0,332000000.0,42000000.0,,329000000.0,361000000.0,,,1059000000.0,,,549000000.0,,,,,0.0,141000000.0,,,815000000.0,,,-1708000000.0,-246000000.0,
2022-03-31,134261000000.0,129321000000.0,4940000000.0,,3402000000.0,,-632000000.0,,-741000000.0,1253000000.0,-1391000000.0,,,281000000.0,281000000.0,2356000000.0,,,15493000000.0,,,2785000000.0,30884000000.0,,2298000000.0,6167000000.0,1855000000.0,907000000.0,42111000000.0,24821000000.0,,,28715000000.0,,,,,,-281000000.0,-77000000.0,-697000000.0,42111000000.0,513000000.0,65000000.0,,1193000000.0,922000000.0,,,1121000000.0,,,130000000.0,,,,,0.0,223000000.0,,,771000000.0,,,-2048000000.0,-1051000000.0,
2022-06-30,181364000000.0,174819000000.0,6545000000.0,,4557000000.0,,-596000000.0,,-769000000.0,163000000.0,-933000000.0,-3.35,-3.35,279000000.0,279000000.0,4717000000.0,,,15636000000.0,1116000000.0,,2021000000.0,32935000000.0,,2361000000.0,5855000000.0,1774000000.0,953000000.0,43878000000.0,27128000000.0,,,30550000000.0,,,,,,-280000000.0,-114000000.0,-709000000.0,43878000000.0,692000000.0,81000000.0,7000000.0,1526000000.0,1071000000.0,,,3428000000.0,,,3122000000.0,,,,,22000000.0,387000000.0,,,567000000.0,,,-2463000000.0,1310000000.0,-766000000.0
2022-09-30,49603000000.0,47989000000.0,1614000000.0,,1197000000.0,,137000000.0,,110000000.0,-1000000.0,110000000.0,0.41,0.4,271000000.0,273000000.0,3492000000.0,,,15891000000.0,,,2274000000.0,32696000000.0,,2339000000.0,5675000000.0,1692000000.0,985000000.0,43387000000.0,28362000000.0,,,31559000000.0,,,,,,-301000000.0,-176000000.0,-1781000000.0,43387000000.0,171000000.0,23000000.0,,508000000.0,264000000.0,,,1234000000.0,,,23000000.0,,,,,,70000000.0,,,-70000000.0,,,-1163000000.0,-1225000000.0,
2022-12-31,101072000000.0,97795000000.0,3277000000.0,,2388000000.0,,-119000000.0,,-137000000.0,-8000000.0,-130000000.0,,,266000000.0,266000000.0,3654000000.0,,,17263000000.0,,,2258000000.0,34596000000.0,,2341000000.0,4986000000.0,1632000000.0,927000000.0,44482000000.0,30083000000.0,,,33212000000.0,,,,,,-560000000.0,-146000000.0,-2213000000.0,44482000000.0,341000000.0,48000000.0,,919000000.0,1643000000.0,,,2954000000.0,,,620000000.0,,,,,,155000000.0,,,-157000000.0,,,-1525000000.0,-1063000000.0,
2023-03-31,151559000000.0,146497000000.0,5062000000.0,,3567000000.0,,590000000.0,,544000000.0,197000000.0,345000000.0,,,263000000.0,264000000.0,3990000000.0,,,16620000000.0,,,1895000000.0,33497000000.0,,2362000000.0,5000000000.0,1567000000.0,951000000.0,43377000000.0,29601000000.0,,,32503000000.0,,,,,,-342000000.0,-142000000.0,-2220000000.0,43377000000.0,516000000.0,69000000.0,,510000000.0,1012000000.0,,,2473000000.0,,,1981000000.0,,,,,10000000.0,264000000.0,,,-248000000.0,,,-2459000000.0,-727000000.0,
2023-06-30,205012000000.0,198123000000.0,6889000000.0,,4834000000.0,,727000000.0,,638000000.0,376000000.0,261000000.0,1.0,1.0,261000000.0,262000000.0,4043000000.0,,,15940000000.0,1119000000.0,,2362000000.0,33833000000.0,,2462000000.0,4609000000.0,1472000000.0,1041000000.0,43417000000.0,29813000000.0,,,33706000000.0,,,,,,-534000000.0,-151000000.0,-2852000000.0,43417000000.0,692000000.0,96000000.0,-31000000.0,947000000.0,340000000.0,,,2718000000.0,,,2839000000.0,,,,,10000000.0,481000000.0,,,-454000000.0,,,-3051000000.0,-674000000.0,156000000.0
2023-09-30,54763000000.0,52995000000.0,1768000000.0,,1197000000.0,,-14000000.0,,-26000000.0,-32000000.0,5000000.0,0.02,0.02,249000000.0,250000000.0,3854000000.0,,,16987000000.0,,,2582000000.0,34688000000.0,,2441000000.0,4025000000.0,1407000000.0,1149000000.0,43710000000.0,31540000000.0,,,35065000000.0,,,,,,-654000000.0,-165000000.0,-3491000000.0,43710000000.0,172000000.0,29000000.0,,-50000000.0,1057000000.0,,,1727000000.0,,,545000000.0,,,,,,92000000.0,,,-63000000.0,,,-666000000.0,-189000000.0,
2023-12-31,112208000000.0,108594000000.0,3614000000.0,,2480000000.0,,482000000.0,,490000000.0,136000000.0,358000000.0,,,247000000.0,248000000.0,4591000000.0,,,18451000000.0,,,2816000000.0,37658000000.0,,2446000000.0,4024000000.0,1347000000.0,1098000000.0,46573000000.0,34259000000.0,,,38286000000.0,,,,,,-425000000.0,-155000000.0,-3449000000.0,46573000000.0,347000000.0,57000000.0,,487000000.0,2536000000.0,,,4446000000.0,,,1734000000.0,,,,,,206000000.0,,,-168000000.0,,,-1019000000.0,548000000.0,
2024-03-31,167119000000.0,161558000000.0,5561000000.0,,3762000000.0,,835000000.0,,805000000.0,186000000.0,616000000.0,,,245000000.0,247000000.0,3718000000.0,,,17277000000.0,,,3161000000.0,35734000000.0,,2470000000.0,4788000000.0,1719000000.0,1169000000.0,45880000000.0,32089000000.0,,,36306000000.0,,,,,,-289000000.0,-160000000.0,-3265000000.0,45880000000.0,524000000.0,88000000.0,,262000000.0,1371000000.0,,,2276000000.0,,,1685000000.0,,,,,1192000000.0,318000000.0,,,-2015000000.0,,,12000000.0,-325000000.0,
2024-06-30,226827000000.0,219413000000.0,7414000000.0,,5000000000.0,,1243000000.0,,1201000000.0,348000000.0,852000000.0,3.48,3.45,245000000.0,247000000.0,5133000000.0,,,14957000000.0,1191000000.0,,2663000000.0,34884000000.0,,2529000000.0,4725000000.0,1725000000.0,1258000000.0,45121000000.0,31759000000.0,,,35640000000.0,,,,,,-286000000.0,-167000000.0,-3213000000.0,45121000000.0,710000000.0,121000000.0,-104000000.0,996000000.0,-1115000000.0,,,1824000000.0,,,3762000000.0,,,,,1190000000.0,511000000.0,,,-1849000000.0,,,-847000000.0,1057000000.0,191000000.0
2024-09-30,52277000000.0,50375000000.0,1902000000.0,,1277000000.0,,568000000.0,,541000000.0,124000000.0,416000000.0,1.71,1.7,243000000.0,245000000.0,2867000000.0,,,15619000000.0,,,2591000000.0,32905000000.0,,2535000000.0,4725000000.0,1663000000.0,1231000000.0,43059000000.0,30365000000.0,,,34678000000.0,,,,,,14000000.0,-155000000.0,-3277000000.0,43059000000.0,182000000.0,30000000.0,,-288000000.0,678000000.0,,,-1394000000.0,,,-1647000000.0,,,,,,90000000.0,,,-88000000.0,,,-540000000.0,-2266000000.0,
,,,,,,,,,,,,,,,,,,,,,,,,,,,,,,,,,,,,,,,,,,,,,,,,,,,,,,,,,,,,,,,,,,,
