Date,Net sales,Cost of sales,Gross margin,Research and development,"Selling, general and administrative",Total operating expenses,Operating income,"Other income/(expense), net",Income before provision for income taxes,Provision for income taxes,Net income,Earnings per share basic,Earnings per share diluted,Weighted-average basic,Weighted-average diluted,Cash and cash equivalents,Short-term marketable securities,"Accounts receivable, net",Inventories,Deferred tax assets,Vendor non-trade receivables,Other current assets,Total current assets,Long-term marketable securities,"Property, Plant and Equipment, Net",Goodwill,"Acquired intangible assets, net","Other Assets, Noncurrent",Total assets,accounts payable,Accrued expenses,Deferred revenue,Total current liabilities,Deferred revenue - non-current,deferred tax liabilities,long term taxes payable,Total other non-current liabilities,Total liabilities,Retained Earnings (Accumulated Deficit),Accumulated other comprehensive (loss)/income,Total shareholders equity,Total liabilities and shareholders' equity,"Depreciation, amortization and accretion",Stock-based compensation expense,Deferred income tax expense,"Increase (Decrease) in Accounts receivable, net",Increase (Decrease) in Inventories,Increase (Decrease) in Other Receivables,Increase (Decrease) in Other Operating Assets,Increase (Decrease) in Accounts Payable,Increase (Decrease) in Deferred Revenue,Increase (Decrease) Other liabilities,Cash generated by operating activities,Purchases of marketable securities,Proceeds from maturities of marketable securities,Proceeds from sales of marketable securities,Purchases of other long-term investments,"Business acquisitions, net of cash acquired",Cash payments for capital asset purchases,Payments for acquisition of intangible assets,Payments for (Proceeds from) Other Investing Activities,Cash used in investing activities,Proceeds from issuance of common stock,Excess tax benefits from stock-based compensation,Cash generated/used in financing activities,Increase/(decrease) in cash and cash equivalents,"Cash paid for income taxes, net"
2012-03-31,121392000.0,,,,,63977000.0,57415000.0,,,23545000.0,,0.37,0.37,88146000.0,88146000.0,148629000.0,,48438000.0,,,,941000.0,214874000.0,,76627000.0,,,,353441000.0,2615000.0,8130000.0,20405000.0,82639000.0,,,13574000.0,3881000.0,122239000.0,254793000.0,-936000.0,,353441000.0,,2939000.0,-1152000.0,10860000.0,,,-124000.0,,20029000.0,,63343000.0,,,,,,,,0.0,-8263000.0,,,-41387000.0,13693000.0,67000.0
2012-06-30,253941000.0,,,,,130456000.0,123485000.0,,,50706000.0,,0.81,0.81,87649000.0,87649000.0,127137000.0,,48429000.0,,,,728000.0,201947000.0,,79256000.0,,,,343806000.0,3665000.0,8059000.0,17365000.0,63908000.0,,,14335000.0,3990000.0,103899000.0,282686000.0,-922000.0,,343806000.0,,5966000.0,-1661000.0,10851000.0,,,-337000.0,,17098000.0,,86734000.0,,,,,,,,0.0,-20314000.0,,,-74219000.0,-7799000.0,52473000.0
2012-09-30,382261000.0,,,,,197915000.0,184346000.0,,,65482000.0,,1.33,1.33,87523000.0,87523000.0,160281000.0,,45379000.0,,,,786000.0,238448000.0,,77527000.0,,,,377526000.0,2084000.0,7118000.0,8713000.0,56089000.0,,,18206000.0,3968000.0,102005000.0,315203000.0,-907000.0,,377526000.0,,9048000.0,387000.0,7801000.0,,,-279000.0,,8424000.0,,140868000.0,,,,,,,,0.0,-28063000.0,,,-87460000.0,25345000.0,69423000.0
2013-03-31,142705000.0,,,,,73275000.0,69430000.0,,,26336000.0,,0.48,0.48,87272000.0,87272000.0,210486000.0,,51136000.0,,,,735000.0,275424000.0,,72277000.0,,,,409625000.0,3120000.0,6616000.0,23780000.0,85752000.0,,,22708000.0,3924000.0,134899000.0,304567000.0,-1101000.0,,409625000.0,,6739000.0,-515000.0,5470000.0,,,168000.0,,22674000.0,,95297000.0,,,,,,,,-8000.0,-7108000.0,,,-13300000.0,74889000.0,1910000.0
2013-06-30,293477000.0,,,,,148689000.0,144788000.0,,143593000.0,55060000.0,,1.0,1.0,87341000.0,87341000.0,207766000.0,,55733000.0,,,,565000.0,296676000.0,,71281000.0,,,,429862000.0,3709000.0,8329000.0,16641000.0,70271000.0,,,24227000.0,3900000.0,119956000.0,337420000.0,-1084000.0,,429862000.0,,12949000.0,-1506000.0,10067000.0,,,,,15511000.0,,116860000.0,,,,,,,,-8000.0,-14184000.0,,2206000.0,-30507000.0,72169000.0,54730000.0
2013-12-31,572050000.0,,,,,286236000.0,285814000.0,,283656000.0,107657000.0,175999000.0,1.99,1.99,87331000.0,87331000.0,221341000.0,,49888000.0,,25144000.0,,2717000.0,308861000.0,,67294000.0,,,,441589000.0,4219000.0,8451000.0,1100000.0,107458000.0,,13745000.0,29903000.0,3856000.0,157072000.0,349290000.0,-1050000.0,284517000.0,441589000.0,,20823000.0,-7145000.0,4222000.0,,,,,-75000.0,,224380000.0,,,,,,,,-8000.0,-31197000.0,,2356000.0,-107439000.0,,
2014-03-31,157885000.0,,,,,75847000.0,82038000.0,,81543000.0,32519000.0,49024000.0,0.56,0.56,86453000.0,86453000.0,199065000.0,,57856000.0,,,,922000.0,276022000.0,,69180000.0,,,,412844000.0,2816000.0,10468000.0,14167000.0,74457000.0,,,32249000.0,3833000.0,126164000.0,382587000.0,-735000.0,,412844000.0,,6913000.0,25000.0,7968000.0,,,,,13045000.0,,88316000.0,,,,,,,,0.0,-12672000.0,,765000.0,-97920000.0,-22276000.0,10000.0
2014-06-30,301827000.0,,,,,150073000.0,151754000.0,,150938000.0,58933000.0,,1.06,1.06,86140000.0,86140000.0,145111000.0,,55474000.0,,,,1501000.0,243935000.0,,70228000.0,,,,385781000.0,4144000.0,8776000.0,11712000.0,69029000.0,,,33718000.0,3967000.0,121890000.0,409988000.0,-712000.0,,385781000.0,,11370000.0,-451000.0,5586000.0,,,,,10723000.0,,121236000.0,,,,,,,,-3000.0,-29296000.0,,3531000.0,-168170000.0,-76230000.0,53530000.0
2014-09-30,450737000.0,,,,,223898000.0,226839000.0,,225751000.0,85379000.0,,1.62,1.62,85773000.0,85773000.0,126519000.0,,55121000.0,,,,667000.0,222726000.0,,70379000.0,,,,367086000.0,1899000.0,8745000.0,7211000.0,68283000.0,,,35136000.0,4082000.0,121962000.0,440441000.0,-708000.0,,367086000.0,,13480000.0,-1192000.0,5233000.0,,,,,6337000.0,,184066000.0,,,,,,,,-3000.0,-41470000.0,,3554000.0,-237418000.0,-94822000.0,78336000.0
2014-12-31,617225000.0,,,,,303424000.0,313801000.0,,309697000.0,119983000.0,189714000.0,2.21,2.21,85406000.0,85406000.0,147927000.0,,58386000.0,,26962000.0,,972000.0,244107000.0,,66856000.0,,,,383901000.0,2779000.0,9492000.0,1988000.0,73665000.0,,13677000.0,40683000.0,4197000.0,133834000.0,472005000.0,-689000.0,250067000.0,383901000.0,,15577000.0,-290000.0,8498000.0,,,,,1229000.0,,262657000.0,,,,,,,,-3000.0,-52138000.0,,3557000.0,-283933000.0,,
2015-03-31,142839000.0,,,,,73286000.0,69553000.0,,69277000.0,27018000.0,,0.5,0.5,83956000.0,83956000.0,137558000.0,,51986000.0,,,,1344000.0,209385000.0,,62725000.0,,,,375797000.0,2800000.0,7382000.0,14073000.0,70712000.0,,,41932000.0,3312000.0,132062000.0,496539000.0,-870000.0,,375797000.0,,2655000.0,601000.0,-6154000.0,,,,,11200000.0,,78455000.0,,,,,,,,-246000.0,-37759000.0,,1194000.0,-51065000.0,-10369000.0,2695000.0
2015-06-30,291564000.0,,,,,148640000.0,142924000.0,,142909000.0,55804000.0,,1.04,1.04,83621000.0,83621000.0,89634000.0,,63387000.0,,,,277000.0,194619000.0,,62168000.0,,,,362109000.0,4883000.0,8008000.0,10940000.0,72464000.0,,,43132000.0,3428000.0,135092000.0,523822000.0,-852000.0,,362109000.0,,5801000.0,536000.0,5246000.0,,,,,8183000.0,,105825000.0,,,,,,,,-246000.0,-48325000.0,,1246000.0,-115793000.0,-58293000.0,53860000.0
2015-09-30,478599000.0,,,,,234565000.0,244034000.0,,244360000.0,89739000.0,,1.85,1.85,83329000.0,83329000.0,121678000.0,,65863000.0,,,,988000.0,222700000.0,,58222000.0,7655000.0,2491000.0,,397419000.0,1943000.0,6481000.0,7488000.0,78663000.0,,,38654000.0,3092000.0,137602000.0,572213000.0,-838000.0,,397419000.0,,8987000.0,-1718000.0,7723000.0,,,,,4395000.0,,194137000.0,,,,,,,,1827000.0,-62637000.0,,1285000.0,-157749000.0,-26249000.0,89140000.0
2015-12-31,634545000.0,,,,,314617000.0,319928000.0,,324024000.0,119001000.0,205023000.0,2.46,2.46,83081000.0,83081000.0,102253000.0,,62535000.0,,33564000.0,,625000.0,204118000.0,,60360000.0,7655000.0,2378000.0,,384788000.0,1762000.0,6904000.0,4019000.0,73997000.0,,5309000.0,39679000.0,2883000.0,125143000.0,603597000.0,-824000.0,259645000.0,384788000.0,,12181000.0,-8282000.0,4847000.0,,,,,717000.0,,245278000.0,,,,0.0,,,,1735000.0,-79421000.0,,1285000.0,-211531000.0,,
2016-03-31,162330000.0,,,,,82849000.0,79481000.0,,80467000.0,31291000.0,49400000.0,0.6,0.6,81818000.0,81818000.0,107482000.0,,57604000.0,,,,264000.0,184691000.0,,58063000.0,26468000.0,10016000.0,,394830000.0,4178000.0,7632000.0,14726000.0,83354000.0,,,40929000.0,2995000.0,134303000.0,633876000.0,-795000.0,,394830000.0,,3363000.0,-184000.0,-4931000.0,,,,,10819000.0,,97428000.0,,,,,,,,-27000.0,-27913000.0,,1142000.0,-64286000.0,5229000.0,0.0
2016-06-30,325659000.0,,,,,168210000.0,157449000.0,,164282000.0,64175000.0,100630000.0,1.22,1.22,81580000.0,81580000.0,52193000.0,,71129000.0,,,,432000.0,173872000.0,,61130000.0,26468000.0,9522000.0,,406644000.0,1939000.0,7487000.0,10876000.0,76632000.0,,,42175000.0,2605000.0,128281000.0,666016000.0,-784000.0,,406644000.0,,7105000.0,-369000.0,8594000.0,,,,,6579000.0,,114903000.0,,,,,,,,398000.0,-63829000.0,,1171000.0,-101134000.0,-50060000.0,67200000.0
2016-09-30,481866000.0,,,,,258768000.0,223098000.0,,231617000.0,91059000.0,141350000.0,1.72,1.72,81481000.0,81481000.0,72759000.0,,61112000.0,,,,137000.0,206583000.0,,59911000.0,26468000.0,9094000.0,,441342000.0,3087000.0,6852000.0,7010000.0,81122000.0,,,47667000.0,2713000.0,139177000.0,686042000.0,-775000.0,,441342000.0,,10900000.0,409000.0,-1423000.0,,,,,2821000.0,,174130000.0,,,,,,,,468000.0,-77347000.0,,1171000.0,-126277000.0,-29494000.0,105891000.0
2016-12-31,656946000.0,,,,,358746000.0,298200000.0,,306604000.0,120884000.0,186820000.0,2.27,2.27,81432000.0,81432000.0,97298000.0,,69902000.0,,3494000.0,,134000.0,235045000.0,,55935000.0,26468000.0,8666000.0,,476615000.0,6466000.0,6565000.0,3107000.0,89843000.0,,,52100000.0,2283000.0,146069000.0,710779000.0,-762000.0,317946000.0,476615000.0,,14503000.0,-8845000.0,7367000.0,,,,,-1512000.0,,229563000.0,,,,,,,,421000.0,-84386000.0,,1171000.0,-150132000.0,,
2017-03-31,356200000.0,162800000.0,193400000.0,,,167300000.0,26100000.0,,18300000.0,3100000.0,15500000.0,0.16,0.16,91900000.0,92000000.0,153300000.0,41300000.0,233300000.0,,,,15800000.0,455700000.0,,74600000.0,2675600000.0,1996000000.0,56300000.0,5345100000.0,51400000.0,,18000000.0,260900000.0,,,,6300000.0,2587100000.0,697700000.0,2100000.0,2745400000.0,5345100000.0,25100000.0,20900000.0,2100000.0,33600000.0,,,4700000.0,,11500000.0,-1000000.0,-17700000.0,20300000.0,45000000.0,,,1405400000.0,7400000.0,,-1300000.0,-1386800000.0,,0.0,1457700000.0,56000000.0,
2017-06-30,997000000.0,536700000.0,460300000.0,,,316400000.0,143900000.0,,124400000.0,41200000.0,83800000.0,0.81,0.81,112100000.0,112500000.0,148600000.0,110400000.0,231300000.0,,,,18700000.0,519700000.0,,75600000.0,2686400000.0,1970400000.0,56600000.0,5395600000.0,54900000.0,,14300000.0,376300000.0,,,,6700000.0,,737300000.0,29600000.0,2816700000.0,5395600000.0,80900000.0,30100000.0,-15000000.0,33900000.0,,,,,6700000.0,200000.0,172100000.0,89200000.0,45000000.0,,,1405400000.0,19200000.0,,,-1467400000.0,,0.0,1346500000.0,51300000.0,
2017-09-30,1608400000.0,878400000.0,730000000.0,,,466800000.0,263200000.0,,230300000.0,86800000.0,144300000.0,1.35,1.34,112300000.0,112600000.0,124800000.0,2400000.0,195800000.0,,,,16100000.0,374300000.0,,77200000.0,2696300000.0,1940200000.0,52000000.0,5228100000.0,38900000.0,,11400000.0,238000000.0,,,,7500000.0,,766900000.0,50000000.0,2877900000.0,5228100000.0,136300000.0,39100000.0,-6300000.0,2100000.0,,,,,3900000.0,1000000.0,178900000.0,89200000.0,155100000.0,,,1405400000.0,26100000.0,,,-1369600000.0,,0.0,1214300000.0,27500000.0,
2017-12-31,2229100000.0,1233500000.0,995600000.0,,,623700000.0,371900000.0,,334400000.0,-66200000.0,401700000.0,3.7,3.69,107200000.0,107500000.0,143500000.0,47300000.0,217300000.0,,35100000.0,,9400000.0,434700000.0,,73900000.0,2707400000.0,1902600000.0,59500000.0,5265700000.0,43200000.0,,15400000.0,334000000.0,,,78800000.0,6800000.0,,993300000.0,50700000.0,3110600000.0,5265700000.0,192200000.0,52600000.0,-238400000.0,20600000.0,,,,,7800000.0,300000.0,374400000.0,136000000.0,155100000.0,,,1414100000.0,37500000.0,,,-1436500000.0,,,1099700000.0,46200000.0,
2018-03-31,,449200000.0,328500000.0,,,160800000.0,167700000.0,,159400000.0,41300000.0,118400000.0,1.04,1.04,112400000.0,112700000.0,166300000.0,64000000.0,268400000.0,,,,13600000.0,512300000.0,,74200000.0,2718200000.0,1876700000.0,56900000.0,5328200000.0,48700000.0,,19600000.0,384300000.0,,,77900000.0,6800000.0,,1080800000.0,75500000.0,3175200000.0,5328200000.0,54200000.0,11000000.0,-29800000.0,50300000.0,,,,,4100000.0,-300000.0,163500000.0,63400000.0,46300000.0,,,-200000.0,7300000.0,,1000000.0,-25200000.0,,,-114200000.0,22800000.0,
2018-06-30,,833200000.0,612000000.0,,,315200000.0,296800000.0,,279200000.0,78100000.0,201700000.0,1.78,1.77,112200000.0,112600000.0,140000000.0,131800000.0,252200000.0,,,,13100000.0,584000000.0,,65400000.0,2701300000.0,1813000000.0,59600000.0,5316900000.0,11100000.0,,17400000.0,679900000.0,,,81100000.0,8800000.0,,1134000000.0,34200000.0,3149600000.0,5316900000.0,104600000.0,21000000.0,-13300000.0,35000000.0,,,,,2000000.0,2100000.0,349300000.0,130700000.0,46900000.0,,,,12600000.0,,1000000.0,-97400000.0,,,-249800000.0,-3500000.0,
2018-09-30,,1138600000.0,882500000.0,,,459600000.0,422900000.0,,395500000.0,108700000.0,287700000.0,2.54,2.53,112000000.0,112400000.0,136800000.0,900000.0,221900000.0,,,,16100000.0,435500000.0,,65900000.0,2697600000.0,1768200000.0,58700000.0,5119500000.0,6300000.0,,13400000.0,478900000.0,,,81700000.0,7100000.0,,1185400000.0,25800000.0,3151900000.0,5119500000.0,154900000.0,29400000.0,-10300000.0,3800000.0,,,,,-2000000.0,500000.0,308100000.0,131200000.0,178700000.0,,,,27800000.0,,1800000.0,17900000.0,,,-332300000.0,-6700000.0,
2018-12-31,,1551900000.0,1216900000.0,,,617500000.0,599400000.0,,571200000.0,146000000.0,426500000.0,3.78,3.76,111800000.0,112200000.0,275100000.0,35700000.0,287300000.0,,38400000.0,,15200000.0,683700000.0,,71700000.0,2691400000.0,1720200000.0,62900000.0,5321000000.0,12800000.0,,8500000.0,595900000.0,,,114900000.0,7400000.0,,1288200000.0,11500000.0,3241000000.0,5321000000.0,204000000.0,35100000.0,-47700000.0,70300000.0,,,,,-7000000.0,700000.0,534700000.0,166200000.0,178700000.0,,,,36300000.0,,,-25600000.0,,,-371600000.0,131600000.0,
2019-03-31,,322100000.0,280500000.0,,,134000000.0,146500000.0,,127800000.0,32600000.0,95400000.0,0.85,0.85,111500000.0,111700000.0,346200000.0,30200000.0,251000000.0,,,,15500000.0,683200000.0,,68500000.0,2697500000.0,1690300000.0,66100000.0,5330400000.0,4300000.0,,18200000.0,511400000.0,,,121200000.0,3400000.0,,1348600000.0,26200000.0,3285400000.0,5330400000.0,47200000.0,5400000.0,-5400000.0,-37500000.0,,,,,9700000.0,-4100000.0,118000000.0,29500000.0,35300000.0,,,,5800000.0,,,22000000.0,,,-71700000.0,71100000.0,
2019-06-30,,659500000.0,562600000.0,,,292000000.0,270600000.0,,246300000.0,67700000.0,182600000.0,1.62,1.62,111500000.0,111600000.0,161300000.0,82900000.0,245900000.0,,,,16900000.0,577400000.0,,50700000.0,2680000000.0,1646500000.0,66200000.0,5159300000.0,9000000.0,,13200000.0,285800000.0,,,127300000.0,23200000.0,,1401900000.0,8100000.0,3327000000.0,5159300000.0,90900000.0,11700000.0,-11000000.0,-41500000.0,,,,,4600000.0,-4500000.0,317600000.0,61800000.0,35500000.0,,,,19100000.0,,,-23400000.0,,,-406500000.0,-113800000.0,
2019-09-30,,1040900000.0,856600000.0,,,438600000.0,418000000.0,,387200000.0,102700000.0,288600000.0,2.57,2.56,111600000.0,112000000.0,150000000.0,21400000.0,235500000.0,,,,17600000.0,489500000.0,,49000000.0,2663400000.0,1598600000.0,74700000.0,5019300000.0,10300000.0,,8100000.0,199000000.0,,,134800000.0,24100000.0,1690600000.0,1467400000.0,-9100000.0,3328700000.0,5019300000.0,133800000.0,17000000.0,-18400000.0,-49800000.0,,,,,-300000.0,-4300000.0,395100000.0,61800000.0,98000000.0,,,,26900000.0,,,31300000.0,,,-549000000.0,-125100000.0,
2019-12-31,,1359200000.0,1136900000.0,,,599700000.0,537200000.0,,501400000.0,130600000.0,374900000.0,3.35,3.34,111400000.0,111800000.0,229300000.0,71000000.0,234700000.0,,55800000.0,,15800000.0,607600000.0,,47000000.0,2682100000.0,1589900000.0,51600000.0,5113900000.0,21000000.0,,4500000.0,281600000.0,,,135900000.0,26800000.0,1758300000.0,1512600000.0,37600000.0,3355600000.0,5113900000.0,176600000.0,21800000.0,-37200000.0,-50300000.0,,,,,-4100000.0,-4000000.0,632800000.0,108800000.0,98000000.0,,,,35100000.0,,,-15900000.0,,,-662900000.0,-45800000.0,
2020-03-31,,563200000.0,358300000.0,,,131900000.0,226400000.0,,217500000.0,60100000.0,157400000.0,1.42,1.42,110400000.0,110600000.0,165200000.0,43600000.0,396500000.0,,,,15300000.0,632100000.0,,70700000.0,2725400000.0,1555500000.0,56400000.0,5237500000.0,9200000.0,,17200000.0,358100000.0,,,142100000.0,21900000.0,1927400000.0,1629600000.0,100000.0,3310100000.0,5237500000.0,40500000.0,8300000.0,-3800000.0,164100000.0,,,,,11400000.0,500000.0,163300000.0,24500000.0,47300000.0,,,61600000.0,10600000.0,,,-51000000.0,,,-175700000.0,-64100000.0,
2020-06-30,,1135000000.0,655200000.0,,,267100000.0,388100000.0,,374100000.0,103100000.0,271000000.0,2.46,2.45,109900000.0,110100000.0,210100000.0,176500000.0,376800000.0,,,,17800000.0,781200000.0,,75600000.0,2730400000.0,1526200000.0,60800000.0,5366300000.0,12200000.0,,17300000.0,496500000.0,,,148800000.0,24200000.0,2080000000.0,1703700000.0,-2600000.0,3286300000.0,5366300000.0,78500000.0,12900000.0,-11000000.0,144200000.0,,,,,11600000.0,400000.0,488300000.0,154900000.0,47300000.0,,,66600000.0,17200000.0,,,-191600000.0,,,-314900000.0,-19200000.0,
2020-09-30,,1635700000.0,947200000.0,,,419800000.0,527400000.0,,537500000.0,156600000.0,380900000.0,3.47,3.46,109500000.0,109800000.0,212700000.0,22800000.0,283300000.0,,,,33300000.0,1382300000.0,,82600000.0,2781500000.0,1580400000.0,67700000.0,6076800000.0,15900000.0,,13700000.0,1128300000.0,,,157300000.0,25500000.0,2732300000.0,1767800000.0,29000000.0,3344500000.0,6076800000.0,118000000.0,17300000.0,-8800000.0,43300000.0,,,,,7900000.0,-100000.0,1189400000.0,154900000.0,202500000.0,,,103300000.0,37200000.0,,,-104600000.0,,,-332600000.0,755300000.0,
2020-12-31,,2172800000.0,1254300000.0,,,592100000.0,662200000.0,,660400000.0,192200000.0,468200000.0,4.28,4.27,109100000.0,109300000.0,245400000.0,92400000.0,337300000.0,,82500000.0,,26500000.0,1566800000.0,,82600000.0,2895100000.0,1729000000.0,76300000.0,6516500000.0,28500000.0,,10200000.0,1313300000.0,,,164700000.0,27200000.0,3167600000.0,1809800000.0,75000000.0,3348900000.0,6516500000.0,158500000.0,21700000.0,-30900000.0,90000000.0,,,-23400000.0,,4500000.0,-1100000.0,1458800000.0,222500000.0,202500000.0,,,351500000.0,47400000.0,,,-430500000.0,,,-201700000.0,828200000.0,
2021-03-31,,645300000.0,365500000.0,,,160900000.0,204600000.0,,192900000.0,55700000.0,,1.27,1.27,107300000.0,107400000.0,263300000.0,95500000.0,374800000.0,,,,39500000.0,2033100000.0,,83400000.0,2898000000.0,1698100000.0,83300000.0,6958100000.0,11200000.0,,21200000.0,1694100000.0,,,174200000.0,30600000.0,3553900000.0,1901700000.0,79800000.0,3404200000.0,6958100000.0,42000000.0,11700000.0,-5800000.0,37600000.0,,,,,11000000.0,7100000.0,599100000.0,71000000.0,67600000.0,,,,9900000.0,,,-13300000.0,,,-119500000.0,465800000.0,
2021-06-30,,1095500000.0,716100000.0,,,321500000.0,394600000.0,,372100000.0,129400000.0,,2.26,2.26,107100000.0,107300000.0,450900000.0,118700000.0,333100000.0,,,,50200000.0,2180800000.0,,95600000.0,2899500000.0,1670400000.0,93100000.0,7096500000.0,12600000.0,,17200000.0,1604000000.0,,,187500000.0,32200000.0,3654000000.0,1962200000.0,85800000.0,3442500000.0,7096500000.0,82600000.0,17200000.0,5900000.0,-4200000.0,,,,,7000000.0,6400000.0,721800000.0,92600000.0,67600000.0,,,,21300000.0,,,-45800000.0,,,-94100000.0,581600000.0,
2021-09-30,,1542800000.0,1085600000.0,,,500300000.0,585300000.0,,545900000.0,182800000.0,,3.38,3.38,107000000.0,107200000.0,392400000.0,26700000.0,324200000.0,,,,41600000.0,2498800000.0,,102400000.0,3024700000.0,1701000000.0,103400000.0,7582700000.0,18700000.0,,13900000.0,2017700000.0,,,196800000.0,33500000.0,4085700000.0,2031100000.0,66000000.0,3497000000.0,7582700000.0,125400000.0,22700000.0,17500000.0,-14500000.0,,,,,3700000.0,6700000.0,1285400000.0,92600000.0,160200000.0,,,167300000.0,37300000.0,,,-136500000.0,,,-146500000.0,1004900000.0,
2021-12-31,,2018700000.0,1476100000.0,,,670200000.0,805900000.0,,756100000.0,227100000.0,529000000.0,4.93,4.92,107000000.0,107200000.0,341900000.0,37100000.0,326900000.0,,93200000.0,,36800000.0,1531300000.0,,105200000.0,3025400000.0,1668600000.0,125800000.0,6814500000.0,19500000.0,,15200000.0,1169300000.0,,,197900000.0,34600000.0,3209700000.0,2145500000.0,55600000.0,3604800000.0,6814500000.0,167400000.0,26600000.0,-18900000.0,-12000000.0,,,,,4900000.0,7200000.0,596800000.0,101200000.0,160200000.0,,,151500000.0,51000000.0,,,-352700000.0,,,-200300000.0,34700000.0,
2022-03-31,,556400000.0,418100000.0,,,178400000.0,239700000.0,,224900000.0,115300000.0,109600000.0,1.02,1.02,106600000.0,106800000.0,659400000.0,48700000.0,380300000.0,,,,36500000.0,2935200000.0,,106700000.0,3018100000.0,1628600000.0,140200000.0,8198100000.0,21200000.0,,26400000.0,2341100000.0,,,163000000.0,34700000.0,4630800000.0,2203700000.0,29100000.0,3567300000.0,8198100000.0,40900000.0,9100000.0,-17800000.0,56200000.0,,,,,11200000.0,-11300000.0,1259800000.0,20800000.0,8600000.0,,,,10800000.0,,,-24900000.0,,,146500000.0,1382100000.0,
2022-06-30,,1118100000.0,842200000.0,,,839900000.0,-237400000.0,,-256800000.0,-72300000.0,-184500000.0,-1.74,-1.74,106500000.0,106500000.0,373300000.0,68500000.0,391300000.0,,,,39000000.0,1932800000.0,,107500000.0,3132000000.0,1792800000.0,140400000.0,7476100000.0,35200000.0,,22700000.0,1599600000.0,,,173500000.0,32600000.0,4214200000.0,1968000000.0,-31900000.0,3261900000.0,7476100000.0,81100000.0,16100000.0,-142300000.0,70000000.0,,,,,6800000.0,-12000000.0,625400000.0,41100000.0,8600000.0,,,706500000.0,22200000.0,,,-772900000.0,,,435800000.0,272500000.0,
2022-09-30,,1669200000.0,1284600000.0,,,1045500000.0,239100000.0,,229000000.0,121800000.0,150200000.0,1.41,1.41,106400000.0,106600000.0,353300000.0,27400000.0,380200000.0,,,,43300000.0,1897000000.0,,105800000.0,3113900000.0,1666100000.0,144500000.0,7297400000.0,21300000.0,,15600000.0,1545200000.0,,,184800000.0,32600000.0,4003600000.0,2064800000.0,-103800000.0,3293800000.0,7297400000.0,122100000.0,23100000.0,-146800000.0,66900000.0,,,,,-100000.0,-11500000.0,794700000.0,41100000.0,49800000.0,,,707400000.0,32400000.0,,,-744600000.0,,,274700000.0,294300000.0,
2022-12-31,,2216800000.0,1741700000.0,,,1252100000.0,489600000.0,,432900000.0,197900000.0,,2.2,2.19,106300000.0,106700000.0,432700000.0,91700000.0,369800000.0,,222500000.0,,47600000.0,1556000000.0,,108200000.0,3122800000.0,1662800000.0,181900000.0,6998900000.0,27500000.0,,11700000.0,1477200000.0,,,196100000.0,55800000.0,3533600000.0,2171100000.0,-31000000.0,3465300000.0,6998900000.0,166800000.0,30700000.0,-155700000.0,49800000.0,,,,,-4100000.0,-12900000.0,651100000.0,104700000.0,51200000.0,,,708300000.0,59800000.0,,,-835100000.0,,,81700000.0,-112300000.0,
2023-03-31,,516800000.0,471400000.0,,,223500000.0,247900000.0,,248200000.0,74800000.0,,1.63,1.63,105900000.0,106200000.0,435600000.0,80200000.0,393400000.0,,,,49600000.0,2458100000.0,,112100000.0,3128400000.0,1636500000.0,186300000.0,7903500000.0,15100000.0,,21700000.0,2303500000.0,,,210500000.0,59700000.0,4364800000.0,2291200000.0,-12200000.0,3538700000.0,7903500000.0,41400000.0,16900000.0,-10600000.0,20200000.0,,,,,9900000.0,300000.0,1030800000.0,48800000.0,64400000.0,,,,12400000.0,,,1900000.0,,,-141200000.0,912600000.0,
2023-06-30,,957500000.0,938500000.0,,,445800000.0,492700000.0,,490000000.0,148800000.0,,3.21,3.2,105800000.0,106100000.0,413600000.0,103700000.0,363600000.0,,,,51700000.0,1744300000.0,,115800000.0,3138400000.0,1614400000.0,181100000.0,7195900000.0,33100000.0,,14400000.0,1468100000.0,,,223700000.0,56700000.0,3531500000.0,2405800000.0,-2400000.0,3664400000.0,7195900000.0,81200000.0,26000000.0,-17300000.0,-12600000.0,,,,,2800000.0,-4500000.0,527700000.0,69700000.0,64400000.0,,,,20200000.0,,,-42800000.0,,,-348700000.0,156500000.0,
2023-09-30,,1385800000.0,1419000000.0,,,655100000.0,763900000.0,,760100000.0,210700000.0,,5.17,5.15,105800000.0,106200000.0,403100000.0,34000000.0,359100000.0,,,,56400000.0,2277900000.0,,105600000.0,3124900000.0,1571300000.0,189600000.0,7732500000.0,13500000.0,,9100000.0,1849500000.0,,,233900000.0,65000000.0,3944200000.0,2555500000.0,-51400000.0,3788300000.0,7732500000.0,120000000.0,35100000.0,-6900000.0,-6900000.0,,,,,-2500000.0,3400000.0,1264600000.0,69700000.0,135700000.0,,,,27900000.0,,,-16900000.0,,,-513600000.0,751800000.0,
2023-12-31,,1855500000.0,1918000000.0,,,860100000.0,1057900000.0,,1047600000.0,286200000.0,,7.16,7.13,105800000.0,106200000.0,543200000.0,57500000.0,337300000.0,,230700000.0,,66700000.0,1979300000.0,,109200000.0,3140600000.0,1561500000.0,206300000.0,7487500000.0,24700000.0,,5900000.0,1383400000.0,,,243800000.0,67500000.0,3502500000.0,2525200000.0,-9400000.0,3985000000.0,7487500000.0,158000000.0,41300000.0,-15200000.0,-39400000.0,,,,,-5800000.0,-800000.0,1075600000.0,89800000.0,135700000.0,,,,45000000.0,,,-55100000.0,,,-656100000.0,417200000.0,
2024-03-31,,455100000.0,502100000.0,,,219700000.0,282400000.0,,292100000.0,82600000.0,,1.97,1.96,105600000.0,106100000.0,536300000.0,58800000.0,370200000.0,,,,65100000.0,2675100000.0,,106000000.0,3133800000.0,1526700000.0,209400000.0,8152100000.0,11300000.0,,12900000.0,2007000000.0,,,257400000.0,65500000.0,4128000000.0,2676200000.0,-23200000.0,4024100000.0,8152100000.0,37300000.0,11700000.0,-1700000.0,40700000.0,,,,,7000000.0,500000.0,895600000.0,23000000.0,20600000.0,,,,7300000.0,,,-13300000.0,,,-168600000.0,688700000.0,76600000.0
2024-06-30,,915300000.0,1015900000.0,,,523400000.0,492500000.0,,495100000.0,145200000.0,,3.3,3.29,105400000.0,105800000.0,614600000.0,83700000.0,372700000.0,,,,57900000.0,3899500000.0,,115100000.0,3132900000.0,1424700000.0,208600000.0,9255600000.0,24700000.0,,9900000.0,3158900000.0,,,270900000.0,43000000.0,5233900000.0,2758400000.0,-26400000.0,4021700000.0,9255600000.0,69100000.0,22000000.0,-21200000.0,44200000.0,,,,,4000000.0,1900000.0,2389500000.0,46300000.0,20600000.0,,,,25100000.0,,,-50400000.0,,,-346200000.0,1951500000.0,178300000.0
2024-09-30,,1439000000.0,1547900000.0,,,748000000.0,799900000.0,,804100000.0,235700000.0,,5.38,5.36,105200000.0,105600000.0,763200000.0,,376200000.0,,,,53100000.0,3318000000.0,,108700000.0,3150500000.0,1424700000.0,220800000.0,8711500000.0,17300000.0,,6000000.0,2389800000.0,,,286900000.0,45100000.0,4503200000.0,2910600000.0,17800000.0,4208300000.0,8711500000.0,100900000.0,32100000.0,-24000000.0,35700000.0,,,,,-100000.0,-400000.0,1811000000.0,46300000.0,67900000.0,,,,37100000.0,,,-15000000.0,,,-424300000.0,1405100000.0,271400000.0
,,,,,,,,,,,,,,,,,,,,,,,,,,,,,,,,,,,,,,,,,,,,,,,,,,,,,,,,,,,,,,,,,,,
,,,,,,,,,,,,,,,,,,,,,,,,,,,,,,,,,,,,,,,,,,,,,,,,,,,,,,,,,,,,,,,,,,,
,,,,,,,,,,,,,,,,,,,,,,,,,,,,,,,,,,,,,,,,,,,,,,,,,,,,,,,,,,,,,,,,,,,
,,,,,,,,,,,,,,,,,,,,,,,,,,,,,,,,,,,,,,,,,,,,,,,,,,,,,,,,,,,,,,,,,,,
,,,,,,,,,,,,,,,,,,,,,,,,,,,,,,,,,,,,,,,,,,,,,,,,,,,,,,,,,,,,,,,,,,,
