Date,Net sales,Cost of sales,Gross margin,Research and development,"Selling, general and administrative",Total operating expenses,Operating income,"Other income/(expense), net",Income before provision for income taxes,Provision for income taxes,Net income,Earnings per share basic,Earnings per share diluted,Weighted-average basic,Weighted-average diluted,Cash and cash equivalents,Short-term marketable securities,"Accounts receivable, net",Inventories,Deferred tax assets,Vendor non-trade receivables,Other current assets,Total current assets,Long-term marketable securities,"Property, Plant and Equipment, Net",Goodwill,"Acquired intangible assets, net","Other Assets, Noncurrent",Total assets,accounts payable,Accrued expenses,Deferred revenue,Total current liabilities,Deferred revenue - non-current,deferred tax liabilities,long term taxes payable,Total other non-current liabilities,Total liabilities,Retained Earnings (Accumulated Deficit),Accumulated other comprehensive (loss)/income,Total shareholders equity,Total liabilities and shareholders' equity,"Depreciation, amortization and accretion",Stock-based compensation expense,Deferred income tax expense,"Increase (Decrease) in Accounts receivable, net",Increase (Decrease) in Inventories,Increase (Decrease) in Other Receivables,Increase (Decrease) in Other Operating Assets,Increase (Decrease) in Accounts Payable,Increase (Decrease) in Deferred Revenue,Increase (Decrease) Other liabilities,Cash generated by operating activities,Purchases of marketable securities,Proceeds from maturities of marketable securities,Proceeds from sales of marketable securities,Purchases of other long-term investments,"Business acquisitions, net of cash acquired",Cash payments for capital asset purchases,Payments for acquisition of intangible assets,Payments for (Proceeds from) Other Investing Activities,Cash used in investing activities,Proceeds from issuance of common stock,Excess tax benefits from stock-based compensation,Cash generated/used in financing activities,Increase/(decrease) in cash and cash equivalents,"Cash paid for income taxes, net"
2009-12-31,1685407000.0,,,,153072000.0,1251416000.0,433991000.0,,-190523000.0,-76400000.0,-114332000.0,,,,,766146000.0,,44431000.0,,76089000.0,,13955000.0,1196033000.0,,4895983000.0,1984804000.0,,207798000.0,10956606000.0,33053000.0,94610000.0,179649000.0,754105000.0,,74117000.0,,137766000.0,7704867000.0,-2628336000.0,-124224000.0,2936241000.0,10956606000.0,529739000.0,29225000.0,-74410000.0,4830000.0,,,,,,,571256000.0,,,,,2598000.0,173535000.0,,,-172145000.0,,,214396000.0,610927000.0,
2010-03-31,444327000.0,,,,39473000.0,313954000.0,130373000.0,,-129739000.0,-10339000.0,-119275000.0,-0.43,-0.43,288451000.0,288451000.0,397496000.0,,41265000.0,,110529000.0,,24269000.0,814069000.0,,4842394000.0,1984823000.0,2385930000.0,528293000.0,10560509000.0,24771000.0,77251000.0,171710000.0,627376000.0,,107139000.0,,136265000.0,7557514000.0,-2752812000.0,-155112000.0,2687239000.0,10560509000.0,132868000.0,8263000.0,-13767000.0,-3482000.0,,,,,,,84257000.0,,,,21800000.0,,36863000.0,,,-56921000.0,,,-396036000.0,-368650000.0,
2010-09-30,1382344000.0,,,,121449000.0,963131000.0,419213000.0,,-374786000.0,-22622000.0,-351813000.0,-1.28,-1.28,286883000.0,286883000.0,303979000.0,,55201000.0,,92678000.0,,26119000.0,754305000.0,,4897340000.0,2029139000.0,2338517000.0,633941000.0,10653242000.0,28100000.0,97226000.0,232940000.0,669791000.0,,87889000.0,,604150000.0,7955896000.0,-2995753000.0,-207241000.0,2381394000.0,10653242000.0,403512000.0,26185000.0,-34279000.0,7295000.0,,,,,,,407655000.0,,,,25247000.0,126972000.0,148274000.0,,,-298458000.0,,,-571233000.0,-462167000.0,3037000.0
2011-03-31,499039000.0,,,,44744000.0,332611000.0,166428000.0,,39307000.0,-817000.0,40017000.0,0.12,0.12,286998000.0,289005000.0,82320000.0,,53671000.0,,60423000.0,,24100000.0,516071000.0,,4854182000.0,2029316000.0,2274152000.0,723473000.0,10397194000.0,30231000.0,79894000.0,198521000.0,392729000.0,,66007000.0,,455856000.0,7617385000.0,-2925266000.0,-164197000.0,2462892000.0,10397194000.0,137273000.0,9496000.0,-2012000.0,-6534000.0,,,,,,,127514000.0,,,,0.0,435000.0,52650000.0,,,-52792000.0,,,-105590000.0,-30211000.0,642000.0
2011-12-31,2032729000.0,,,,173493000.0,1340424000.0,692305000.0,,179807000.0,8347000.0,171077000.0,0.52,0.52,283821000.0,285947000.0,80120000.0,,77258000.0,,-12177000.0,,23492000.0,599152000.0,,4861227000.0,2035390000.0,,250042000.0,10545096000.0,32055000.0,104904000.0,167238000.0,402106000.0,,97562000.0,,500350000.0,7853200000.0,-2811945000.0,-116996000.0,2386245000.0,10545096000.0,552951000.0,32610000.0,4626000.0,17407000.0,,,242446000.0,,,19606000.0,643454000.0,,,,,37551000.0,347942000.0,,14372000.0,-399865000.0,,,-275712000.0,-32411000.0,4340000.0
2012-03-31,551745000.0,,,,51001000.0,349517000.0,202228000.0,,56965000.0,6695000.0,50031000.0,0.17,0.17,284913000.0,285853000.0,1063684000.0,,79872000.0,,87262000.0,,29010000.0,1648009000.0,,4836152000.0,2114624000.0,2243389000.0,601606000.0,12124656000.0,31909000.0,86722000.0,174176000.0,425842000.0,,104290000.0,,514702000.0,9387990000.0,-2764543000.0,-93043000.0,2736534000.0,12124656000.0,139400000.0,9035000.0,4813000.0,2080000.0,,,59446000.0,,,-3270000.0,162212000.0,,,,,221316000.0,65052000.0,,-1195000.0,-285173000.0,,,1104933000.0,983564000.0,884000.0
2012-06-30,1137256000.0,,,,98079000.0,732051000.0,405205000.0,,105617000.0,-68432000.0,166044000.0,0.57,0.57,290649000.0,291203000.0,96175000.0,,124154000.0,,93889000.0,,47881000.0,739110000.0,,5347867000.0,2776121000.0,2391292000.0,607061000.0,12597676000.0,46279000.0,104050000.0,195330000.0,489124000.0,,81665000.0,,853106000.0,9731678000.0,-2648530000.0,-89065000.0,2864441000.0,12597676000.0,291882000.0,17105000.0,-65544000.0,26225000.0,,,122662000.0,,,-3145000.0,324342000.0,,,,,1199316000.0,159697000.0,,-1188000.0,-1357825000.0,,,1049237000.0,16055000.0,2556000.0
2012-09-30,1758593000.0,,,,153941000.0,1132620000.0,625973000.0,,181095000.0,32300000.0,208089000.0,0.71,0.71,290762000.0,292098000.0,118903000.0,,141399000.0,,78937000.0,,60186000.0,777376000.0,,5380541000.0,2801161000.0,2368650000.0,604460000.0,12736419000.0,48373000.0,120020000.0,220744000.0,531817000.0,,96735000.0,,869991000.0,9793614000.0,-2606485000.0,-71633000.0,2940077000.0,12736419000.0,446749000.0,33573000.0,-35140000.0,44213000.0,,,203372000.0,,,31230000.0,524458000.0,,,,,1236238000.0,283386000.0,,-1244000.0,-1518380000.0,,,1030987000.0,38783000.0,3092000.0
2012-12-31,2432680000.0,,,,212572000.0,1597999000.0,834681000.0,,100827000.0,-100061000.0,188584000.0,0.64,0.64,289285000.0,291270000.0,441364000.0,,192833000.0,,161504000.0,,73961000.0,1581324000.0,,6917531000.0,3119957000.0,,629468000.0,16088709000.0,115999000.0,140084000.0,241127000.0,1237858000.0,,65830000.0,,910571000.0,13137445000.0,-2625990000.0,-61791000.0,2938746000.0,16088709000.0,622592000.0,41944000.0,-110374000.0,98570000.0,,,261116000.0,,,98686000.0,772557000.0,,,,,3759475000.0,441383000.0,,-1262000.0,-4199596000.0,,,3786803000.0,361244000.0,3375000.0
2013-03-31,740060000.0,,,,58246000.0,505005000.0,235055000.0,,34445000.0,17708000.0,15462000.0,0.05,0.05,291102000.0,292570000.0,160865000.0,,212732000.0,,180817000.0,,69231000.0,865415000.0,,6882411000.0,3180510000.0,2861315000.0,624533000.0,15372505000.0,96874000.0,134951000.0,230792000.0,637626000.0,,50336000.0,,978595000.0,12407874000.0,-2610528000.0,-52036000.0,2950413000.0,15372505000.0,186459000.0,10029000.0,14740000.0,19808000.0,,,30379000.0,,,10506000.0,286626000.0,,,,,12810000.0,116353000.0,,-147000.0,-129016000.0,,,-436487000.0,-280499000.0,2645000.0
2013-06-30,1474988000.0,,,,113035000.0,1009971000.0,465017000.0,,124409000.0,54295000.0,67821000.0,0.23,0.23,291225000.0,292706000.0,126886000.0,,201028000.0,,182053000.0,,84163000.0,880066000.0,,6892277000.0,3138018000.0,2852434000.0,626233000.0,15392585000.0,112160000.0,105451000.0,242420000.0,644198000.0,,110756000.0,,1021230000.0,12467693000.0,-2558169000.0,-77491000.0,2911472000.0,15392585000.0,377110000.0,19472000.0,50143000.0,11647000.0,,,129877000.0,,,45362000.0,560027000.0,,,,,27280000.0,254820000.0,,-6644000.0,-275456000.0,,,-596097000.0,-314478000.0,10242000.0
2013-09-30,2223965000.0,,,,171539000.0,1536109000.0,687856000.0,,204836000.0,88254000.0,113657000.0,0.39,0.39,290900000.0,292043000.0,218649000.0,,236211000.0,,189878000.0,,79500000.0,999803000.0,,6904346000.0,3140308000.0,2821812000.0,648026000.0,15567572000.0,119689000.0,131273000.0,248807000.0,679718000.0,,153967000.0,,1076521000.0,12570282000.0,-2512333000.0,-61339000.0,2982972000.0,15567572000.0,572518000.0,29334000.0,80999000.0,45689000.0,,,190199000.0,,,127463000.0,838866000.0,,,,,55131000.0,385482000.0,,-7601000.0,-433012000.0,,,-624998000.0,-222715000.0,12769000.0
2013-12-31,3022384000.0,,,,238702000.0,2100581000.0,921803000.0,,292529000.0,198628000.0,90111000.0,0.26,0.26,298083000.0,299293000.0,223394000.0,,249925000.0,,10791000.0,,77121000.0,892683000.0,,8947677000.0,4916426000.0,,682254000.0,20594908000.0,145390000.0,181715000.0,260114000.0,756387000.0,,56513000.0,,1349919000.0,13653733000.0,-2535879000.0,-23612000.0,6926717000.0,20594908000.0,774215000.0,39030000.0,180275000.0,60217000.0,,,227877000.0,,,242465000.0,1237656000.0,,,,,4960435000.0,567810000.0,,-7276000.0,-5520969000.0,2980586000.0,,4063133000.0,-217970000.0,15591000.0
2014-03-31,875950000.0,,,,64849000.0,624382000.0,251568000.0,,102605000.0,-188000.0,101497000.0,0.27,0.27,332034000.0,333045000.0,200537000.0,,245556000.0,,26972000.0,,83224000.0,852268000.0,,8927218000.0,4934148000.0,3997518000.0,714090000.0,20569666000.0,127053000.0,155868000.0,255323000.0,708272000.0,,52134000.0,,1406734000.0,13634999000.0,-2562541000.0,4059000.0,6918265000.0,20569666000.0,250191000.0,11956000.0,-2332000.0,-4896000.0,,,51339000.0,,,34900000.0,362283000.0,,,,,62228000.0,142943000.0,,-952000.0,-204219000.0,,,-174459000.0,-22857000.0,7400000.0
2014-06-30,1792295000.0,,,,134002000.0,1310541000.0,481754000.0,,137754000.0,-396000.0,135506000.0,0.34,0.34,332344000.0,333081000.0,227479000.0,,304015000.0,,33379000.0,,76275000.0,947746000.0,,8888426000.0,4939755000.0,3922063000.0,780140000.0,20672059000.0,132529000.0,170743000.0,320134000.0,795878000.0,,54123000.0,,1477995000.0,13792623000.0,-2656718000.0,26205000.0,6861338000.0,20672059000.0,504426000.0,27373000.0,-4885000.0,53563000.0,,,109628000.0,,,189789000.0,763676000.0,,,,,90442000.0,309740000.0,,-2378000.0,-397804000.0,,,-355756000.0,4085000.0,
2014-09-30,2722320000.0,,,,205397000.0,1990274000.0,732046000.0,,246273000.0,482000.0,242443000.0,0.63,0.63,332413000.0,333241000.0,238550000.0,,311798000.0,,40201000.0,,96182000.0,978795000.0,,8870817000.0,5091800000.0,3795426000.0,817117000.0,20784860000.0,175110000.0,168475000.0,327265000.0,845567000.0,,57118000.0,,1552425000.0,13922115000.0,-2677959000.0,19006000.0,6844974000.0,20784860000.0,759288000.0,39497000.0,-7512000.0,61347000.0,,,181509000.0,,,253110000.0,1192230000.0,,,,,179918000.0,513552000.0,,-2787000.0,-690683000.0,,,-479033000.0,15156000.0,
2014-12-31,3689884000.0,,,,282696000.0,2696308000.0,993576000.0,,388134000.0,-10640000.0,390513000.0,1.04,1.04,332302000.0,333265000.0,175620000.0,,329229000.0,,10986000.0,,94211000.0,931502000.0,,9148311000.0,5210091000.0,,856144000.0,21143276000.0,167662000.0,202657000.0,348338000.0,898935000.0,,39889000.0,,1659698000.0,14406048000.0,-2815428000.0,15820000.0,6716225000.0,21143276000.0,1013064000.0,51497000.0,-25579000.0,77251000.0,,,222052000.0,,,401262000.0,1666130000.0,,,,,466305000.0,780077000.0,,-3477000.0,-1242905000.0,,,-462987000.0,-47774000.0,18770000.0
2015-03-31,941001000.0,,,,79487000.0,678047000.0,262954000.0,,128394000.0,3282000.0,122787000.0,0.34,0.34,332712000.0,333485000.0,240153000.0,,292565000.0,,30105000.0,,83393000.0,927514000.0,,9139703000.0,5215348000.0,3650945000.0,860717000.0,21105477000.0,146894000.0,163096000.0,327270000.0,821955000.0,,38152000.0,,1732484000.0,14546684000.0,-2978356000.0,8304000.0,6536720000.0,21105477000.0,258060000.0,15244000.0,-800000.0,-36661000.0,,,10254000.0,,,22426000.0,460794000.0,,,,,17493000.0,204753000.0,,514000.0,-222760000.0,,,-172241000.0,64533000.0,
2015-06-30,1799908000.0,,,,147181000.0,1314270000.0,485638000.0,,272681000.0,-5579000.0,1276147000.0,3.77,3.76,333091000.0,333733000.0,338609000.0,,253342000.0,,29842000.0,,214396000.0,1117560000.0,,9042284000.0,5160106000.0,3631987000.0,803175000.0,21011629000.0,153909000.0,151211000.0,313355000.0,780244000.0,,35117000.0,,1755430000.0,13607393000.0,-2110438000.0,-6866000.0,7404236000.0,21011629000.0,504959000.0,30131000.0,-10170000.0,-60231000.0,,,55527000.0,,,130044000.0,918878000.0,,,,,64725000.0,420883000.0,,8080000.0,-439213000.0,,,-1424165000.0,,
2015-09-30,2718015000.0,,,,223880000.0,2001575000.0,716440000.0,,373181000.0,-9380000.0,1379926000.0,4.05,4.04,333049000.0,333735000.0,184116000.0,,324566000.0,,33110000.0,,222251000.0,1024371000.0,,9498568000.0,5527134000.0,3837360000.0,825459000.0,21995644000.0,157024000.0,181498000.0,314648000.0,824542000.0,,32317000.0,,1859304000.0,14755341000.0,-2291977000.0,-3754000.0,7240303000.0,21995644000.0,766621000.0,44711000.0,-16199000.0,703000.0,,,89141000.0,,,214607000.0,1290876000.0,,,,,1083319000.0,658240000.0,,1561000.0,-1688645000.0,,,-699989000.0,,
2015-12-31,3663851000.0,,,,310921000.0,2717671000.0,946180000.0,,473829000.0,-51457000.0,1520992000.0,4.44,4.42,333002000.0,334062000.0,178810000.0,,313296000.0,,47418000.0,,225214000.0,981245000.0,,9580057000.0,5513551000.0,,875069000.0,22036245000.0,159629000.0,199923000.0,322623000.0,855369000.0,,,,1948636000.0,14947024000.0,-2458397000.0,-4398000.0,7089221000.0,22036245000.0,1036178000.0,60773000.0,-60618000.0,-12668000.0,,,112248000.0,,,325880000.0,1794025000.0,,,,,1102179000.0,908892000.0,,3138000.0,-1959734000.0,,,-935476000.0,,28771000.0
2016-03-31,934384000.0,,,,97581000.0,722645000.0,211739000.0,,51712000.0,3872000.0,47840000.0,0.11,0.11,334155000.0,334929000.0,175702000.0,,254669000.0,,,,119563000.0,820882000.0,,9559397000.0,5531064000.0,3707129000.0,781881000.0,21718251000.0,141574000.0,172165000.0,332711000.0,811946000.0,,,,1975135000.0,14565257000.0,-2720364000.0,-4977000.0,,21718251000.0,277875000.0,19895000.0,1860000.0,-58991000.0,,,31117000.0,,,16145000.0,437656000.0,,,,,22029000.0,193489000.0,,-7772000.0,-207746000.0,323798000.0,,-345592000.0,,
2016-06-30,1896792000.0,,,,188967000.0,1453869000.0,442923000.0,,141654000.0,7756000.0,133898000.0,0.33,0.33,337560000.0,338609000.0,202338000.0,,229015000.0,,,,116114000.0,817615000.0,,9670358000.0,5744681000.0,3779957000.0,806673000.0,22153074000.0,143082000.0,171588000.0,364010000.0,875964000.0,,,,2002944000.0,15204767000.0,-2946081000.0,-4006000.0,,22153074000.0,553901000.0,40135000.0,3947000.0,-84776000.0,,,54215000.0,,,60896000.0,918181000.0,,,,,493932000.0,392997000.0,,-1854000.0,-876934000.0,,,-131189000.0,,
2016-09-30,2888809000.0,,,,278909000.0,2201633000.0,687176000.0,,245060000.0,12797000.0,232263000.0,0.59,0.59,337564000.0,338409000.0,156219000.0,,276259000.0,,,,133163000.0,839675000.0,,9714149000.0,5750033000.0,3737448000.0,808641000.0,22171723000.0,148916000.0,204533000.0,358683000.0,897738000.0,,,,2028672000.0,15418006000.0,-3159059000.0,-5541000.0,,22171723000.0,834725000.0,60402000.0,6626000.0,-38231000.0,,,83859000.0,,,118144000.0,1304715000.0,,,,,545162000.0,614178000.0,,-11616000.0,-1139583000.0,,,-300552000.0,,
2016-12-31,3921225000.0,,,,371031000.0,2972009000.0,949216000.0,,373854000.0,16881000.0,356973000.0,0.95,0.95,340349000.0,340879000.0,567599000.0,,373532000.0,,36022000.0,,130362000.0,1324761000.0,,9805315000.0,5757676000.0,,819610000.0,22675092000.0,188516000.0,221066000.0,353005000.0,961355000.0,,,,2087229000.0,15117977000.0,-3378838000.0,-5888000.0,,22675092000.0,1108551000.0,79338000.0,8603000.0,58664000.0,,,55315000.0,,,195998000.0,1782264000.0,,,,,556854000.0,873883000.0,,-12364000.0,-1410232000.0,,,-96292000.0,,13821000.0
2017-03-31,1015942000.0,,,,100724000.0,759393000.0,256549000.0,,123507000.0,4369000.0,,0.33,0.33,360832000.0,361727000.0,205192000.0,,302697000.0,,,,140095000.0,916449000.0,,10293693000.0,6530001000.0,3894362000.0,832104000.0,23776842000.0,154753000.0,183584000.0,366758000.0,902195000.0,,,,2131076000.0,16413362000.0,-3602985000.0,-5713000.0,,23776842000.0,288549000.0,22226000.0,149000.0,-92102000.0,,,17542000.0,,,-18446000.0,446092000.0,,,,,1497253000.0,262415000.0,,3145000.0,-1763141000.0,21937000.0,,954216000.0,,
2017-06-30,2054277000.0,,,,198460000.0,1539228000.0,515049000.0,,240159000.0,8907000.0,,0.64,0.64,364493000.0,365832000.0,199663000.0,,305982000.0,,,,151801000.0,951335000.0,,10507736000.0,6919358000.0,3953812000.0,851943000.0,24483624000.0,178927000.0,209224000.0,387065000.0,997912000.0,,,,2169070000.0,16893315000.0,-3841187000.0,-5183000.0,,24483624000.0,584164000.0,45232000.0,261000.0,-91252000.0,,,45282000.0,,,23146000.0,934109000.0,,,,,2103503000.0,563361000.0,,7032000.0,-2674224000.0,464023000.0,,1371477000.0,,
2017-09-30,3117515000.0,,,,299232000.0,2341899000.0,775616000.0,,357736000.0,11290000.0,,0.85,0.84,395359000.0,397035000.0,6719134000.0,,317856000.0,,,,154600000.0,7474555000.0,,10599604000.0,6905922000.0,3885311000.0,860817000.0,31011756000.0,179335000.0,268424000.0,387447000.0,1048871000.0,,,,2200336000.0,18339424000.0,-4145527000.0,-4959000.0,,31011756000.0,880197000.0,67264000.0,330000.0,-78520000.0,,,35741000.0,,,88101000.0,1417291000.0,,,,,2112887000.0,851512000.0,,6147000.0,-2970874000.0,4220766000.0,,7704255000.0,,
2017-12-31,4355605000.0,,,,426698000.0,3311560000.0,1044045000.0,,470593000.0,26043000.0,444550000.0,1.01,1.01,381740000.0,383221000.0,314094000.0,,397585000.0,,21210000.0,,138670000.0,1133780000.0,,12932885000.0,10021468000.0,,879340000.0,32229570000.0,248817000.0,339108000.0,457116000.0,1292082000.0,,,,2554037000.0,19890488000.0,-4504616000.0,-3989000.0,,32229570000.0,1242408000.0,91647000.0,14888000.0,-60859000.0,,,15287000.0,,,175522000.0,2044186000.0,,,,,9260135000.0,1228071000.0,,5487000.0,-10494021000.0,,,8195152000.0,,16427000.0
2018-03-31,1299000000.0,,,,134000000.0,950000000.0,349000000.0,,118000000.0,4000000.0,,0.21,0.21,409000000.0,410000000.0,220000000.0,,402000000.0,,,,157000000.0,1074000000.0,,13051000000.0,10075000000.0,5854000000.0,892000000.0,32250000000.0,248000000.0,240000000.0,465000000.0,1187000000.0,,,,2615000000.0,19418000000.0,-4858000000.0,-4000000.0,,32250000000.0,374000000.0,23000000.0,1000000.0,5000000.0,,,43000000.0,,,-57000000.0,452000000.0,,,,,14000000.0,370000000.0,,0.0,-384000000.0,843000000.0,,-163000000.0,,
2018-06-30,2630000000.0,,,,273000000.0,1936000000.0,694000000.0,,303000000.0,9000000.0,,0.58,0.57,415000000.0,416000000.0,206000000.0,,455000000.0,,,,181000000.0,1164000000.0,,13218000000.0,10075000000.0,5729000000.0,885000000.0,32374000000.0,272000000.0,272000000.0,476000000.0,1286000000.0,,,,2678000000.0,19808000000.0,-5144000000.0,-5000000.0,,32374000000.0,753000000.0,47000000.0,1000000.0,59000000.0,,,91000000.0,,,53000000.0,1111000000.0,,,,,18000000.0,763000000.0,,-3000000.0,-778000000.0,841000000.0,,-436000000.0,,
2018-09-30,497000000.0,304000000.0,,,418000000.0,2953000000.0,1051000000.0,,471000000.0,13000000.0,,0.9,0.9,415000000.0,416000000.0,323000000.0,,471000000.0,,,,148000000.0,1249000000.0,,13433000000.0,10074000000.0,5620000000.0,911000000.0,32644000000.0,302000000.0,306000000.0,484000000.0,1304000000.0,,,,2732000000.0,20349000000.0,-5447000000.0,-5000000.0,,32644000000.0,1138000000.0,79000000.0,2000000.0,74000000.0,,,103000000.0,,,144000000.0,1775000000.0,,,,,26000000.0,1241000000.0,,14000000.0,-1281000000.0,841000000.0,,-480000000.0,,
2018-12-31,707000000.0,437000000.0,,,563000000.0,3991000000.0,1432000000.0,,690000000.0,-19000000.0,,1.35,1.34,413000000.0,415000000.0,277000000.0,,501000000.0,,19000000.0,,148000000.0,1229000000.0,,13676000000.0,10078000000.0,,920000000.0,32785000000.0,313000000.0,351000000.0,498000000.0,1417000000.0,,,,2759000000.0,20751000000.0,-5732000000.0,-5000000.0,,32785000000.0,1528000000.0,103000000.0,2000000.0,105000000.0,,,114000000.0,,,223000000.0,2502000000.0,,,,,42000000.0,1741000000.0,,12000000.0,-1795000000.0,,,-733000000.0,,17000000.0
2019-03-31,207000000.0,125000000.0,,,152000000.0,1042000000.0,384000000.0,,216000000.0,-6000000.0,,0.44,0.44,415000000.0,417000000.0,245000000.0,,545000000.0,,,,160000000.0,1193000000.0,,13883000000.0,10078000000.0,5178000000.0,104000000.0,37778000000.0,311000000.0,262000000.0,502000000.0,1565000000.0,,,,2009000000.0,26032000000.0,-6022000000.0,-5000000.0,,37778000000.0,394000000.0,29000000.0,1000000.0,-43000000.0,,,-19000000.0,,,-24000000.0,512000000.0,,,,,-10000000.0,480000000.0,,-1000000.0,-489000000.0,,,-28000000.0,,
2019-06-30,447000000.0,263000000.0,,,307000000.0,2101000000.0,803000000.0,,466000000.0,-10000000.0,,0.96,0.95,416000000.0,418000000.0,288000000.0,,591000000.0,,,,168000000.0,1294000000.0,,14151000000.0,10078000000.0,5074000000.0,106000000.0,38147000000.0,337000000.0,305000000.0,503000000.0,1698000000.0,,,,2028000000.0,26624000000.0,-6277000000.0,-5000000.0,,38147000000.0,787000000.0,62000000.0,1000000.0,-89000000.0,,,-62000000.0,,,30000000.0,1227000000.0,,,,,-13000000.0,998000000.0,,-1000000.0,-1010000000.0,,,-201000000.0,,9000000.0
2019-09-30,700000000.0,410000000.0,,,457000000.0,3161000000.0,1257000000.0,,744000000.0,-15000000.0,,1.55,1.54,416000000.0,418000000.0,182000000.0,,667000000.0,,,,167000000.0,1253000000.0,,14416000000.0,10078000000.0,4968000000.0,104000000.0,38344000000.0,368000000.0,335000000.0,525000000.0,1734000000.0,,,,2055000000.0,27019000000.0,-6503000000.0,-5000000.0,,38344000000.0,1176000000.0,91000000.0,2000000.0,-166000000.0,,,-62000000.0,,,102000000.0,1891000000.0,,,,,-15000000.0,1538000000.0,,-3000000.0,-1550000000.0,,,-429000000.0,,13000000.0
2019-12-31,670000000.0,524000000.0,,,614000000.0,4204000000.0,1559000000.0,,881000000.0,-21000000.0,,1.8,1.79,416000000.0,418000000.0,196000000.0,,596000000.0,,18000000.0,,168000000.0,1204000000.0,,14666000000.0,10078000000.0,,116000000.0,38457000000.0,334000000.0,361000000.0,657000000.0,1920000000.0,,,,2516000000.0,27968000000.0,-7365000000.0,-5000000.0,,38457000000.0,1572000000.0,117000000.0,2000000.0,-96000000.0,,,-71000000.0,,,254000000.0,2698000000.0,,,,,-17000000.0,-2057000000.0,,-7000000.0,-2081000000.0,,,-692000000.0,,16000000.0
2020-03-31,111000000.0,99000000.0,,,175000000.0,1057000000.0,364000000.0,,190000000.0,-5000000.0,,0.38,0.38,416000000.0,418000000.0,310000000.0,,495000000.0,,,,178000000.0,1247000000.0,,14815000000.0,10078000000.0,4734000000.0,116000000.0,38616000000.0,296000000.0,264000000.0,741000000.0,2669000000.0,,,,2513000000.0,28495000000.0,-7712000000.0,-6000000.0,,38616000000.0,399000000.0,37000000.0,1000000.0,102000000.0,,,-8000000.0,,,2000000.0,653000000.0,,,,,-13000000.0,-447000000.0,,-8000000.0,-468000000.0,,,-50000000.0,,1000000.0
2020-06-30,232000000.0,207000000.0,,,339000000.0,2113000000.0,748000000.0,,397000000.0,-11000000.0,,0.79,0.79,417000000.0,419000000.0,2514000000.0,,439000000.0,,,,192000000.0,3436000000.0,,14963000000.0,10078000000.0,4626000000.0,119000000.0,40901000000.0,280000000.0,333000000.0,763000000.0,1964000000.0,,,,2482000000.0,31075000000.0,-8044000000.0,-6000000.0,,40901000000.0,801000000.0,75000000.0,2000000.0,157000000.0,,,-51000000.0,,,55000000.0,1409000000.0,,,,,-16000000.0,-861000000.0,,-13000000.0,-890000000.0,,,1817000000.0,,9000000.0
2020-09-30,379000000.0,324000000.0,,,493000000.0,3166000000.0,1181000000.0,,564000000.0,-16000000.0,,1.17,1.17,427000000.0,429000000.0,242000000.0,,455000000.0,,,,201000000.0,1184000000.0,,15092000000.0,10078000000.0,4535000000.0,120000000.0,38786000000.0,264000000.0,322000000.0,787000000.0,1925000000.0,,,,2456000000.0,29284000000.0,-8402000000.0,-4000000.0,,38786000000.0,1207000000.0,108000000.0,2000000.0,141000000.0,,,-20000000.0,,,58000000.0,2070000000.0,,,,,86000000.0,1238000000.0,,-12000000.0,-1336000000.0,,,-651000000.0,,13000000.0
2020-12-31,520000000.0,448000000.0,,,678000000.0,4339000000.0,1863000000.0,,1076000000.0,-20000000.0,,2.36,2.35,423000000.0,425000000.0,232000000.0,,431000000.0,,15000000.0,,202000000.0,1104000000.0,,15162000000.0,10078000000.0,,119000000.0,38768000000.0,230000000.0,378000000.0,704000000.0,1969000000.0,,,,2379000000.0,29307000000.0,-8472000000.0,-4000000.0,,38768000000.0,1608000000.0,138000000.0,3000000.0,166000000.0,,,15000000.0,,,-65000000.0,3055000000.0,,,,,107000000.0,1624000000.0,,-10000000.0,-1741000000.0,,,-1271000000.0,,19000000.0
2021-03-31,116000000.0,81000000.0,,,164000000.0,1037000000.0,448000000.0,,128000000.0,-7000000.0,,0.13,0.13,432000000.0,433000000.0,254000000.0,,412000000.0,,,,216000000.0,1176000000.0,,15149000000.0,10078000000.0,4324000000.0,122000000.0,38752000000.0,187000000.0,334000000.0,814000000.0,1933000000.0,,,,2327000000.0,29829000000.0,-8995000000.0,-3000000.0,,38752000000.0,408000000.0,33000000.0,1000000.0,18000000.0,,,-10000000.0,,,-31000000.0,584000000.0,,,,,4000000.0,302000000.0,,-5000000.0,-311000000.0,,,-217000000.0,,0.0
2021-06-30,274000000.0,186000000.0,,,333000000.0,2115000000.0,953000000.0,,468000000.0,-13000000.0,,0.91,0.9,432000000.0,434000000.0,339000000.0,,434000000.0,,,,227000000.0,1329000000.0,,15178000000.0,10078000000.0,4222000000.0,123000000.0,38973000000.0,219000000.0,406000000.0,805000000.0,2018000000.0,,,,2265000000.0,30260000000.0,-9240000000.0,-2000000.0,,38973000000.0,816000000.0,67000000.0,3000000.0,-3000000.0,,,-84000000.0,,,-43000000.0,1371000000.0,,,,,15000000.0,609000000.0,,8000000.0,-616000000.0,,,-612000000.0,,13000000.0
2021-09-30,441000000.0,301000000.0,,,500000000.0,3208000000.0,1478000000.0,,825000000.0,-20000000.0,,1.72,1.71,432000000.0,434000000.0,357000000.0,,493000000.0,,,,182000000.0,1332000000.0,,15174000000.0,10078000000.0,4115000000.0,130000000.0,39004000000.0,231000000.0,376000000.0,822000000.0,1987000000.0,,,,2208000000.0,30488000000.0,-9467000000.0,-3000000.0,,39004000000.0,1229000000.0,100000000.0,4000000.0,-62000000.0,,,-102000000.0,,,-57000000.0,2055000000.0,,,,,27000000.0,892000000.0,,8000000.0,-911000000.0,,,-921000000.0,,17000000.0
2021-12-31,621000000.0,439000000.0,,,680000000.0,4339000000.0,2001000000.0,,1179000000.0,-21000000.0,,2.54,2.53,432000000.0,434000000.0,292000000.0,,543000000.0,,11000000.0,,145000000.0,1254000000.0,,15269000000.0,10078000000.0,,123000000.0,39040000000.0,246000000.0,401000000.0,776000000.0,2026000000.0,,,,2168000000.0,30782000000.0,-9753000000.0,-4000000.0,,39040000000.0,1644000000.0,129000000.0,4000000.0,-113000000.0,,,-113000000.0,,,-118000000.0,2789000000.0,,,,,111000000.0,1229000000.0,,8000000.0,-1332000000.0,,,-1310000000.0,,20000000.0
2022-03-31,166000000.0,113000000.0,,,181000000.0,1124000000.0,618000000.0,,427000000.0,-6000000.0,,0.97,0.97,433000000.0,434000000.0,312000000.0,,503000000.0,,,,162000000.0,1261000000.0,,15226000000.0,10078000000.0,3935000000.0,130000000.0,39051000000.0,224000000.0,288000000.0,721000000.0,1776000000.0,,,,2106000000.0,31015000000.0,-9971000000.0,-3000000.0,,39051000000.0,420000000.0,38000000.0,1000000.0,40000000.0,,,-133000000.0,,,-196000000.0,558000000.0,,,,,3000000.0,281000000.0,,-5000000.0,-289000000.0,,,-253000000.0,,0.0
2022-06-30,333000000.0,225000000.0,,,371000000.0,2265000000.0,1211000000.0,,853000000.0,-11000000.0,,1.95,1.94,433000000.0,434000000.0,281000000.0,,516000000.0,,,,175000000.0,1290000000.0,,15219000000.0,10087000000.0,3822000000.0,136000000.0,39013000000.0,230000000.0,342000000.0,701000000.0,1871000000.0,,,,2052000000.0,31152000000.0,-10188000000.0,-5000000.0,,39013000000.0,847000000.0,83000000.0,1000000.0,28000000.0,,,-291000000.0,,,-222000000.0,1337000000.0,,,,,15000000.0,584000000.0,,-10000000.0,-609000000.0,,,-748000000.0,,9000000.0
2022-09-30,511000000.0,344000000.0,,,558000000.0,3409000000.0,1813000000.0,,1275000000.0,-14000000.0,,2.91,2.91,433000000.0,434000000.0,174000000.0,,535000000.0,,,,194000000.0,1182000000.0,,15265000000.0,10087000000.0,3699000000.0,135000000.0,38861000000.0,229000000.0,387000000.0,686000000.0,2584000000.0,,,,1993000000.0,31182000000.0,-10405000000.0,-7000000.0,,38861000000.0,1276000000.0,120000000.0,2000000.0,8000000.0,,,-370000000.0,,,-256000000.0,2038000000.0,,,,,15000000.0,921000000.0,,-10000000.0,-946000000.0,,,-1209000000.0,,10000000.0
2022-12-31,697000000.0,466000000.0,,,750000000.0,4561000000.0,2425000000.0,,1691000000.0,16000000.0,,3.87,3.86,433000000.0,434000000.0,156000000.0,,593000000.0,,8000000.0,,73000000.0,1217000000.0,,15407000000.0,10100000000.0,,136000000.0,38921000000.0,236000000.0,407000000.0,736000000.0,2731000000.0,,,,1950000000.0,31472000000.0,-10666000000.0,-5000000.0,,38921000000.0,1707000000.0,156000000.0,3000000.0,49000000.0,,,412000000.0,,,-281000000.0,2878000000.0,,,,,35000000.0,1310000000.0,,7000000.0,-1352000000.0,,,-1665000000.0,0.0,10000000.0
2023-03-31,149000000.0,104000000.0,,,195000000.0,1145000000.0,628000000.0,,425000000.0,7000000.0,418000000.0,0.97,0.97,433000000.0,434000000.0,187000000.0,,565000000.0,,,,93000000.0,1325000000.0,,15492000000.0,10085000000.0,3496000000.0,134000000.0,39054000000.0,233000000.0,300000000.0,721000000.0,2535000000.0,,,,1927000000.0,31831000000.0,-10929000000.0,-6000000.0,,39054000000.0,431000000.0,41000000.0,1000000.0,-28000000.0,,,139000000.0,,,-127000000.0,606000000.0,,,,,67000000.0,341000000.0,,-1000000.0,-407000000.0,,,-139000000.0,,-2000000.0
2023-06-30,288000000.0,202000000.0,,,405000000.0,2345000000.0,1295000000.0,,888000000.0,14000000.0,874000000.0,2.02,2.01,434000000.0,434000000.0,276000000.0,,496000000.0,,,,71000000.0,1349000000.0,,15571000000.0,10085000000.0,3388000000.0,136000000.0,39042000000.0,240000000.0,312000000.0,793000000.0,2725000000.0,,,,1922000000.0,31996000000.0,-11155000000.0,-5000000.0,,39042000000.0,876000000.0,91000000.0,1000000.0,-103000000.0,,,223000000.0,,,-70000000.0,1725000000.0,,,,,89000000.0,720000000.0,,-3000000.0,-806000000.0,,,-758000000.0,,10000000.0
2023-09-30,378000000.0,268000000.0,,,581000000.0,3526000000.0,1781000000.0,,1160000000.0,21000000.0,1139000000.0,2.63,2.63,434000000.0,434000000.0,117000000.0,,512000000.0,,,,72000000.0,1126000000.0,,15573000000.0,10085000000.0,3276000000.0,141000000.0,38699000000.0,215000000.0,373000000.0,650000000.0,2549000000.0,,,,1918000000.0,32030000000.0,-11571000000.0,-5000000.0,,38699000000.0,1315000000.0,126000000.0,1000000.0,87000000.0,,,252000000.0,,,-162000000.0,2258000000.0,,,,,93000000.0,1067000000.0,,-5000000.0,-1155000000.0,,,-1141000000.0,,13000000.0
2023-12-31,449000000.0,316000000.0,,,759000000.0,4612000000.0,2369000000.0,,1528000000.0,26000000.0,,3.46,3.46,434000000.0,434000000.0,105000000.0,,481000000.0,,-1000000.0,,56000000.0,1032000000.0,,15666000000.0,10100000000.0,,139000000.0,38527000000.0,252000000.0,342000000.0,605000000.0,2585000000.0,,,,1914000000.0,32146000000.0,-11889000000.0,-4000000.0,,38527000000.0,1754000000.0,157000000.0,8000000.0,-115000000.0,,,243000000.0,,,-265000000.0,3126000000.0,,,,,96000000.0,1424000000.0,,-1000000.0,-1519000000.0,,,-1654000000.0,1000000.0,18000000.0
2024-03-31,53000000.0,34000000.0,,,183000000.0,1103000000.0,538000000.0,,318000000.0,7000000.0,311000000.0,0.72,0.71,434000000.0,435000000.0,125000000.0,,380000000.0,,,,51000000.0,977000000.0,,15677000000.0,10085000000.0,,137000000.0,38231000000.0,216000000.0,279000000.0,514000000.0,2336000000.0,,,,1890000000.0,32183000000.0,-12261000000.0,-5000000.0,,38231000000.0,439000000.0,38000000.0,4000000.0,101000000.0,,,74000000.0,,,-160000000.0,599000000.0,,,,,1000000.0,320000000.0,,-1000000.0,-320000000.0,,,-261000000.0,,0.0
2024-06-30,99000000.0,61000000.0,,,387000000.0,2244000000.0,1023000000.0,,576000000.0,14000000.0,562000000.0,1.29,1.29,435000000.0,435000000.0,155000000.0,,420000000.0,,,,51000000.0,1081000000.0,,15698000000.0,10085000000.0,,137000000.0,38246000000.0,225000000.0,359000000.0,509000000.0,2494000000.0,,,,1892000000.0,32594000000.0,-12694000000.0,-5000000.0,,38246000000.0,869000000.0,78000000.0,5000000.0,62000000.0,,,145000000.0,,,-102000000.0,1367000000.0,,,,,1000000.0,649000000.0,,0.0,-650000000.0,,,-666000000.0,,9000000.0
2024-09-30,158000000.0,91000000.0,,,540000000.0,3352000000.0,1567000000.0,,884000000.0,19000000.0,865000000.0,1.99,1.99,435000000.0,436000000.0,194000000.0,,413000000.0,,,,43000000.0,1124000000.0,,15643000000.0,10085000000.0,,130000000.0,38043000000.0,200000000.0,338000000.0,483000000.0,2097000000.0,,,,1926000000.0,32747000000.0,-13074000000.0,-5000000.0,,38043000000.0,1301000000.0,108000000.0,5000000.0,69000000.0,,,155000000.0,,,-127000000.0,2066000000.0,,,,,8000000.0,946000000.0,,-7000000.0,-947000000.0,,,-1028000000.0,,13000000.0
,,,,,,,,,,,,,,,,,,,,,,,,,,,,,,,,,,,,,,,,,,,,,,,,,,,,,,,,,,,,,,,,,,,
,,,,,,,,,,,,,,,,,,,,,,,,,,,,,,,,,,,,,,,,,,,,,,,,,,,,,,,,,,,,,,,,,,,
