Date,Net sales,Cost of sales,Gross margin,Research and development,"Selling, general and administrative",Total operating expenses,Operating income,"Other income/(expense), net",Income before provision for income taxes,Provision for income taxes,Net income,Earnings per share basic,Earnings per share diluted,Weighted-average basic,Weighted-average diluted,Cash and cash equivalents,Short-term marketable securities,"Accounts receivable, net",Inventories,Deferred tax assets,Vendor non-trade receivables,Other current assets,Total current assets,Long-term marketable securities,"Property, Plant and Equipment, Net",Goodwill,"Acquired intangible assets, net","Other Assets, Noncurrent",Total assets,accounts payable,Accrued expenses,Deferred revenue,Total current liabilities,Deferred revenue - non-current,deferred tax liabilities,long term taxes payable,Total other non-current liabilities,Total liabilities,Retained Earnings (Accumulated Deficit),Accumulated other comprehensive (loss)/income,Total shareholders equity,Total liabilities and shareholders' equity,"Depreciation, amortization and accretion",Stock-based compensation expense,Deferred income tax expense,"Increase (Decrease) in Accounts receivable, net",Increase (Decrease) in Inventories,Increase (Decrease) in Other Receivables,Increase (Decrease) in Other Operating Assets,Increase (Decrease) in Accounts Payable,Increase (Decrease) in Deferred Revenue,Increase (Decrease) Other liabilities,Cash generated by operating activities,Purchases of marketable securities,Proceeds from maturities of marketable securities,Proceeds from sales of marketable securities,Purchases of other long-term investments,"Business acquisitions, net of cash acquired",Cash payments for capital asset purchases,Payments for acquisition of intangible assets,Payments for (Proceeds from) Other Investing Activities,Cash used in investing activities,Proceeds from issuance of common stock,Excess tax benefits from stock-based compensation,Cash generated/used in financing activities,Increase/(decrease) in cash and cash equivalents,"Cash paid for income taxes, net"
2009-11-30,13157000000.0,8104000000.0,,,1590000000.0,11003000000.0,2154000000.0,-348000000.0,1806000000.0,16000000.0,1790000000.0,2.27,2.24,,,538000000.0,,,320000000.0,,,298000000.0,1518000000.0,,29870000000.0,3451000000.0,,650000000.0,36835000000.0,568000000.0,874000000.0,,4967000000.0,,,,736000000.0,,15770000000.0,462000000.0,22035000000.0,36835000000.0,,50000000.0,,-81000000.0,-10000000.0,,,74000000.0,,29000000.0,3342000000.0,,,,,,3380000000.0,,-31000000.0,-3384000000.0,,,-93000000.0,-112000000.0,
2010-02-28,3095000000.0,2099000000.0,,,396000000.0,2840000000.0,255000000.0,-95000000.0,160000000.0,-15000000.0,175000000.0,0.22,0.22,,,753000000.0,,,321000000.0,,,279000000.0,1745000000.0,,29702000000.0,3326000000.0,,643000000.0,36732000000.0,528000000.0,912000000.0,,5667000000.0,,,,713000000.0,,15657000000.0,-273000000.0,21419000000.0,36732000000.0,,15000000.0,,56000000.0,12000000.0,,,-16000000.0,,-24000000.0,396000000.0,,,,,,1169000000.0,,-53000000.0,-1116000000.0,,,976000000.0,215000000.0,
2010-05-31,6290000000.0,4192000000.0,,,800000000.0,5686000000.0,604000000.0,-193000000.0,411000000.0,-16000000.0,427000000.0,0.54,0.54,,,594000000.0,,,297000000.0,,,240000000.0,1586000000.0,,29317000000.0,3214000000.0,,623000000.0,36029000000.0,548000000.0,928000000.0,,6763000000.0,,,,721000000.0,,15830000000.0,-1029000000.0,20864000000.0,36029000000.0,,23000000.0,,122000000.0,-2000000.0,,,31000000.0,,-5000000.0,1794000000.0,,,,,,2168000000.0,,-74000000.0,-2094000000.0,,,425000000.0,56000000.0,
2010-08-31,,6480000000.0,,,1181000000.0,8710000000.0,2006000000.0,-282000000.0,1724000000.0,10000000.0,1730000000.0,2.2,2.16,789000000.0,806000000.0,527000000.0,,,291000000.0,,,239000000.0,1445000000.0,,30162000000.0,3287000000.0,,643000000.0,36847000000.0,541000000.0,991000000.0,,5876000000.0,,,,732000000.0,,17055000000.0,-545000000.0,22595000000.0,36847000000.0,,33000000.0,,58000000.0,-13000000.0,,,11000000.0,,87000000.0,3084000000.0,,,,,,2838000000.0,,-102000000.0,-2736000000.0,,,-327000000.0,-11000000.0,
2010-11-30,,9092000000.0,,,1614000000.0,12122000000.0,2347000000.0,-368000000.0,1979000000.0,1000000.0,1978000000.0,2.51,2.47,788000000.0,805000000.0,429000000.0,,,320000000.0,,,247000000.0,1244000000.0,,30967000000.0,3320000000.0,1320000000.0,639000000.0,37490000000.0,503000000.0,1094000000.0,,5755000000.0,,,,693000000.0,,17224000000.0,-254000000.0,23031000000.0,37490000000.0,,43000000.0,,-106000000.0,12000000.0,,,-36000000.0,,81000000.0,3818000000.0,,,,,,3579000000.0,,-78000000.0,-3501000000.0,,,-404000000.0,-109000000.0,
2011-02-28,,2395000000.0,,,422000000.0,3184000000.0,235000000.0,-78000000.0,157000000.0,5000000.0,152000000.0,0.19,0.19,790000000.0,794000000.0,465000000.0,,,343000000.0,,,249000000.0,1365000000.0,,31225000000.0,3373000000.0,1335000000.0,667000000.0,37965000000.0,516000000.0,1121000000.0,,6009000000.0,,,,706000000.0,,17178000000.0,141000000.0,23435000000.0,37965000000.0,,17000000.0,,71000000.0,19000000.0,,,1000000.0,,-89000000.0,412000000.0,,,,,,172000000.0,,-14000000.0,-158000000.0,,,-230000000.0,36000000.0,
2011-05-31,,4916000000.0,,,862000000.0,6525000000.0,514000000.0,-153000000.0,361000000.0,3000000.0,358000000.0,0.45,0.45,791000000.0,793000000.0,557000000.0,,,365000000.0,,,217000000.0,1499000000.0,,32822000000.0,3424000000.0,1396000000.0,622000000.0,39763000000.0,552000000.0,1137000000.0,,6521000000.0,,,,712000000.0,,17186000000.0,542000000.0,23852000000.0,39763000000.0,,29000000.0,,121000000.0,35000000.0,,,26000000.0,,-52000000.0,1801000000.0,,,,,,1622000000.0,,3000000.0,-1625000000.0,,,-59000000.0,128000000.0,
2011-08-31,,7730000000.0,,,1282000000.0,10149000000.0,1947000000.0,-244000000.0,1703000000.0,8000000.0,1695000000.0,2.14,2.14,791000000.0,793000000.0,430000000.0,,,366000000.0,,,248000000.0,1397000000.0,,33243000000.0,3430000000.0,1396000000.0,560000000.0,40026000000.0,548000000.0,1084000000.0,,6881000000.0,,,,679000000.0,,18319000000.0,585000000.0,24752000000.0,40026000000.0,,39000000.0,,118000000.0,36000000.0,,,17000000.0,,-68000000.0,3016000000.0,,,,,,2435000000.0,,-25000000.0,-2410000000.0,,,-608000000.0,1000000.0,
2011-11-30,,10299000000.0,,,1717000000.0,13538000000.0,2255000000.0,-343000000.0,1912000000.0,,1912000000.0,2.43,2.42,787000000.0,789000000.0,450000000.0,,,374000000.0,,,225000000.0,1312000000.0,,32054000000.0,3322000000.0,1330000000.0,619000000.0,38637000000.0,576000000.0,1123000000.0,,6105000000.0,,,,647000000.0,,18349000000.0,-209000000.0,23832000000.0,38637000000.0,,46000000.0,,43000000.0,54000000.0,,,67000000.0,,-41000000.0,3766000000.0,,,,,,2696000000.0,,-50000000.0,-2646000000.0,,,-1093000000.0,21000000.0,9000000.0
2012-02-29,,2694000000.0,,,421000000.0,3664000000.0,-82000000.0,-59000000.0,-141000000.0,-2000000.0,-139000000.0,-0.18,-0.18,778000000.0,778000000.0,471000000.0,,,381000000.0,,,184000000.0,2173000000.0,,31475000000.0,3188000000.0,1319000000.0,808000000.0,38963000000.0,517000000.0,1020000000.0,,6544000000.0,,,,802000000.0,,18015000000.0,-67000000.0,23653000000.0,38963000000.0,,14000000.0,,22000000.0,4000000.0,,,-62000000.0,,10000000.0,322000000.0,,,,,,267000000.0,,-19000000.0,-248000000.0,,,-50000000.0,21000000.0,
2012-05-31,,5172000000.0,,,852000000.0,6949000000.0,253000000.0,-298000000.0,-127000000.0,-2000000.0,-125000000.0,-0.16,-0.16,779000000.0,779000000.0,900000000.0,,,377000000.0,,,203000000.0,2169000000.0,,32133000000.0,3135000000.0,1302000000.0,723000000.0,39462000000.0,532000000.0,1009000000.0,,7262000000.0,,,,782000000.0,,17835000000.0,-521000000.0,23026000000.0,39462000000.0,,22000000.0,,29000000.0,7000000.0,,,-31000000.0,,-38000000.0,1458000000.0,,,,,,1997000000.0,,-33000000.0,-1456000000.0,,,483000000.0,450000000.0,
2012-08-31,,7769000000.0,,,1261000000.0,10338000000.0,1466000000.0,-257000000.0,1336000000.0,6000000.0,1330000000.0,1.71,1.71,778000000.0,779000000.0,568000000.0,,,364000000.0,,,221000000.0,1941000000.0,,31972000000.0,3146000000.0,1307000000.0,716000000.0,39082000000.0,561000000.0,970000000.0,,5936000000.0,,,,664000000.0,,18969000000.0,-434000000.0,24193000000.0,39082000000.0,,30000000.0,,54000000.0,-7000000.0,,-34000000.0,-4000000.0,,-103000000.0,2476000000.0,,,,,,2164000000.0,,-56000000.0,-1600000000.0,,,-737000000.0,118000000.0,
2012-11-30,,10320000000.0,,,1720000000.0,13740000000.0,1642000000.0,-340000000.0,1302000000.0,4000000.0,1298000000.0,1.67,1.67,778000000.0,779000000.0,465000000.0,,,390000000.0,,,236000000.0,1821000000.0,,32137000000.0,3174000000.0,1314000000.0,715000000.0,39161000000.0,549000000.0,845000000.0,,7340000000.0,,,,724000000.0,,18479000000.0,-207000000.0,23929000000.0,39161000000.0,,39000000.0,,15000000.0,16000000.0,,-148000000.0,-24000000.0,,-192000000.0,2999000000.0,,,,,,2332000000.0,,-52000000.0,-1772000000.0,,,-1190000000.0,15000000.0,-4000000.0
2013-02-28,,2599000000.0,,,460000000.0,3448000000.0,145000000.0,-106000000.0,39000000.0,2000000.0,37000000.0,0.05,0.05,776000000.0,778000000.0,476000000.0,,,383000000.0,,,196000000.0,1792000000.0,,31726000000.0,3143000000.0,1303000000.0,711000000.0,38675000000.0,570000000.0,798000000.0,,6782000000.0,,,,748000000.0,,18322000000.0,-399000000.0,23523000000.0,38675000000.0,,18000000.0,,134000000.0,-5000000.0,,-76000000.0,23000000.0,,-23000000.0,399000000.0,,,,,,241000000.0,,-4000000.0,-167000000.0,,,-203000000.0,11000000.0,
2013-05-31,,5087000000.0,,,908000000.0,6775000000.0,297000000.0,-217000000.0,80000000.0,2000000.0,78000000.0,0.1,0.1,775000000.0,777000000.0,711000000.0,,,381000000.0,,,187000000.0,2324000000.0,,32481000000.0,3134000000.0,1298000000.0,742000000.0,39979000000.0,627000000.0,857000000.0,,8055000000.0,,,,796000000.0,,18170000000.0,-473000000.0,23280000000.0,39979000000.0,,24000000.0,,139000000.0,-5000000.0,,-209000000.0,82000000.0,,-139000000.0,1556000000.0,,,,,,1447000000.0,,-4000000.0,-1373000000.0,,,84000000.0,246000000.0,
2013-08-31,,8003000000.0,,,1347000000.0,10549000000.0,1249000000.0,-234000000.0,1015000000.0,3000000.0,1012000000.0,1.31,1.3,775000000.0,777000000.0,981000000.0,,,388000000.0,,,371000000.0,2634000000.0,,32498000000.0,3160000000.0,1278000000.0,823000000.0,40393000000.0,601000000.0,929000000.0,,7488000000.0,,,,853000000.0,,18911000000.0,-251000000.0,24260000000.0,40393000000.0,,32000000.0,,172000000.0,-1000000.0,,-277000000.0,50000000.0,,-132000000.0,2359000000.0,,,,,,1812000000.0,,65000000.0,-1807000000.0,,,-29000000.0,516000000.0,
2013-11-30,,10624000000.0,,,1879000000.0,14104000000.0,1352000000.0,-280000000.0,1072000000.0,-6000000.0,1078000000.0,1.39,1.39,775000000.0,777000000.0,462000000.0,,,374000000.0,,,315000000.0,1937000000.0,,32905000000.0,3210000000.0,1292000000.0,760000000.0,40104000000.0,639000000.0,932000000.0,,6720000000.0,,,,736000000.0,,18782000000.0,161000000.0,24556000000.0,40104000000.0,,42000000.0,,128000000.0,-19000000.0,,-402000000.0,79000000.0,,-330000000.0,2834000000.0,,,,,,2149000000.0,,-93000000.0,-2056000000.0,,,-780000000.0,-3000000.0,4000000.0
2014-02-28,,2588000000.0,,,521000000.0,3513000000.0,72000000.0,-86000000.0,-14000000.0,1000000.0,-15000000.0,,,776000000.0,776000000.0,421000000.0,,,381000000.0,,,316000000.0,1645000000.0,,32991000000.0,3226000000.0,1296000000.0,747000000.0,39905000000.0,554000000.0,1084000000.0,,6688000000.0,,,,755000000.0,,18573000000.0,273000000.0,24470000000.0,39905000000.0,,13000000.0,,-146000000.0,5000000.0,,-103000000.0,-88000000.0,,-125000000.0,477000000.0,,,,,,353000000.0,,-4000000.0,-349000000.0,,,-162000000.0,-41000000.0,
2014-05-31,,5152000000.0,,,1025000000.0,6991000000.0,227000000.0,-134000000.0,107000000.0,2000000.0,106000000.0,,,776000000.0,778000000.0,343000000.0,,,383000000.0,,,312000000.0,1625000000.0,,33515000000.0,3226000000.0,1298000000.0,862000000.0,40526000000.0,627000000.0,1136000000.0,,7401000000.0,,,,880000000.0,,18485000000.0,243000000.0,24365000000.0,40526000000.0,,26000000.0,,-105000000.0,8000000.0,,-160000000.0,-13000000.0,,-178000000.0,1673000000.0,,,,,,1329000000.0,,-19000000.0,-1268000000.0,,,-519000000.0,-119000000.0,
2014-08-31,,7906000000.0,,,1507000000.0,10640000000.0,1525000000.0,-185000000.0,1340000000.0,2000000.0,1338000000.0,1.72,1.72,776000000.0,778000000.0,436000000.0,,,358000000.0,,,330000000.0,1602000000.0,,33073000000.0,3199000000.0,1292000000.0,831000000.0,39997000000.0,610000000.0,1191000000.0,,7056000000.0,,,,817000000.0,,19538000000.0,-28000000.0,25157000000.0,39997000000.0,,37000000.0,,-34000000.0,-15000000.0,,-402000000.0,-22000000.0,,-379000000.0,2793000000.0,,,,,,1677000000.0,,-18000000.0,-1617000000.0,,,-1188000000.0,-26000000.0,
2014-11-30,,10403000000.0,,,2054000000.0,14092000000.0,1792000000.0,-547000000.0,1245000000.0,9000000.0,1236000000.0,1.59,1.59,776000000.0,778000000.0,331000000.0,,,364000000.0,,,322000000.0,1503000000.0,,32773000000.0,3127000000.0,1270000000.0,859000000.0,39532000000.0,626000000.0,1276000000.0,,6921000000.0,,,,960000000.0,,19242000000.0,-616000000.0,24288000000.0,39532000000.0,,52000000.0,,-75000000.0,-1000000.0,,-401000000.0,9000000.0,,-379000000.0,3430000000.0,,,,,,2583000000.0,,-34000000.0,-2507000000.0,,,-1028000000.0,-131000000.0,-5000000.0
2015-02-28,,2335000000.0,,,529000000.0,3265000000.0,266000000.0,-214000000.0,52000000.0,3000000.0,49000000.0,0.06,0.06,777000000.0,779000000.0,280000000.0,,,332000000.0,,,322000000.0,1426000000.0,,32294000000.0,3055000000.0,1252000000.0,687000000.0,38714000000.0,594000000.0,1198000000.0,,7412000000.0,,,,1008000000.0,,19013000000.0,-1339000000.0,23350000000.0,38714000000.0,,11000000.0,,21000000.0,-7000000.0,,-20000000.0,6000000.0,,-35000000.0,771000000.0,,,,,,942000000.0,,-10000000.0,-974000000.0,,,151000000.0,-51000000.0,
2015-05-31,,4739000000.0,,,1020000000.0,6566000000.0,554000000.0,-276000000.0,278000000.0,7000000.0,271000000.0,0.35,0.35,778000000.0,780000000.0,298000000.0,,,327000000.0,,,298000000.0,1479000000.0,,32179000000.0,3041000000.0,1247000000.0,665000000.0,38611000000.0,637000000.0,1223000000.0,,7683000000.0,,,,1028000000.0,,19041000000.0,-1479000000.0,23252000000.0,38611000000.0,,25000000.0,,85000000.0,-11000000.0,,-61000000.0,39000000.0,,-5000000.0,2286000000.0,,,,,,1381000000.0,,-24000000.0,-1427000000.0,,,-861000000.0,-33000000.0,
2015-08-31,,7229000000.0,,,1504000000.0,9939000000.0,2064000000.0,-536000000.0,1528000000.0,41000000.0,1487000000.0,1.91,1.91,778000000.0,781000000.0,539000000.0,,,305000000.0,,,321000000.0,1617000000.0,,32232000000.0,3052000000.0,1247000000.0,649000000.0,38797000000.0,578000000.0,1349000000.0,,6749000000.0,,,,1091000000.0,,20023000000.0,-1378000000.0,24353000000.0,38797000000.0,,38000000.0,,23000000.0,-35000000.0,,-94000000.0,-23000000.0,,-19000000.0,3567000000.0,,,,,,1704000000.0,,-13000000.0,-1805000000.0,,,-1509000000.0,208000000.0,
2015-11-30,,9447000000.0,,,2067000000.0,13140000000.0,2574000000.0,-775000000.0,1799000000.0,42000000.0,1757000000.0,2.26,2.26,777000000.0,779000000.0,1395000000.0,,,330000000.0,,,314000000.0,2451000000.0,,31888000000.0,3010000000.0,1238000000.0,650000000.0,39237000000.0,627000000.0,1683000000.0,,6956000000.0,,,,1097000000.0,,20060000000.0,-1741000000.0,23771000000.0,39237000000.0,,55000000.0,,-4000000.0,-5000000.0,,-131000000.0,36000000.0,,-31000000.0,4545000000.0,,,,,,2294000000.0,,-10000000.0,-2478000000.0,,,-942000000.0,1064000000.0,-40000000.0
2016-02-29,,2243000000.0,,,551000000.0,3217000000.0,434000000.0,-291000000.0,143000000.0,1000000.0,142000000.0,0.18,0.18,766000000.0,769000000.0,778000000.0,,,333000000.0,,,326000000.0,1860000000.0,,31677000000.0,2980000000.0,1294000000.0,635000000.0,38446000000.0,619000000.0,1632000000.0,,6664000000.0,,,,1167000000.0,,19976000000.0,-1943000000.0,22625000000.0,38446000000.0,,16000000.0,,18000000.0,4000000.0,,12000000.0,-7000000.0,,-75000000.0,798000000.0,,,,,,330000000.0,,-16000000.0,-459000000.0,,,-947000000.0,-617000000.0,
2016-05-31,,4501000000.0,,,1083000000.0,6445000000.0,912000000.0,-162000000.0,750000000.0,3000000.0,747000000.0,0.99,0.98,758000000.0,761000000.0,519000000.0,,,315000000.0,,,324000000.0,1600000000.0,,33244000000.0,3019000000.0,1305000000.0,683000000.0,39851000000.0,667000000.0,1653000000.0,,7841000000.0,,,,1036000000.0,,20320000000.0,-1648000000.0,22791000000.0,39851000000.0,,28000000.0,,40000000.0,-16000000.0,,-4000000.0,36000000.0,,-84000000.0,2681000000.0,,,,,,1966000000.0,,31000000.0,-2173000000.0,,,-1381000000.0,-876000000.0,
2016-08-31,12454000000.0,7064000000.0,,,1613000000.0,9980000000.0,2474000000.0,-259000000.0,2215000000.0,44000000.0,2171000000.0,2.89,2.88,751000000.0,754000000.0,462000000.0,,,314000000.0,,,355000000.0,1554000000.0,,32864000000.0,2964000000.0,1290000000.0,660000000.0,39332000000.0,704000000.0,1738000000.0,,7100000000.0,,,,1012000000.0,,21488000000.0,-2012000000.0,22900000000.0,39332000000.0,,40000000.0,,35000000.0,-15000000.0,,10000000.0,88000000.0,,-5000000.0,4110000000.0,,,,,,2416000000.0,,16000000.0,-2622000000.0,,,-2426000000.0,-933000000.0,
2016-11-30,16389000000.0,9383000000.0,,,2197000000.0,13318000000.0,3071000000.0,-243000000.0,2828000000.0,49000000.0,2779000000.0,3.73,3.72,745000000.0,747000000.0,603000000.0,,,322000000.0,,,466000000.0,1689000000.0,,32429000000.0,2910000000.0,1275000000.0,633000000.0,38936000000.0,713000000.0,1740000000.0,,7072000000.0,,,,910000000.0,,21843000000.0,-2454000000.0,22597000000.0,38936000000.0,,55000000.0,,22000000.0,-1000000.0,,-11000000.0,109000000.0,,-21000000.0,5134000000.0,,,,,,3062000000.0,,-4000000.0,-3323000000.0,,,-2591000000.0,-792000000.0,-48000000.0
2017-02-28,3791000000.0,2435000000.0,,,549000000.0,3423000000.0,368000000.0,-14000000.0,354000000.0,2000000.0,352000000.0,0.48,0.48,725000000.0,728000000.0,437000000.0,,,361000000.0,,,492000000.0,1597000000.0,,32328000000.0,2911000000.0,1279000000.0,588000000.0,38703000000.0,669000000.0,1766000000.0,,7465000000.0,,,,782000000.0,,21939000000.0,-2440000000.0,22660000000.0,38703000000.0,,20000000.0,,2000000.0,35000000.0,,10000000.0,-47000000.0,,3000000.0,932000000.0,,,,,,412000000.0,,10000000.0,-474000000.0,,,-615000000.0,-166000000.0,
2017-05-31,7736000000.0,4870000000.0,,,1102000000.0,6868000000.0,868000000.0,-131000000.0,737000000.0,7000000.0,730000000.0,1.01,1.0,724000000.0,727000000.0,597000000.0,,,351000000.0,,,507000000.0,1774000000.0,,33823000000.0,2953000000.0,1286000000.0,615000000.0,40451000000.0,690000000.0,1807000000.0,,9058000000.0,,,,794000000.0,,22026000000.0,-2154000000.0,22964000000.0,40451000000.0,,34000000.0,,8000000.0,19000000.0,,28000000.0,-38000000.0,,-20000000.0,2849000000.0,,,,,,1859000000.0,,-24000000.0,-1934000000.0,,,-935000000.0,-6000000.0,
2017-08-31,13251000000.0,7884000000.0,,,1649000000.0,10990000000.0,2261000000.0,-155000000.0,2106000000.0,46000000.0,2060000000.0,2.85,2.84,724000000.0,727000000.0,489000000.0,,,357000000.0,,,491000000.0,1661000000.0,,34172000000.0,2957000000.0,1247000000.0,606000000.0,40643000000.0,639000000.0,1845000000.0,,7969000000.0,,,,779000000.0,,23066000000.0,-1845000000.0,24172000000.0,40643000000.0,,48000000.0,,1000000.0,18000000.0,,1000000.0,-101000000.0,,25000000.0,4298000000.0,,,,,,2296000000.0,,-34000000.0,-2419000000.0,,,-2004000000.0,-114000000.0,
2017-11-30,17510000000.0,10501000000.0,,,2265000000.0,14701000000.0,2809000000.0,-143000000.0,2666000000.0,60000000.0,2606000000.0,3.61,3.59,722000000.0,725000000.0,395000000.0,,,387000000.0,,,502000000.0,1596000000.0,,34430000000.0,2967000000.0,1200000000.0,585000000.0,40778000000.0,762000000.0,1877000000.0,,8800000000.0,,,,769000000.0,,23292000000.0,-1782000000.0,24216000000.0,40778000000.0,,63000000.0,,-6000000.0,49000000.0,,13000000.0,21000000.0,,73000000.0,5322000000.0,,,,,,2944000000.0,,-58000000.0,-3089000000.0,,,-2452000000.0,-208000000.0,43000000.0
2018-02-28,4232000000.0,2709000000.0,,,616000000.0,3813000000.0,419000000.0,-28000000.0,390000000.0,0.0,391000000.0,0.54,0.54,717000000.0,719000000.0,453000000.0,,,394000000.0,,,475000000.0,1667000000.0,,35027000000.0,3014000000.0,1198000000.0,535000000.0,41441000000.0,795000000.0,1653000000.0,,8851000000.0,,,,764000000.0,,23360000000.0,-1486000000.0,24382000000.0,41441000000.0,,18000000.0,,30000000.0,-1000000.0,,-98000000.0,19000000.0,,-198000000.0,1064000000.0,,,,,,574000000.0,,-4000000.0,-591000000.0,,,-428000000.0,58000000.0,
2018-05-31,8589000000.0,5390000000.0,,,1221000000.0,7611000000.0,978000000.0,-24000000.0,955000000.0,3000000.0,951000000.0,1.33,1.33,715000000.0,717000000.0,1053000000.0,,,402000000.0,,,481000000.0,2278000000.0,,35227000000.0,2950000000.0,1183000000.0,546000000.0,42184000000.0,745000000.0,1571000000.0,,9308000000.0,,,,771000000.0,,23564000000.0,-1855000000.0,23933000000.0,42184000000.0,,32000000.0,,35000000.0,16000000.0,,-59000000.0,-14000000.0,,-249000000.0,3087000000.0,,,,,,2201000000.0,,-41000000.0,-2092000000.0,,,-339000000.0,658000000.0,
2018-08-31,14425000000.0,8348000000.0,,,1794000000.0,11653000000.0,2772000000.0,-74000000.0,2699000000.0,40000000.0,2659000000.0,3.73,3.72,712000000.0,714000000.0,526000000.0,,,405000000.0,,,458000000.0,1755000000.0,,35178000000.0,2949000000.0,1182000000.0,689000000.0,41753000000.0,666000000.0,1616000000.0,,8020000000.0,,,,783000000.0,,24921000000.0,-1840000000.0,24654000000.0,41753000000.0,,49000000.0,,61000000.0,19000000.0,,-76000000.0,-94000000.0,,-166000000.0,4436000000.0,,,,,,2784000000.0,,67000000.0,-2606000000.0,,,-1707000000.0,131000000.0,
2018-11-30,18881000000.0,11089000000.0,,,2450000000.0,15556000000.0,3325000000.0,-118000000.0,3207000000.0,54000000.0,3152000000.0,4.45,4.44,709000000.0,710000000.0,982000000.0,,,450000000.0,,,436000000.0,2225000000.0,,35336000000.0,2925000000.0,1176000000.0,738000000.0,42401000000.0,730000000.0,1654000000.0,,9204000000.0,,,,856000000.0,,25066000000.0,-1949000000.0,24443000000.0,42401000000.0,,65000000.0,,58000000.0,67000000.0,,-74000000.0,-24000000.0,,-100000000.0,5549000000.0,,,,,,3749000000.0,,102000000.0,-3502000000.0,,,-1460000000.0,587000000.0,58000000.0
2019-02-28,4673000000.0,3142000000.0,,,629000000.0,4287000000.0,386000000.0,-49000000.0,338000000.0,2000000.0,336000000.0,0.48,0.48,693000000.0,695000000.0,649000000.0,,,444000000.0,,,603000000.0,2101000000.0,,37005000000.0,2943000000.0,1181000000.0,700000000.0,43930000000.0,798000000.0,1637000000.0,4755000000.0,9642000000.0,,,,912000000.0,,25033000000.0,-1869000000.0,24241000000.0,43930000000.0,,20000000.0,,50000000.0,-7000000.0,,154000000.0,65000000.0,358000000.0,5000000.0,1116000000.0,,,,,,2129000000.0,,-76000000.0,-2059000000.0,,,612000000.0,-331000000.0,
2019-05-31,9511000000.0,6301000000.0,,,1250000000.0,8609000000.0,902000000.0,-105000000.0,797000000.0,10000000.0,787000000.0,1.14,1.13,692000000.0,694000000.0,1202000000.0,,,501000000.0,,,727000000.0,2835000000.0,,36814000000.0,2907000000.0,1172000000.0,785000000.0,44512000000.0,792000000.0,1675000000.0,5815000000.0,10377000000.0,,,,948000000.0,,25138000000.0,-2076000000.0,24108000000.0,44512000000.0,,27000000.0,,50000000.0,-5000000.0,,302000000.0,68000000.0,1516000000.0,48000000.0,3169000000.0,,,,,,3021000000.0,,-103000000.0,-2918000000.0,,,-26000000.0,220000000.0,
2019-08-31,16043000000.0,9833000000.0,,,1813000000.0,13252000000.0,2791000000.0,-168000000.0,2624000000.0,56000000.0,2567000000.0,3.72,3.71,691000000.0,693000000.0,1153000000.0,,,482000000.0,,,635000000.0,2712000000.0,,36466000000.0,2886000000.0,1166000000.0,771000000.0,44001000000.0,695000000.0,1718000000.0,4674000000.0,8932000000.0,,,,882000000.0,,26576000000.0,-2183000000.0,25295000000.0,44001000000.0,,38000000.0,,101000000.0,-22000000.0,,220000000.0,-25000000.0,409000000.0,63000000.0,4414000000.0,,,,,,3448000000.0,,-122000000.0,-3317000000.0,,,-912000000.0,174000000.0,
2019-11-30,20825000000.0,12909000000.0,,,2480000000.0,17549000000.0,3276000000.0,-215000000.0,3060000000.0,71000000.0,2990000000.0,4.34,4.32,690000000.0,692000000.0,518000000.0,,,427000000.0,,,671000000.0,2059000000.0,,38131000000.0,2912000000.0,1174000000.0,783000000.0,45058000000.0,756000000.0,1809000000.0,4735000000.0,9127000000.0,,,,890000000.0,,26653000000.0,-2066000000.0,25365000000.0,45058000000.0,,46000000.0,,114000000.0,-79000000.0,,254000000.0,34000000.0,387000000.0,80000000.0,5475000000.0,,,,,,5429000000.0,,-132000000.0,-5277000000.0,,,-655000000.0,-465000000.0,46000000.0
2020-02-29,4789000000.0,3523000000.0,,,678000000.0,5502000000.0,-713000000.0,-57000000.0,-770000000.0,11000000.0,-781000000.0,-1.14,-1.14,684000000.0,684000000.0,1354000000.0,,,440000000.0,,,687000000.0,2885000000.0,,38023000000.0,2176000000.0,1173000000.0,1216000000.0,46943000000.0,904000000.0,1754000000.0,4690000000.0,10716000000.0,,,,887000000.0,,25527000000.0,-2028000000.0,24290000000.0,46943000000.0,,20000000.0,,-21000000.0,15000000.0,,120000000.0,148000000.0,-36000000.0,120000000.0,916000000.0,,,,,,1326000000.0,,61000000.0,-1161000000.0,,,1089000000.0,838000000.0,
2020-05-31,5529000000.0,6007000000.0,,,1170000000.0,10420000000.0,-4891000000.0,-265000000.0,-5155000000.0,-11000000.0,-5155000000.0,-7.34,-7.34,721000000.0,721000000.0,6881000000.0,,,362000000.0,,,374000000.0,8222000000.0,,37139000000.0,790000000.0,1168000000.0,1086000000.0,49817000000.0,1809000000.0,1343000000.0,2618000000.0,11858000000.0,,,,956000000.0,,21155000000.0,-1962000000.0,20840000000.0,49817000000.0,,38000000.0,,202000000.0,-58000000.0,,-171000000.0,1052000000.0,-1987000000.0,3000000.0,-1804000000.0,,,,,,1668000000.0,,,-1256000000.0,558000000.0,,9425000000.0,6366000000.0,
2020-08-31,5561000000.0,7556000000.0,,,1435000000.0,12784000000.0,-7223000000.0,-793000000.0,-8016000000.0,-2000000.0,-8014000000.0,-11.03,-11.03,775000000.0,775000000.0,8176000000.0,,,349000000.0,,,367000000.0,9268000000.0,,36926000000.0,807000000.0,1186000000.0,1252000000.0,50818000000.0,691000000.0,1199000000.0,2150000000.0,10184000000.0,,,,934000000.0,,18297000000.0,-1439000000.0,19503000000.0,50818000000.0,,52000000.0,,-25000000.0,-71000000.0,,-9000000.0,-97000000.0,-2539000000.0,-169000000.0,-4649000000.0,,,,,,1899000000.0,,,-1452000000.0,778000000.0,,13699000000.0,7661000000.0,
2020-11-30,5595000000.0,,,,1878000000.0,14460000000.0,-8865000000.0,-1388000000.0,-10253000000.0,-17000000.0,-10236000000.0,-13.2,-13.2,775000000.0,775000000.0,9513000000.0,,,335000000.0,,,443000000.0,10563000000.0,,38073000000.0,807000000.0,1186000000.0,1594000000.0,53593000000.0,624000000.0,1144000000.0,1940000000.0,8686000000.0,,,,949000000.0,,16075000000.0,-1436000000.0,20555000000.0,53593000000.0,,105000000.0,,-125000000.0,-77000000.0,,209000000.0,-165000000.0,-2703000000.0,-311000000.0,-6301000000.0,,,,,,3620000000.0,,-127000000.0,-3240000000.0,3249000000.0,,18650000000.0,9161000000.0,
2021-02-28,26000000.0,535000000.0,,,462000000.0,1549000000.0,-1524000000.0,-455000000.0,-1979000000.0,-6000000.0,-1973000000.0,-1.8,-1.8,1095000000.0,1095000000.0,9674000000.0,,,312000000.0,,,382000000.0,12459000000.0,,39583000000.0,814000000.0,1195000000.0,1821000000.0,57226000000.0,505000000.0,1336000000.0,1826000000.0,8619000000.0,,,,1017000000.0,,14102000000.0,-1233000000.0,19813000000.0,57226000000.0,,40000000.0,,-6000000.0,1000000.0,,263000000.0,-128000000.0,-49000000.0,167000000.0,-1503000000.0,,,,,,1774000000.0,,,-3589000000.0,997000000.0,,5216000000.0,138000000.0,
2021-05-31,75000000.0,1216000000.0,,,879000000.0,3214000000.0,-3139000000.0,-900000000.0,-4039000000.0,12000000.0,-4045000000.0,-3.63,-3.63,1132000000.0,1132000000.0,7067000000.0,,,308000000.0,,,400000000.0,10198000000.0,,39499000000.0,818000000.0,1198000000.0,1936000000.0,55064000000.0,499000000.0,1314000000.0,2000000000.0,8754000000.0,,,,1149000000.0,,12030000000.0,-1126000000.0,17876000000.0,55064000000.0,,66000000.0,,-31000000.0,0.0,,696000000.0,-119000000.0,245000000.0,236000000.0,-2862000000.0,,,,,,2157000000.0,,,-4155000000.0,996000000.0,,4523000000.0,-2474000000.0,
2021-08-31,621000000.0,2832000000.0,,,1305000000.0,5817000000.0,-5196000000.0,-1702000000.0,-6898000000.0,-23000000.0,-6881000000.0,-6.14,-6.14,1133000000.0,1133000000.0,7151000000.0,,,322000000.0,,,508000000.0,8909000000.0,,38917000000.0,810000000.0,1190000000.0,2323000000.0,53514000000.0,672000000.0,1568000000.0,2707000000.0,9491000000.0,,,,1061000000.0,,9194000000.0,-1349000000.0,14863000000.0,53514000000.0,,95000000.0,,37000000.0,19000000.0,,1221000000.0,15000000.0,897000000.0,458000000.0,-3741000000.0,,,,,,3120000000.0,,,-3535000000.0,1003000000.0,,4899000000.0,-2363000000.0,
2021-11-30,1908000000.0,,,,1885000000.0,8997000000.0,-7089000000.0,-2433000000.0,-9522000000.0,-21000000.0,-9501000000.0,-8.46,-8.46,1123000000.0,1123000000.0,8939000000.0,,,356000000.0,,,392000000.0,10133000000.0,,38107000000.0,579000000.0,1181000000.0,2011000000.0,53344000000.0,797000000.0,1641000000.0,3112000000.0,10408000000.0,,,,1043000000.0,,6448000000.0,-1501000000.0,12144000000.0,53344000000.0,,121000000.0,,7000000.0,63000000.0,,1070000000.0,206000000.0,1291000000.0,601000000.0,-4109000000.0,,,,,,3607000000.0,,-3000000.0,-3543000000.0,1009000000.0,,6949000000.0,-715000000.0,0.0
2022-02-28,1623000000.0,2030000000.0,,,530000000.0,3114000000.0,-1491000000.0,-397000000.0,-1888000000.0,3000000.0,-1891000000.0,-1.66,-1.66,1137000000.0,1137000000.0,6414000000.0,,,392000000.0,,,470000000.0,8057000000.0,,40183000000.0,579000000.0,1181000000.0,2002000000.0,53281000000.0,772000000.0,1627000000.0,3367000000.0,10920000000.0,,,,973000000.0,,4493000000.0,-1486000000.0,10311000000.0,53281000000.0,,26000000.0,,22000000.0,37000000.0,,44000000.0,-24000000.0,187000000.0,-65000000.0,-1212000000.0,,,,,,2730000000.0,,,-3032000000.0,15000000.0,,1728000000.0,-2524000000.0,
2022-05-31,4024000000.0,4713000000.0,,,1149000000.0,6988000000.0,-2964000000.0,-755000000.0,-3719000000.0,6000000.0,-3726000000.0,-3.27,-3.27,1140000000.0,1140000000.0,7054000000.0,,,425000000.0,,,566000000.0,8554000000.0,,39262000000.0,579000000.0,1167000000.0,2221000000.0,52988000000.0,912000000.0,1690000000.0,4767000000.0,13380000000.0,,,,965000000.0,,2649000000.0,-1742000000.0,8260000000.0,52988000000.0,,54000000.0,,120000000.0,79000000.0,,395000000.0,139000000.0,1611000000.0,12000000.0,-1209000000.0,,,,,,3221000000.0,,,-3107000000.0,30000000.0,,2463000000.0,-1888000000.0,
2022-08-31,8329000000.0,8092000000.0,,,1774000000.0,11573000000.0,-3244000000.0,-1235000000.0,-4478000000.0,17000000.0,-4495000000.0,-3.89,-3.89,1185000.0,1185000.0,7071000000.0,,,420000000.0,,,581000000.0,8432000000.0,,38137000000.0,579000000.0,1151000000.0,2455000000.0,51917000000.0,920000000.0,1873000000.0,4470000000.0,12954000000.0,,,,989000000.0,,1868000000.0,-2024000000.0,8379000000.0,51917000000.0,,79000000.0,,134000000.0,87000000.0,,716000000.0,176000000.0,1383000000.0,262000000.0,-1553000000.0,,,,,,3759000000.0,,,-3467000000.0,1180000000.0,,3217000000.0,-1870000000.0,
2022-11-30,12168000000.0,,,,2515000000.0,16547000000.0,-4379000000.0,-1701000000.0,-6080000000.0,14000000.0,-6093000000.0,-5.16,-5.16,1180000000.0,1180000000.0,4029000000.0,,,428000000.0,,,652000000.0,7492000000.0,,38687000000.0,579000000.0,1156000000.0,2515000000.0,51703000000.0,1050000000.0,1942000000.0,4874000000.0,10605000000.0,,,,891000000.0,,269000000.0,-1982000000.0,7065000000.0,51703000000.0,,101000000.0,,171000000.0,95000000.0,,874000000.0,283000000.0,1679000000.0,341000000.0,-1670000000.0,,,,,,4940000000.0,,96000000.0,-4767000000.0,1180000000.0,,3577000000.0,-2940000000.0,
2023-02-28,4432000000.0,3311000000.0,,,712000000.0,4604000000.0,-172000000.0,-514000000.0,-686000000.0,7000000.0,-693000000.0,-0.55,-0.55,1260000000.0,1260000000.0,5455000000.0,,,448000000.0,,,710000000.0,7144000000.0,,39359000000.0,579000000.0,1158000000.0,2501000000.0,51985000000.0,1022000000.0,1951000000.0,5495000000.0,11088000000.0,,,,908000000.0,,-434000000.0,-1972000000.0,6170000000.0,51985000000.0,,9000000.0,,121000000.0,19000000.0,,57000000.0,-35000000.0,596000000.0,28000000.0,388000000.0,,,,,,1075000000.0,,-8000000.0,-1044000000.0,0.0,,111000000.0,-546000000.0,
2023-05-31,9343000000.0,6768000000.0,,,1448000000.0,9394000000.0,120000000.0,-1036000000.0,-1087000000.0,13000000.0,-1100000000.0,-0.87,-0.87,1263000000.0,1263000000.0,4468000000.0,,,438000000.0,,,833000000.0,6206000000.0,,39584000000.0,579000000.0,1163000000.0,3030000000.0,51873000000.0,1042000000.0,1951000000.0,6892000000.0,11835000000.0,,,,1044000000.0,,-841000000.0,-1903000000.0,5865000000.0,51873000000.0,,31000000.0,,55000000.0,6000000.0,,805000000.0,-23000000.0,2029000000.0,69000000.0,1525000000.0,,,,,,1772000000.0,,-8000000.0,-1509000000.0,5000000.0,,-1552000000.0,-1530000000.0,
2023-08-31,16197000000.0,10688000000.0,,,2162000000.0,14624000000.0,1624000000.0,-1595000000.0,1065000000.0,-9000000.0,1074000000.0,0.85,0.79,1263000000.0,1396000000.0,2842000000.0,,,483000000.0,,,855000000.0,4683000000.0,,39952000000.0,579000000.0,1168000000.0,2098000000.0,49756000000.0,1103000000.0,2017000000.0,5955000000.0,11008000000.0,,,,1091000000.0,,233000000.0,-1896000000.0,6960000000.0,49756000000.0,,43000000.0,,99000000.0,43000000.0,,-74000000.0,31000000.0,1097000000.0,155000000.0,3359000000.0,,,,,,2609000000.0,,-28000000.0,-2322000000.0,5000000.0,,-4229000000.0,-3166000000.0,
2023-11-30,21593000000.0,14317000000.0,,,2950000000.0,19637000000.0,1956000000.0,-2018000000.0,-62000000.0,13000000.0,-74000000.0,-0.06,-0.06,1262000000.0,1262000000.0,2415000000.0,,,528000000.0,,,1757000000.0,5266000000.0,,40116000000.0,579000000.0,1169000000.0,725000000.0,49120000000.0,1168000000.0,2003000000.0,6072000000.0,11481000000.0,,,,1105000000.0,,185000000.0,-1939000000.0,6882000000.0,49120000000.0,,53000000.0,,180000000.0,85000000.0,,-397000000.0,77000000.0,1169000000.0,147000000.0,4281000000.0,,,,,,3284000000.0,,-134000000.0,-2810000000.0,5000000.0,,-5089000000.0,-3601000000.0,
2024-02-29,5406000000.0,3705000000.0,,,813000000.0,5131000000.0,276000000.0,-489000000.0,-214000000.0,0.0,-214000000.0,-0.17,-0.17,1264000000.0,1264000000.0,2242000000.0,,,531000000.0,,,1067000000.0,4484000000.0,,41515000000.0,579000000.0,1168000000.0,777000000.0,49761000000.0,1103000000.0,2318000000.0,6642000000.0,12396000000.0,,,,1001000000.0,,-29000000.0,-1938000000.0,6682000000.0,49761000000.0,,11000000.0,,106000000.0,7000000.0,,-634000000.0,-11000000.0,619000000.0,108000000.0,1768000000.0,,,,,,2138000000.0,,25000000.0,-2163000000.0,,,237000000.0,-162000000.0,
2024-05-31,11187000000.0,7502000000.0,,,1603000000.0,10352000000.0,836000000.0,-953000000.0,-118000000.0,5000000.0,-123000000.0,-0.1,-0.1,1267000000.0,1271000000.0,1646000000.0,,,509000000.0,,,1118000000.0,3768000000.0,,42105000000.0,579000000.0,1167000000.0,702000000.0,49603000000.0,1063000000.0,2114000000.0,7883000000.0,13385000000.0,,,,1075000000.0,,62000000.0,-1919000000.0,6814000000.0,49603000000.0,,30000000.0,,-38000000.0,-14000000.0,,-449000000.0,-52000000.0,1971000000.0,-30000000.0,3807000000.0,,,,,,3457000000.0,,-72000000.0,-3384000000.0,0.0,,-1183000000.0,-767000000.0,
2024-08-31,19083000000.0,11805000000.0,,,2366000000.0,16070000000.0,3013000000.0,-1388000000.0,1743000000.0,13000000.0,1735000000.0,1.37,1.26,1267000000.0,1399000000.0,1522000000.0,,,492000000.0,,,980000000.0,3626000000.0,,42380000000.0,579000000.0,1173000000.0,665000000.0,49805000000.0,1062000000.0,2393000000.0,6436000000.0,12265000000.0,,,,1042000000.0,,1798000000.0,-1894000000.0,8597000000.0,49805000000.0,,47000000.0,,72000000.0,-33000000.0,,-509000000.0,-58000000.0,427000000.0,245000000.0,5012000000.0,,,,,,4034000000.0,,-57000000.0,-3961000000.0,0.0,,-1953000000.0,-893000000.0,
