Date,Net sales,Cost of sales,Gross margin,Research and development,"Selling, general and administrative",Total operating expenses,Operating income,"Other income/(expense), net",Income before provision for income taxes,Provision for income taxes,Net income,Earnings per share basic,Earnings per share diluted,Weighted-average basic,Weighted-average diluted,Cash and cash equivalents,Short-term marketable securities,"Accounts receivable, net",Inventories,Deferred tax assets,Vendor non-trade receivables,Other current assets,Total current assets,Long-term marketable securities,"Property, Plant and Equipment, Net",Goodwill,"Acquired intangible assets, net","Other Assets, Noncurrent",Total assets,accounts payable,Accrued expenses,Deferred revenue,Total current liabilities,Deferred revenue - non-current,deferred tax liabilities,long term taxes payable,Total other non-current liabilities,Total liabilities,Retained Earnings (Accumulated Deficit),Accumulated other comprehensive (loss)/income,Total shareholders equity,Total liabilities and shareholders' equity,"Depreciation, amortization and accretion",Stock-based compensation expense,Deferred income tax expense,"Increase (Decrease) in Accounts receivable, net",Increase (Decrease) in Inventories,Increase (Decrease) in Other Receivables,Increase (Decrease) in Other Operating Assets,Increase (Decrease) in Accounts Payable,Increase (Decrease) in Deferred Revenue,Increase (Decrease) Other liabilities,Cash generated by operating activities,Purchases of marketable securities,Proceeds from maturities of marketable securities,Proceeds from sales of marketable securities,Purchases of other long-term investments,"Business acquisitions, net of cash acquired",Cash payments for capital asset purchases,Payments for acquisition of intangible assets,Payments for (Proceeds from) Other Investing Activities,Cash used in investing activities,Proceeds from issuance of common stock,Excess tax benefits from stock-based compensation,Cash generated/used in financing activities,Increase/(decrease) in cash and cash equivalents,"Cash paid for income taxes, net"
2011-09-30,7123100000.0,5949000000.0,1174100000.0,,727600000.0,,359600000.0,,54700000.0,17600000.0,37100000.0,,,,,25900000.0,,1257000000.0,315100000.0,29300000.0,,,1862100000.0,,147900000.0,2207500000.0,1672800000.0,2200000.0,5965000000.0,,,39000000.0,1172800000.0,,698300000.0,,44700000.0,,-2210100000.0,-4400000.0,-35500000.0,5965000000.0,153600000.0,12300000.0,-8600000.0,168600000.0,22500000.0,,6300000.0,27100000.0,,,171500000.0,,,,,,25900000.0,,,-36200000.0,,,-144900000.0,-10700000.0,-41800000.0
2011-12-31,9602400000.0,8015000000.0,1587400000.0,,994000000.0,,470700000.0,,28300000.0,11200000.0,17100000.0,,,,,99900000.0,,1254900000.0,321700000.0,24600000.0,,,1879400000.0,,154300000.0,2208400000.0,1636000000.0,2300000.0,5949600000.0,,,27800000.0,1341300000.0,,692000000.0,,45600000.0,,-2191300000.0,-2100000.0,-7300000.0,5949600000.0,204900000.0,19500000.0,-10200000.0,165300000.0,29000000.0,,-50300000.0,-19800000.0,,,214700000.0,,,,,,45700000.0,,,-56000000.0,,,-95400000.0,63300000.0,-20900000.0
2012-03-31,2319200000.0,1934600000.0,384600000.0,,251600000.0,,103600000.0,,15100000.0,4200000.0,10900000.0,,,,,36500000.0,,1093600000.0,346800000.0,23100000.0,,,1701300000.0,,146100000.0,2209000000.0,1599400000.0,2100000.0,5721400000.0,,,34900000.0,1107700000.0,,673800000.0,,57700000.0,,-2180700000.0,-200000.0,10600000.0,5721400000.0,52500000.0,5700000.0,-16600000.0,-162300000.0,25000000.0,,22300000.0,3000000.0,,,223000000.0,,,,,,8300000.0,,,-8300000.0,,,-278400000.0,-63400000.0,300000.0
2012-06-30,4903900000.0,4092400000.0,811500000.0,,511100000.0,,240000000.0,,74800000.0,27100000.0,47700000.0,,,,,158700000.0,,1238300000.0,321600000.0,21500000.0,,,1964300000.0,,142300000.0,2208500000.0,1557700000.0,2000000.0,5935500000.0,,,66100000.0,1297500000.0,,656700000.0,,58800000.0,,-2143900000.0,-1800000.0,51100000.0,5935500000.0,105700000.0,11500000.0,-32000000.0,-16900000.0,-100000.0,,45300000.0,170500000.0,,,304700000.0,,,,,,15700000.0,,,-15700000.0,,,-230100000.0,58800000.0,38400000.0
2012-09-30,7527200000.0,6283000000.0,1244200000.0,,768100000.0,,379700000.0,,138000000.0,52300000.0,85700000.0,,,,,193000000.0,,1277200000.0,346900000.0,20200000.0,,,2060000000.0,,139300000.0,2209600000.0,1516900000.0,1600000.0,5985100000.0,,,49900000.0,1316200000.0,,639000000.0,,60500000.0,,-2106000000.0,1300000.0,98200000.0,5985100000.0,159100000.0,18000000.0,-48100000.0,20200000.0,25100000.0,,43200000.0,172700000.0,,,367100000.0,,,,,,25400000.0,,,-25400000.0,,,-249300000.0,93100000.0,81900000.0
2012-12-31,10128200000.0,8458600000.0,1669600000.0,,1029500000.0,,510600000.0,,186100000.0,67100000.0,119000000.0,,,,,37900000.0,,1265100000.0,314600000.0,14100000.0,,,1814800000.0,,142700000.0,2209300000.0,1478500000.0,1600000.0,5700100000.0,,,37900000.0,1148300000.0,,624300000.0,,52000000.0,,-2073000000.0,400000.0,136500000.0,5700100000.0,210200000.0,22100000.0,-56300000.0,8600000.0,-7100000.0,,3800000.0,800000.0,,,317400000.0,,,,,,41400000.0,,,-41700000.0,,,-338000000.0,-62000000.0,123200000.0
2013-03-31,2411700000.0,2009700000.0,402000000.0,,251500000.0,,120100000.0,,44500000.0,16200000.0,28300000.0,,,,,147100000.0,,1264500000.0,358400000.0,13100000.0,,,1986100000.0,,134000000.0,2208500000.0,1443600000.0,1200000.0,5822700000.0,,,66000000.0,1312900000.0,,609000000.0,,49300000.0,,-2044800000.0,-2000000.0,163800000.0,5822700000.0,52000000.0,1900000.0,-14100000.0,-18800000.0,43900000.0,,19600000.0,124200000.0,,,208000000.0,,,,,,8800000.0,,,-8800000.0,,,-89500000.0,109200000.0,1700000.0
2013-06-30,5191000000.0,4337400000.0,853600000.0,,517900000.0,,273700000.0,,117700000.0,42700000.0,75000000.0,0.52,0.51,145300000.0,146700000.0,179300000.0,,1390500000.0,378500000.0,12100000.0,,,2233700000.0,,132700000.0,2207400000.0,1403700000.0,1600000.0,6020500000.0,,,96900000.0,1445200000.0,,598300000.0,,50700000.0,,-1998100000.0,-5300000.0,209000000.0,6020500000.0,104300000.0,4000000.0,-23500000.0,108900000.0,64000000.0,,67200000.0,253800000.0,,,207100000.0,,,,,,20000000.0,,,-20000000.0,,,-44300000.0,141400000.0,50900000.0
2013-09-30,8055300000.0,6743300000.0,1312000000.0,,850300000.0,,366600000.0,,112900000.0,40100000.0,72800000.0,0.48,0.47,166800000.0,166800000.0,350200000.0,,1310600000.0,353800000.0,10900000.0,,,2285700000.0,,129600000.0,2222900000.0,1365500000.0,1400000.0,6038800000.0,,,82500000.0,1496500000.0,,599400000.0,,40900000.0,,-2024400000.0,-3300000.0,659800000.0,6038800000.0,156300000.0,44300000.0,-21300000.0,27900000.0,39200000.0,,72200000.0,154800000.0,,,370800000.0,,,,,,30500000.0,,,-30500000.0,424700000.0,,-27400000.0,312300000.0,64300000.0
2013-12-31,10768600000.0,9008300000.0,1760300000.0,,1120900000.0,,508600000.0,,195500000.0,62700000.0,132800000.0,0.85,0.84,156600000.0,158700000.0,188100000.0,,1451000000.0,382000000.0,0.0,,,2213500000.0,,131100000.0,2220300000.0,1328000000.0,1600000.0,5924600000.0,,,94800000.0,1402600000.0,,563500000.0,,41000000.0,,-1971800000.0,-6300000.0,711700000.0,5924600000.0,208200000.0,46600000.0,-48700000.0,170800000.0,67500000.0,,10100000.0,146100000.0,,,366300000.0,,,,,,47100000.0,,,-47100000.0,424700000.0,600000.0,-168300000.0,150200000.0,82500000.0
2014-03-31,2652300000.0,2227100000.0,425200000.0,,260900000.0,,135800000.0,,80800000.0,29900000.0,50900000.0,0.3,0.3,169600000.0,172300000.0,306700000.0,,1335000000.0,388400000.0,,,,2247900000.0,,129900000.0,2219100000.0,1286600000.0,1500000.0,5912500000.0,,,93600000.0,1418500000.0,,540800000.0,,41400000.0,,-1928200000.0,-10200000.0,754800000.0,5912500000.0,52000000.0,3300000.0,-22100000.0,-113200000.0,6500000.0,,25700000.0,21500000.0,,,246300000.0,,,,,,9300000.0,,,-30200000.0,,,-97000000.0,118600000.0,9500000.0
2014-06-30,5758300000.0,4836200000.0,922100000.0,,534800000.0,,324000000.0,,218000000.0,80500000.0,137500000.0,0.81,0.8,170200000.0,172700000.0,227600000.0,,1526100000.0,449600000.0,,,,2415300000.0,,129800000.0,2220100000.0,1247000000.0,1600000.0,6045300000.0,,,77900000.0,1529400000.0,,517900000.0,,42600000.0,,-1848900000.0,-6500000.0,844800000.0,6045300000.0,104000000.0,7600000.0,-44400000.0,75700000.0,67600000.0,,19500000.0,,,,175900000.0,,,,,,21000000.0,,,-41900000.0,,,-94700000.0,39500000.0,111900000.0
2014-09-30,9024400000.0,7595000000.0,1429400000.0,,820200000.0,,508700000.0,,307600000.0,114500000.0,193100000.0,1.13,1.12,170900000.0,173000000.0,357800000.0,,1473200000.0,423500000.0,,,,2516200000.0,,131700000.0,2218600000.0,1207000000.0,2100000.0,6107400000.0,,,102300000.0,1527600000.0,,495400000.0,,44100000.0,,-1800600000.0,-11700000.0,894000000.0,6107400000.0,155900000.0,11500000.0,-67200000.0,26200000.0,41700000.0,,69700000.0,,,,350500000.0,,,,,,34400000.0,,,-56000000.0,0.0,200000.0,-123700000.0,169700000.0,189900000.0
2014-12-31,12074500000.0,10153200000.0,1921300000.0,,1110300000.0,,673000000.0,,387700000.0,142800000.0,244900000.0,1.44,1.42,170600000.0,172800000.0,344500000.0,,1561100000.0,337500000.0,,,,2453400000.0,,137200000.0,2217600000.0,1168800000.0,3200000.0,6099900000.0,,,81300000.0,1468000000.0,,475000000.0,,45800000.0,,-1760500000.0,-16600000.0,936500000.0,6099900000.0,207900000.0,,-89100000.0,117600000.0,-44200000.0,,18700000.0,,,,435000000.0,,,,,,55000000.0,,,-164800000.0,0.0,300000.0,-112000000.0,156400000.0,241200000.0
2015-03-31,2755200000.0,2298700000.0,456500000.0,,275500000.0,,151600000.0,,87000000.0,32300000.0,54700000.0,0.32,0.32,172100000.0,173500000.0,447400000.0,,1448900000.0,357000000.0,,,,2485900000.0,,135100000.0,2215200000.0,1128800000.0,2600000.0,6088600000.0,,,82300000.0,1425600000.0,,450000000.0,,46700000.0,,-1717500000.0,-27600000.0,975500000.0,6088600000.0,52500000.0,,-22600000.0,-105400000.0,19700000.0,,23100000.0,,,,177800000.0,,,,,,10000000.0,,,-10500000.0,,100000.0,-62700000.0,102900000.0,4300000.0
2015-06-30,6069200000.0,5078200000.0,991000000.0,,566100000.0,,357500000.0,,259100000.0,96200000.0,162900000.0,0.95,0.94,171600000.0,173000000.0,335700000.0,,1712500000.0,436200000.0,,,,2714400000.0,,134200000.0,2215600000.0,1089400000.0,2200000.0,6251200000.0,,,56500000.0,1625600000.0,,428200000.0,,47400000.0,,-1712500000.0,-22900000.0,995800000.0,6251200000.0,105100000.0,,-45200000.0,157700000.0,98900000.0,,20100000.0,,,,99100000.0,,,,,,22900000.0,,,-23400000.0,,200000.0,-83100000.0,-8800000.0,123400000.0
2015-09-30,9570300000.0,8012100000.0,1558200000.0,,887500000.0,,562100000.0,,505300000.0,191500000.0,313800000.0,1.84,1.82,170900000.0,172300000.0,97500000.0,,1860000000.0,411400000.0,,,,2734900000.0,,154400000.0,2517400000.0,1325400000.0,9400000.0,6741500000.0,,,126400000.0,1871900000.0,,495900000.0,,57700000.0,,-1674600000.0,-45300000.0,1075700000.0,6741500000.0,165000000.0,,-32000000.0,178400000.0,54800000.0,,101700000.0,,,,294900000.0,,,,,263800000.0,43900000.0,,,-308200000.0,,400000.0,-229900000.0,-247000000.0,218000000.0
2015-12-31,12988700000.0,10872900000.0,2115800000.0,,1226000000.0,,742000000.0,,647000000.0,243900000.0,403100000.0,2.37,2.35,170300000.0,171800000.0,37600000.0,,2017400000.0,393100000.0,,,,2790800000.0,,175400000.0,2500400000.0,1276400000.0,12300000.0,6755300000.0,,,151900000.0,1887300000.0,,469600000.0,,70000000.0,,-1651600000.0,-61100000.0,1095900000.0,6755300000.0,227400000.0,,-53300000.0,342600000.0,31500000.0,,71200000.0,,,,277500000.0,,,,,263800000.0,90100000.0,,,-354400000.0,0.0,600000.0,-226500000.0,-306900000.0,300200000.0
2016-03-31,3116700000.0,2592200000.0,524500000.0,,329300000.0,,161000000.0,,123900000.0,46100000.0,77800000.0,0.47,0.46,167300000.0,168900000.0,248200000.0,,1780200000.0,460400000.0,,,,2816300000.0,,168400000.0,2495200000.0,1225400000.0,12600000.0,6717900000.0,,,166300000.0,1943400000.0,,448500000.0,,61100000.0,,-1710000000.0,-68900000.0,1039900000.0,6717900000.0,64000000.0,,,-237600000.0,68200000.0,,-9400000.0,,,,427600000.0,,,,,,11000000.0,,,-11000000.0,,200000.0,-206400000.0,210600000.0,6800000.0
2016-06-30,6781300000.0,5646300000.0,1135000000.0,,674000000.0,,384500000.0,,311400000.0,116100000.0,195300000.0,1.18,1.16,166100000.0,167800000.0,129400000.0,,2082500000.0,487300000.0,,,,3075300000.0,,163800000.0,2475000000.0,1162000000.0,11800000.0,6887900000.0,,419100000.0,144600000.0,2177700000.0,,420800000.0,,61600000.0,,-1715300000.0,-104000000.0,1013400000.0,6887900000.0,127700000.0,,,74900000.0,99000000.0,,44400000.0,,,,313100000.0,,,,,,25700000.0,,,-25700000.0,,700000.0,-192700000.0,91800000.0,132700000.0
2016-09-30,10489500000.0,8740200000.0,1749300000.0,,1009000000.0,,622000000.0,,509600000.0,188400000.0,321200000.0,1.95,1.93,164800000.0,166900000.0,118300000.0,,2019800000.0,451600000.0,,,,2997800000.0,,162500000.0,2467900000.0,1110600000.0,34000000.0,6772800000.0,,452800000.0,180100000.0,2126800000.0,,393200000.0,,39400000.0,,-1738900000.0,-115800000.0,990500000.0,6772800000.0,190700000.0,,,17900000.0,64600000.0,,101200000.0,,,,499300000.0,,,,,0.0,41400000.0,,,-43500000.0,,0.0,-370900000.0,80700000.0,234500000.0
2016-12-31,13981900000.0,11654700000.0,2327200000.0,,1345100000.0,,819200000.0,,672400000.0,248000000.0,424400000.0,2.59,2.56,163600000.0,166000000.0,263700000.0,,2168600000.0,452000000.0,,,,3238100000.0,,163700000.0,2455000000.0,1055600000.0,36000000.0,6948400000.0,,436300000.0,172600000.0,2280700000.0,,369200000.0,,37100000.0,,-1673800000.0,-139600000.0,1045500000.0,6948400000.0,254500000.0,,-99400000.0,179900000.0,68500000.0,,50100000.0,,,,604000000.0,,,,,0.0,63500000.0,,,-65900000.0,,0.0,-304600000.0,226100000.0,329200000.0
2017-03-31,3324700000.0,2772100000.0,552600000.0,,347400000.0,,169800000.0,,73600000.0,16000000.0,57600000.0,0.36,0.35,159400000.0,162800000.0,251700000.0,,1985800000.0,493400000.0,,,,3097600000.0,,162400000.0,2459100000.0,1015100000.0,40500000.0,6774700000.0,,489900000.0,205100000.0,2222800000.0,,350400000.0,,32200000.0,,-1835400000.0,-133500000.0,907300000.0,6774700000.0,64200000.0,,,-184600000.0,40300000.0,,20200000.0,,,,369900000.0,,,,,,19600000.0,,,-19600000.0,,,-362200000.0,-12000000.0,6300000.0
2017-06-30,7319100000.0,6125500000.0,1193600000.0,,710900000.0,,400900000.0,,269200000.0,70500000.0,198700000.0,1.26,1.23,157700000.0,160900000.0,79000000.0,,2335300000.0,513600000.0,,,,3396700000.0,,160700000.0,2469300000.0,976600000.0,38300000.0,7041600000.0,,467800000.0,180900000.0,2555200000.0,,329500000.0,,30000000.0,,-1927100000.0,-115800000.0,849100000.0,7041600000.0,129500000.0,,,156300000.0,57800000.0,,120900000.0,,,,376200000.0,,,,,,36800000.0,,,-36800000.0,,,-526700000.0,-184700000.0,96500000.0
2017-09-30,11353000000.0,9517400000.0,1835600000.0,,1062900000.0,,644600000.0,,475700000.0,148000000.0,327800000.0,2.1,2.06,156300000.0,159200000.0,97900000.0,,2311300000.0,549000000.0,,,,3492500000.0,,162500000.0,2477600000.0,937100000.0,32100000.0,7101800000.0,,522900000.0,228400000.0,2558700000.0,,,,32300000.0,,-1997200000.0,-101700000.0,806500000.0,7101800000.0,195200000.0,,-1000000.0,120400000.0,90500000.0,,179300000.0,,,,439100000.0,,,,,,58600000.0,,,-58600000.0,,,-547600000.0,-165800000.0,169600000.0
2017-12-31,15191500000.0,12741600000.0,2449900000.0,,1410100000.0,,866100000.0,,660300000.0,137300000.0,523000000.0,3.37,3.31,155400000.0,158200000.0,144200000.0,,2320500000.0,449500000.0,,57300000.0,,3378100000.0,,161100000.0,2479600000.0,897000000.0,40800000.0,6956600000.0,,479400000.0,194000000.0,2514600000.0,,196300000.0,,52800000.0,5973700000.0,-1834300000.0,-95900000.0,982900000.0,6956600000.0,260900000.0,,-172700000.0,128400000.0,-8500000.0,,116400000.0,,,,777700000.0,,,,,0.0,81100000.0,,,-81100000.0,,,-818700000.0,-119500000.0,275700000.0
2018-03-31,3606400000.0,3002500000.0,603900000.0,,362700000.0,,204100000.0,,165700000.0,39000000.0,127000000.0,0.83,0.82,152200000.0,154800000.0,221000000.0,,2274000000.0,485800000.0,,,,3479900000.0,,153100000.0,2488800000.0,859000000.0,47100000.0,7027900000.0,,550900000.0,193600000.0,2582500000.0,,,,49900000.0,,-1854600000.0,-78500000.0,996900000.0,7027900000.0,66600000.0,,,-60500000.0,72400000.0,,-15400000.0,,,,222200000.0,,,,,,15900000.0,,,-15900000.0,,,-131200000.0,76800000.0,10600000.0
2018-06-30,7792500000.0,6493000000.0,1299500000.0,,744100000.0,,469600000.0,,395500000.0,95500000.0,300000000.0,1.98,1.94,151900000.0,154400000.0,100700000.0,,2612200000.0,576900000.0,,,,3844700000.0,,150300000.0,2472500000.0,802300000.0,60300000.0,7330100000.0,,530300000.0,169900000.0,2820000000.0,,,,66600000.0,,-1780800000.0,-105100000.0,1068900000.0,7330100000.0,132900000.0,,,295200000.0,167700000.0,,62200000.0,,,41600000.0,332300000.0,,,,,,33600000.0,,,-33600000.0,,,-338200000.0,-43500000.0,118400000.0
2018-09-30,12165700000.0,10152600000.0,2013100000.0,,1134800000.0,,744400000.0,,633900000.0,150200000.0,483700000.0,3.19,3.14,151600000.0,154100000.0,255100000.0,,2650500000.0,481100000.0,,,,3949500000.0,,147800000.0,2469500000.0,758200000.0,50400000.0,7375400000.0,,565900000.0,188500000.0,2803900000.0,,,,65000000.0,,-1703500000.0,-108200000.0,1160700000.0,7375400000.0,198700000.0,,,334300000.0,72100000.0,,66100000.0,,,92400000.0,602300000.0,,,,,,53400000.0,,,-53400000.0,,,-435300000.0,110900000.0,200500000.0
2018-12-31,16240500000.0,13533600000.0,2706900000.0,,1537100000.0,,987300000.0,,840500000.0,197500000.0,643000000.0,4.26,4.19,150900000.0,153600000.0,205800000.0,,2671200000.0,454300000.0,,,,3796800000.0,,156100000.0,2462800000.0,712200000.0,39800000.0,7167700000.0,,593100000.0,178300000.0,2803100000.0,,,,64200000.0,,-1892600000.0,-130600000.0,975200000.0,7167700000.0,265600000.0,,-56100000.0,365100000.0,46800000.0,,-25200000.0,,,,905900000.0,,,,,,86100000.0,,,-86100000.0,,,-754800000.0,61600000.0,261200000.0
2019-03-31,3957900000.0,3285800000.0,672100000.0,,404000000.0,,228900000.0,,191600000.0,39000000.0,152900000.0,1.04,1.02,147000000.0,149200000.0,285000000.0,,2725100000.0,590700000.0,,,,4132500000.0,,155200000.0,2528200000.0,696000000.0,35500000.0,7679500000.0,,751800000.0,192100000.0,3215000000.0,,,,53800000.0,,-1972000000.0,-127500000.0,927300000.0,7679500000.0,64300000.0,,,-11900000.0,134200000.0,,31900000.0,,,71600000.0,252400000.0,,,,,68700000.0,19400000.0,,,-88100000.0,,,-80200000.0,,11400000.0
2019-06-30,8587800000.0,7141900000.0,1445900000.0,,824400000.0,,529200000.0,,452800000.0,103300000.0,349500000.0,2.39,2.35,146300000.0,148700000.0,194500000.0,,2967300000.0,652200000.0,,,,4425300000.0,,163400000.0,2524700000.0,660500000.0,30700000.0,7921900000.0,,712500000.0,200800000.0,3460300000.0,,,,62500000.0,,-1973600000.0,-139400000.0,936100000.0,7921900000.0,129300000.0,,,230100000.0,197300000.0,,109600000.0,,,49000000.0,414500000.0,,,,,75000000.0,43900000.0,,,-118900000.0,,,-305200000.0,-11300000.0,115200000.0
2019-09-30,13495500000.0,11233100000.0,2262400000.0,,1269300000.0,,849800000.0,,713700000.0,163000000.0,551200000.0,3.78,3.72,145700000.0,148200000.0,166900000.0,,2899500000.0,603600000.0,,,,4295300000.0,,171100000.0,2515900000.0,616100000.0,20500000.0,7703100000.0,,691800000.0,212100000.0,3241000000.0,,,,75000000.0,,-1985400000.0,-154100000.0,935100000.0,7703100000.0,197500000.0,,,171800000.0,151100000.0,,82200000.0,,,45300000.0,682300000.0,,,,,75000000.0,75000000.0,,,-150000000.0,,,-568500000.0,-38900000.0,203000000.0
2019-12-31,18032400000.0,14992500000.0,3039900000.0,,1713100000.0,,1133600000.0,,949700000.0,212900000.0,736800000.0,5.08,4.99,145100000.0,147800000.0,154000000.0,,3002200000.0,611200000.0,,,,4334100000.0,,363100000.0,2553000000.0,594100000.0,23300000.0,7999400000.0,,940200000.0,252200000.0,3491400000.0,,,,71000000.0,,-2018600000.0,-117800000.0,960300000.0,7999400000.0,267100000.0,,-87900000.0,244800000.0,153000000.0,,10900000.0,,,,1027200000.0,,,,,95100000.0,236300000.0,,,-331400000.0,,,-749800000.0,-51800000.0,272200000.0
2020-03-31,4389200000.0,3632700000.0,756500000.0,,510700000.0,,245800000.0,,211800000.0,44000000.0,167900000.0,1.18,1.16,142700000.0,144900000.0,214400000.0,,3149400000.0,672100000.0,,,,4665800000.0,,331900000.0,2529500000.0,540200000.0,25500000.0,8222400000.0,,,257600000.0,3647200000.0,,,,55000000.0,,-2067300000.0,-159300000.0,889700000.0,8222400000.0,91400000.0,,,209000000.0,66400000.0,,63700000.0,,,103400000.0,223000000.0,,,,,0.0,25400000.0,,,-25400000.0,,,-130000000.0,60400000.0,9900000.0
2020-06-30,8754900000.0,7251200000.0,1503700000.0,,974500000.0,,529200000.0,,457200000.0,100200000.0,357000000.0,2.5,2.47,142500000.0,144600000.0,958400000.0,,3029000000.0,694800000.0,,,,5235800000.0,,326500000.0,2532100000.0,492900000.0,24900000.0,8749500000.0,,,275400000.0,3561500000.0,,,,65200000.0,,-1932500000.0,-151600000.0,1055600000.0,8749500000.0,216600000.0,,,80400000.0,89300000.0,,-19300000.0,,,39100000.0,515800000.0,,,,,0.0,100000000.0,,,-100000000.0,,,394300000.0,804400000.0,21500000.0
2020-09-30,13511300000.0,11182100000.0,2329200000.0,,1482200000.0,,847000000.0,,707300000.0,157100000.0,550200000.0,3.86,3.8,142700000.0,144800000.0,1249500000.0,,3267700000.0,648100000.0,,,,5759600000.0,,268000000.0,2573400000.0,461800000.0,27400000.0,9223700000.0,,,246800000.0,3836600000.0,,,,75400000.0,,-1794000000.0,-130700000.0,1238500000.0,9223700000.0,349000000.0,,,304900000.0,34200000.0,,10300000.0,,,-10500000.0,738400000.0,,,,,38500000.0,133600000.0,,,-172100000.0,,,531700000.0,1095500000.0,196400000.0
2020-12-31,18467500000.0,15257400000.0,3210100000.0,,2030900000.0,,1179200000.0,,1002300000.0,213800000.0,788500000.0,5.53,5.45,142600000.0,144800000.0,1410200000.0,,3212600000.0,760000000.0,,,,5953500000.0,,175500000.0,2595900000.0,445100000.0,43900000.0,9344700000.0,,424800000.0,243700000.0,3898300000.0,,,,68700000.0,,-1813400000.0,-95800000.0,1297100000.0,9344700000.0,425600000.0,,-20200000.0,226400000.0,71400000.0,,-18600000.0,,,,1314300000.0,,,,,43000000.0,158000000.0,,,-201000000.0,,,138800000.0,1256200000.0,245600000.0
2021-03-31,4837500000.0,4042300000.0,795200000.0,,471800000.0,,323400000.0,,288900000.0,56300000.0,232600000.0,1.65,1.63,141100000.0,143100000.0,878600000.0,,3234100000.0,745100000.0,,,,5469800000.0,,175500000.0,2812400000.0,419200000.0,48300000.0,9053500000.0,,,326500000.0,3709300000.0,,,,68500000.0,,-2004600000.0,-89100000.0,1170300000.0,9053500000.0,45200000.0,,,15700000.0,-15400000.0,,35800000.0,,,126500000.0,344600000.0,,,,,212900000.0,20700000.0,,,-233600000.0,,,-643500000.0,-531600000.0,10100000.0
2021-06-30,9983900000.0,8305900000.0,1678000000.0,,984700000.0,,693300000.0,,660100000.0,153400000.0,506700000.0,3.6,3.56,140600000.0,142400000.0,501200000.0,,3370500000.0,888700000.0,,,,5421600000.0,,176100000.0,2731900000.0,487300000.0,49300000.0,8990900000.0,,,325700000.0,3770100000.0,,,,68200000.0,,-2163500000.0,-83200000.0,1048800000.0,8990900000.0,91800000.0,,,140500000.0,127900000.0,,74000000.0,,,-15000000.0,344900000.0,,,,,211600000.0,38500000.0,,,-214100000.0,,,-1042500000.0,-909000000.0,157600000.0
2021-09-30,15283900000.0,12691000000.0,2592900000.0,,1513200000.0,,1079700000.0,,1010500000.0,237200000.0,773300000.0,5.54,5.47,139500000.0,141400000.0,245100000.0,,3561000000.0,844400000.0,,,,5292200000.0,,179300000.0,2804600000.0,503300000.0,110000000.0,9011600000.0,,,304000000.0,3833200000.0,,,,114700000.0,,-2402600000.0,-97500000.0,837000000.0,9011600000.0,140000000.0,,,323500000.0,87500000.0,,92600000.0,,,41400000.0,636700000.0,,,,,339700000.0,66200000.0,,,-369900000.0,,,-1431800000.0,-1165100000.0,264400000.0
2021-12-31,20820800000.0,17252300000.0,3568500000.0,,2149500000.0,,1419000000.0,,1297800000.0,309200000.0,988600000.0,7.14,7.04,138500000.0,140500000.0,258100000.0,,4499400000.0,927600000.0,,,,6478100000.0,,195800000.0,4382900000.0,1628100000.0,358900000.0,13199400000.0,,454800000.0,402900000.0,5096000000.0,,,,235400000.0,,-2570700000.0,-94400000.0,705700000.0,13199400000.0,191200000.0,,-6700000.0,616800000.0,151000000.0,,134800000.0,,168000000.0,,784600000.0,,,,,2705600000.0,100000000.0,,,-2769600000.0,,,832800000.0,-1152100000.0,351000000.0
2022-03-31,5949100000.0,4845000000.0,1104100000.0,,717200000.0,,386900000.0,,330400000.0,80200000.0,250200000.0,1.85,1.83,134900000.0,136700000.0,386900000.0,,4613500000.0,1054600000.0,,,,6870800000.0,,195600000.0,4376500000.0,1584600000.0,322300000.0,13513800000.0,,,443800000.0,5464600000.0,,,,231400000.0,,-2408900000.0,-103100000.0,893100000.0,13513800000.0,71400000.0,,,125000000.0,130300000.0,,-24300000.0,,,179800000.0,380800000.0,,,,,0.0,41300000.0,,,-41300000.0,,,-208100000.0,128800000.0,11500000.0
2022-06-30,12094900000.0,9822600000.0,2272300000.0,,1450100000.0,,822200000.0,,707600000.0,178100000.0,529500000.0,3.92,3.87,135200000.0,136800000.0,541600000.0,,4474800000.0,1020100000.0,,,,7039800000.0,,194700000.0,4369600000.0,1556600000.0,337900000.0,13653100000.0,,,431300000.0,5415600000.0,,,,255700000.0,,-2197700000.0,-139300000.0,1106200000.0,13653100000.0,142500000.0,,,19800000.0,109700000.0,,177200000.0,,,136400000.0,761100000.0,,,,,28000000.0,63600000.0,,,-91600000.0,,,-374900000.0,283500000.0,160900000.0
2022-09-30,18310400000.0,14804900000.0,3505500000.0,,2216900000.0,,1288600000.0,,1106600000.0,279300000.0,827300000.0,6.12,6.04,135300000.0,137100000.0,384600000.0,,4549400000.0,914500000.0,,,,6895200000.0,,188000000.0,4327500000.0,1525500000.0,385600000.0,13475600000.0,,,437700000.0,5358800000.0,,,,302500000.0,,-1969300000.0,-187600000.0,1326000000.0,13475600000.0,218100000.0,,,156200000.0,16100000.0,,273900000.0,,,227500000.0,1094000000.0,,,,,28000000.0,97200000.0,,,-125200000.0,,,-830400000.0,126500000.0,274500000.0
2022-12-31,23748700000.0,19062100000.0,4686600000.0,,2951400000.0,,1735200000.0,,1487800000.0,373300000.0,1114500000.0,8.24,8.13,135200000.0,137000000.0,315200000.0,,4461300000.0,800200000.0,,,,6564000000.0,,188800000.0,4342700000.0,1490700000.0,396100000.0,13131500000.0,,483200000.0,485500000.0,4947100000.0,,,,336100000.0,,-1763800000.0,-152400000.0,1603300000.0,13131500000.0,290600000.0,,-18200000.0,34800000.0,-111900000.0,,208900000.0,,,,1335900000.0,,,,,36700000.0,127800000.0,,,-164500000.0,,,-1102100000.0,57100000.0,362200000.0
2023-03-31,5103100000.0,4013700000.0,1089400000.0,,734100000.0,,355300000.0,,296300000.0,66200000.0,230100000.0,1.7,1.68,135600000.0,137300000.0,279400000.0,,4262300000.0,781100000.0,,,,6279900000.0,,187400000.0,4365500000.0,1455000000.0,334600000.0,12768100000.0,,,495700000.0,4777900000.0,,,,307400000.0,,-1847000000.0,-142800000.0,1568900000.0,12768100000.0,70700000.0,,,-208900000.0,-22000000.0,,-102500000.0,,,-39600000.0,365400000.0,,,,,22500000.0,31700000.0,,,-54200000.0,,,-348200000.0,-35800000.0,-21500000.0
2023-06-30,10729200000.0,8458300000.0,2270900000.0,,1503400000.0,,767500000.0,,649700000.0,157000000.0,492700000.0,3.65,3.6,135100000.0,136700000.0,203900000.0,,4496900000.0,789800000.0,,,,6488000000.0,,194400000.0,4428200000.0,1424600000.0,313500000.0,12985900000.0,,,442100000.0,4997300000.0,,,,300600000.0,,-1862800000.0,-124800000.0,1613200000.0,12985900000.0,136600000.0,,,13000000.0,-17000000.0,,-97200000.0,,,-147900000.0,593600000.0,,,,,75500000.0,71300000.0,,,-146800000.0,,,-559500000.0,-111300000.0,174900000.0
2023-09-30,16357500000.0,12858900000.0,3498600000.0,,2252700000.0,,1245900000.0,,1069500000.0,261300000.0,808200000.0,6.0,5.92,134800000.0,136400000.0,440700000.0,,4418500000.0,706400000.0,,,,6458400000.0,,194900000.0,4417400000.0,1384900000.0,286600000.0,12875300000.0,,,438900000.0,4782100000.0,,,,281100000.0,,-1686800000.0,-149500000.0,1810000000.0,12875300000.0,202600000.0,,,-42700000.0,-96100000.0,,-237300000.0,,,-126000000.0,1062200000.0,,,,,76200000.0,114700000.0,,5000000.0,-195900000.0,,,-739700000.0,125500000.0,285100000.0
2023-12-31,21376000000.0,16723600000.0,4652400000.0,,2971500000.0,,1680900000.0,,1450200000.0,345900000.0,1104300000.0,8.2,8.1,134600000.0,136300000.0,588700000.0,,4567500000.0,668100000.0,,,,6705000000.0,,195500000.0,4413400000.0,1369700000.0,472200000.0,13284600000.0,,,487400000.0,5442000000.0,,,,432900000.0,,-1525500000.0,-124600000.0,2042500000.0,13284600000.0,270700000.0,,-32700000.0,54500000.0,-139000000.0,,-183300000.0,,,-93600000.0,1598700000.0,,,,,76400000.0,148200000.0,,5000000.0,-229600000.0,,,-1098700000.0,273500000.0,401400000.0
2024-03-31,4872700000.0,3809400000.0,1063300000.0,,735300000.0,,328000000.0,,276600000.0,61000000.0,216100000.0,1.61,1.59,134400000.0,136000000.0,803800000.0,,4310400000.0,670800000.0,,,,6633800000.0,,190200000.0,4409800000.0,1331200000.0,492700000.0,13192800000.0,,,469500000.0,5261000000.0,,,,436300000.0,,-1474200000.0,-133400000.0,2138700000.0,13192800000.0,67300000.0,,,-253500000.0,3700000.0,,46000000.0,,,76600000.0,440000000.0,,,,,200000.0,29500000.0,,,-29700000.0,,,-192600000.0,215100000.0,16800000.0
2024-06-30,10296100000.0,8049700000.0,2246400000.0,,1485300000.0,,761100000.0,,656300000.0,159100000.0,497200000.0,3.7,3.66,134300000.0,135800000.0,665300000.0,,4718800000.0,724800000.0,,,,7043600000.0,,186900000.0,4409300000.0,1295000000.0,573000000.0,13638700000.0,,,451400000.0,6208100000.0,,,,517500000.0,,-1481300000.0,-135000000.0,2174900000.0,13638700000.0,136700000.0,,,161500000.0,57700000.0,,203800000.0,,,101200000.0,589900000.0,,,,,200000.0,60400000.0,,,-60600000.0,,,-449600000.0,76600000.0,147600000.0
2024-09-30,15812700000.0,12365600000.0,3447100000.0,,2204400000.0,,1242700000.0,,1083900000.0,270300000.0,813600000.0,6.07,6.0,134000000.0,135500000.0,946700000.0,,4894000000.0,682500000.0,,,,7661600000.0,,193100000.0,4424500000.0,1259700000.0,708600000.0,14376700000.0,,,474700000.0,5458600000.0,,,,657500000.0,,-1350900000.0,-108300000.0,2349300000.0,14376700000.0,205800000.0,,,320900000.0,10500000.0,,313900000.0,,,226200000.0,932000000.0,,,,,200000.0,94000000.0,,200000.0,-305500000.0,,,-270700000.0,358000000.0,279100000.0
,,,,,,,,,,,,,,,,,,,,,,,,,,,,,,,,,,,,,,,,,,,,,,,,,,,,,,,,,,,,,,,,,,,
,,,,,,,,,,,,,,,,,,,,,,,,,,,,,,,,,,,,,,,,,,,,,,,,,,,,,,,,,,,,,,,,,,,
,,,,,,,,,,,,,,,,,,,,,,,,,,,,,,,,,,,,,,,,,,,,,,,,,,,,,,,,,,,,,,,,,,,
,,,,,,,,,,,,,,,,,,,,,,,,,,,,,,,,,,,,,,,,,,,,,,,,,,,,,,,,,,,,,,,,,,,
