Date,Net sales,Cost of sales,Gross margin,Research and development,"Selling, general and administrative",Total operating expenses,Operating income,"Other income/(expense), net",Income before provision for income taxes,Provision for income taxes,Net income,Earnings per share basic,Earnings per share diluted,Weighted-average basic,Weighted-average diluted,Cash and cash equivalents,Short-term marketable securities,"Accounts receivable, net",Inventories,Deferred tax assets,Vendor non-trade receivables,Other current assets,Total current assets,Long-term marketable securities,"Property, Plant and Equipment, Net",Goodwill,"Acquired intangible assets, net","Other Assets, Noncurrent",Total assets,accounts payable,Accrued expenses,Deferred revenue,Total current liabilities,Deferred revenue - non-current,deferred tax liabilities,long term taxes payable,Total other non-current liabilities,Total liabilities,Retained Earnings (Accumulated Deficit),Accumulated other comprehensive (loss)/income,Total shareholders equity,Total liabilities and shareholders' equity,"Depreciation, amortization and accretion",Stock-based compensation expense,Deferred income tax expense,"Increase (Decrease) in Accounts receivable, net",Increase (Decrease) in Inventories,Increase (Decrease) in Other Receivables,Increase (Decrease) in Other Operating Assets,Increase (Decrease) in Accounts Payable,Increase (Decrease) in Deferred Revenue,Increase (Decrease) Other liabilities,Cash generated by operating activities,Purchases of marketable securities,Proceeds from maturities of marketable securities,Proceeds from sales of marketable securities,Purchases of other long-term investments,"Business acquisitions, net of cash acquired",Cash payments for capital asset purchases,Payments for acquisition of intangible assets,Payments for (Proceeds from) Other Investing Activities,Cash used in investing activities,Proceeds from issuance of common stock,Excess tax benefits from stock-based compensation,Cash generated/used in financing activities,Increase/(decrease) in cash and cash equivalents,"Cash paid for income taxes, net"
2009-12-31,5082000000.0,4079000000.0,1003000000.0,75000000.0,469000000.0,,290000000.0,,,-243000000.0,488000000.0,3.33,3.11,143688749.0,157115521.0,1254000000.0,3000000.0,721000000.0,522000000.0,42000000.0,255000000.0,57000000.0,2856000000.0,80000000.0,2797000000.0,798000000.0,294000000.0,311000000.0,8410000000.0,649000000.0,611000000.0,,1607000000.0,,137000000.0,,1306000000.0,,1502000000.0,-659000000.0,584000000.0,8410000000.0,319000000.0,,-402000000.0,79000000.0,-30000000.0,,-9000000.0,104000000.0,,74000000.0,596000000.0,,,,,9000000.0,176000000.0,,31000000.0,31000000.0,,,-112000000.0,578000000.0,
2010-03-31,1388000000.0,1170000000.0,218000000.0,19000000.0,123000000.0,,-14000000.0,,,-20000000.0,18000000.0,0.1,0.1,150272227.0,152642371.0,1139000000.0,4000000.0,801000000.0,545000000.0,41000000.0,276000000.0,42000000.0,2851000000.0,79000000.0,2723000000.0,765000000.0,266000000.0,266000000.0,8202000000.0,626000000.0,552000000.0,,1540000000.0,,129000000.0,,1224000000.0,,1511000000.0,-686000000.0,574000000.0,8202000000.0,93000000.0,,-7000000.0,82000000.0,38000000.0,,-23000000.0,32000000.0,,-58000000.0,55000000.0,,,,,,44000000.0,,8000000.0,-132000000.0,,,-15000000.0,-115000000.0,
2010-06-30,2905000000.0,2384000000.0,521000000.0,37000000.0,246000000.0,,156000000.0,,,61000000.0,174000000.0,1.12,1.1,156326226.0,158674073.0,1081000000.0,2000000.0,862000000.0,522000000.0,41000000.0,244000000.0,70000000.0,2822000000.0,75000000.0,2676000000.0,736000000.0,269000000.0,273000000.0,8105000000.0,607000000.0,532000000.0,,1510000000.0,43000000.0,121000000.0,34000000.0,1139000000.0,,1664000000.0,-709000000.0,689000000.0,8105000000.0,159000000.0,,-10000000.0,150000000.0,32000000.0,,-24000000.0,28000000.0,,-26000000.0,219000000.0,,,,,46000000.0,78000000.0,,20000000.0,-275000000.0,,,-78000000.0,-173000000.0,
2010-09-30,4411000000.0,3544000000.0,867000000.0,56000000.0,369000000.0,,363000000.0,,,85000000.0,319000000.0,2.05,2.01,155859508.0,158408403.0,884000000.0,2000000.0,897000000.0,578000000.0,42000000.0,264000000.0,91000000.0,2767000000.0,79000000.0,2884000000.0,785000000.0,271000000.0,292000000.0,8394000000.0,640000000.0,589000000.0,,1637000000.0,43000000.0,132000000.0,32000000.0,1175000000.0,,1801000000.0,-606000000.0,917000000.0,8394000000.0,226000000.0,,-24000000.0,162000000.0,63000000.0,,-11000000.0,15000000.0,,-7000000.0,363000000.0,,,,,46000000.0,122000000.0,,16000000.0,-381000000.0,,,-332000000.0,-370000000.0,
2010-12-31,5918000000.0,4738000000.0,1180000000.0,70000000.0,505000000.0,,503000000.0,,,112000000.0,377000000.0,2.42,2.38,154564136.0,158372192.0,740000000.0,78000000.0,827000000.0,610000000.0,92000000.0,253000000.0,59000000.0,2668000000.0,0.0,3017000000.0,774000000.0,252000000.0,289000000.0,8281000000.0,673000000.0,596000000.0,,1542000000.0,41000000.0,116000000.0,4000000.0,1075000000.0,,1851000000.0,-670000000.0,926000000.0,8281000000.0,300000000.0,,15000000.0,90000000.0,98000000.0,,-9000000.0,19000000.0,,-102000000.0,452000000.0,,,,,46000000.0,201000000.0,,27000000.0,-560000000.0,,,-388000000.0,-514000000.0,
2011-03-31,1589000000.0,1238000000.0,351000000.0,23000000.0,128000000.0,,188000000.0,,180000000.0,42000000.0,142000000.0,0.91,0.9,155966259.0,158666687.0,722000000.0,74000000.0,950000000.0,688000000.0,94000000.0,269000000.0,45000000.0,2851000000.0,,3153000000.0,804000000.0,252000000.0,302000000.0,8622000000.0,740000000.0,554000000.0,,1610000000.0,40000000.0,122000000.0,4000000.0,1114000000.0,,1985000000.0,-600000000.0,1136000000.0,8622000000.0,75000000.0,,-2000000.0,108000000.0,60000000.0,,18000000.0,75000000.0,,1000000.0,132000000.0,,,,,8000000.0,77000000.0,,16000000.0,-151000000.0,,,-11000000.0,-18000000.0,
2011-06-30,3342000000.0,2581000000.0,761000000.0,48000000.0,268000000.0,,397000000.0,,460000000.0,117000000.0,345000000.0,2.21,2.17,156280721.0,159186077.0,741000000.0,70000000.0,1027000000.0,779000000.0,95000000.0,239000000.0,63000000.0,3014000000.0,,3273000000.0,813000000.0,238000000.0,309000000.0,8919000000.0,786000000.0,575000000.0,,1641000000.0,38000000.0,124000000.0,5000000.0,1277000000.0,,2180000000.0,-566000000.0,1373000000.0,8919000000.0,151000000.0,,-2000000.0,195000000.0,145000000.0,,11000000.0,102000000.0,,17000000.0,316000000.0,,,,,8000000.0,151000000.0,,23000000.0,-133000000.0,,,-198000000.0,1000000.0,
2011-12-31,6763000000.0,5329000000.0,1434000000.0,96000000.0,536000000.0,,690000000.0,,755000000.0,149000000.0,607000000.0,3.89,3.82,156204077.0,158947834.0,682000000.0,64000000.0,871000000.0,712000000.0,416000000.0,235000000.0,35000000.0,2703000000.0,,3269000000.0,760000000.0,197000000.0,344000000.0,8518000000.0,673000000.0,539000000.0,,1385000000.0,40000000.0,92000000.0,2000000.0,1153000000.0,,2424000000.0,-850000000.0,1341000000.0,8518000000.0,311000000.0,,93000000.0,83000000.0,112000000.0,,-17000000.0,22000000.0,,-262000000.0,638000000.0,,,,,8000000.0,349000000.0,,45000000.0,-441000000.0,,,-253000000.0,-58000000.0,94000000.0
2012-03-31,1633000000.0,1363000000.0,270000000.0,26000000.0,134000000.0,,98000000.0,,107000000.0,-76000000.0,183000000.0,1.17,1.15,156542424.0,159080760.0,727000000.0,63000000.0,928000000.0,753000000.0,104000000.0,207000000.0,35000000.0,2817000000.0,,3329000000.0,783000000.0,202000000.0,368000000.0,8823000000.0,758000000.0,517000000.0,,1471000000.0,39000000.0,138000000.0,3000000.0,1187000000.0,,2597000000.0,-817000000.0,1541000000.0,8823000000.0,77000000.0,,-94000000.0,47000000.0,32000000.0,,-19000000.0,123000000.0,,-82000000.0,215000000.0,,,,,23000000.0,106000000.0,,5000000.0,-155000000.0,,,-21000000.0,45000000.0,
2012-06-30,3308000000.0,2707000000.0,601000000.0,52000000.0,258000000.0,,262000000.0,,371000000.0,54000000.0,393000000.0,2.5,2.47,158128906.0,159740453.0,800000000.0,60000000.0,957000000.0,726000000.0,106000000.0,177000000.0,40000000.0,2866000000.0,,3265000000.0,756000000.0,184000000.0,390000000.0,8779000000.0,688000000.0,466000000.0,,1340000000.0,37000000.0,130000000.0,2000000.0,1123000000.0,,2798000000.0,-858000000.0,1777000000.0,8779000000.0,155000000.0,,-116000000.0,96000000.0,24000000.0,,-26000000.0,61000000.0,,-84000000.0,402000000.0,,,,,23000000.0,183000000.0,,43000000.0,-283000000.0,,,4000000.0,118000000.0,
2012-09-30,4917000000.0,3992000000.0,925000000.0,76000000.0,379000000.0,,425000000.0,,544000000.0,54000000.0,510000000.0,3.23,3.2,159123808.0,160094904.0,928000000.0,56000000.0,932000000.0,711000000.0,106000000.0,188000000.0,47000000.0,2968000000.0,,3295000000.0,768000000.0,174000000.0,446000000.0,8965000000.0,685000000.0,507000000.0,,1395000000.0,36000000.0,131000000.0,3000000.0,1142000000.0,,2903000000.0,-822000000.0,1915000000.0,8965000000.0,236000000.0,,-96000000.0,62000000.0,-1000000.0,,-15000000.0,58000000.0,,-75000000.0,661000000.0,,,,,23000000.0,270000000.0,,62000000.0,-397000000.0,,,-21000000.0,246000000.0,
2012-12-31,6418000000.0,5226000000.0,1192000000.0,102000000.0,507000000.0,,511000000.0,,657000000.0,48000000.0,605000000.0,3.82,3.79,158325442.0,159796314.0,959000000.0,53000000.0,827000000.0,711000000.0,580000000.0,209000000.0,31000000.0,2839000000.0,,3350000000.0,777000000.0,165000000.0,463000000.0,9000000000.0,649000000.0,475000000.0,,1355000000.0,36000000.0,50000000.0,2000000.0,1152000000.0,,2986000000.0,-1082000000.0,1730000000.0,9000000000.0,320000000.0,,-70000000.0,-50000000.0,-6000000.0,,-9000000.0,5000000.0,,-249000000.0,722000000.0,,,,,23000000.0,361000000.0,,68000000.0,-500000000.0,,,49000000.0,277000000.0,64000000.0
2013-03-31,1605000000.0,1272000000.0,333000000.0,26000000.0,106000000.0,,184000000.0,,218000000.0,77000000.0,142000000.0,0.89,0.89,159682386.0,160201636.0,978000000.0,49000000.0,916000000.0,758000000.0,50000000.0,197000000.0,38000000.0,2986000000.0,,3286000000.0,762000000.0,155000000.0,480000000.0,9068000000.0,659000000.0,459000000.0,,1351000000.0,34000000.0,44000000.0,3000000.0,1123000000.0,,2123000000.0,-119000000.0,1835000000.0,9068000000.0,80000000.0,,-8000000.0,100000000.0,55000000.0,,7000000.0,36000000.0,,83000000.0,147000000.0,,,,,0.0,74000000.0,,10000000.0,-87000000.0,,,-35000000.0,19000000.0,
2013-06-30,3258000000.0,2606000000.0,652000000.0,49000000.0,219000000.0,,353000000.0,,426000000.0,152000000.0,275000000.0,1.72,1.72,159679408.0,160142156.0,1107000000.0,45000000.0,929000000.0,738000000.0,50000000.0,280000000.0,31000000.0,3180000000.0,,3325000000.0,772000000.0,152000000.0,483000000.0,9322000000.0,716000000.0,439000000.0,,1544000000.0,34000000.0,47000000.0,2000000.0,1142000000.0,,2242000000.0,-91000000.0,1985000000.0,9322000000.0,158000000.0,,-6000000.0,104000000.0,29000000.0,,55000000.0,72000000.0,,121000000.0,376000000.0,,,,,0.0,149000000.0,,34000000.0,-177000000.0,,,-49000000.0,148000000.0,
2013-09-30,4894000000.0,3896000000.0,998000000.0,73000000.0,316000000.0,,564000000.0,,654000000.0,209000000.0,447000000.0,2.81,2.8,159282314.0,159846593.0,1100000000.0,44000000.0,949000000.0,753000000.0,50000000.0,293000000.0,39000000.0,3228000000.0,,3391000000.0,787000000.0,147000000.0,498000000.0,9512000000.0,739000000.0,457000000.0,,1597000000.0,30000000.0,61000000.0,2000000.0,1151000000.0,,2385000000.0,-47000000.0,2084000000.0,9512000000.0,238000000.0,,7000000.0,113000000.0,34000000.0,,82000000.0,100000000.0,,143000000.0,608000000.0,,,,,0.0,259000000.0,,38000000.0,-290000000.0,,,-183000000.0,141000000.0,
2013-12-31,6510000000.0,5145000000.0,1365000000.0,85000000.0,311000000.0,,1508000000.0,,1609000000.0,508000000.0,1101000000.0,6.93,6.91,158801150.0,159334219.0,984000000.0,41000000.0,867000000.0,804000000.0,169000000.0,343000000.0,28000000.0,3182000000.0,,3425000000.0,798000000.0,142000000.0,341000000.0,9018000000.0,799000000.0,541000000.0,,1545000000.0,28000000.0,225000000.0,20000000.0,287000000.0,,3011000000.0,-4000000.0,2699000000.0,9018000000.0,319000000.0,,347000000.0,23000000.0,81000000.0,,110000000.0,108000000.0,,12000000.0,762000000.0,,,,,0.0,370000000.0,,58000000.0,-422000000.0,,,-326000000.0,25000000.0,129000000.0
2014-03-31,1705000000.0,1327000000.0,378000000.0,22000000.0,104000000.0,,243000000.0,,273000000.0,78000000.0,196000000.0,1.25,1.25,156501794.0,156812915.0,998000000.0,43000000.0,986000000.0,816000000.0,115000000.0,256000000.0,32000000.0,3246000000.0,,3519000000.0,798000000.0,145000000.0,332000000.0,9129000000.0,790000000.0,479000000.0,,1510000000.0,27000000.0,220000000.0,20000000.0,293000000.0,,3179000000.0,-14000000.0,2812000000.0,9129000000.0,76000000.0,,-7000000.0,123000000.0,15000000.0,,-4000000.0,23000000.0,,65000000.0,164000000.0,,,,,0.0,78000000.0,,3000000.0,-151000000.0,,,4000000.0,14000000.0,
2014-06-30,3474000000.0,2688000000.0,786000000.0,46000000.0,223000000.0,,502000000.0,,625000000.0,172000000.0,455000000.0,2.91,2.91,156124714.0,156424665.0,1064000000.0,39000000.0,1045000000.0,816000000.0,115000000.0,231000000.0,29000000.0,3339000000.0,,3577000000.0,794000000.0,140000000.0,332000000.0,9333000000.0,839000000.0,472000000.0,,1543000000.0,26000000.0,228000000.0,21000000.0,298000000.0,,3399000000.0,-53000000.0,2955000000.0,9333000000.0,151000000.0,,-9000000.0,175000000.0,15000000.0,,-25000000.0,55000000.0,,73000000.0,417000000.0,,,,,0.0,130000000.0,,10000000.0,-283000000.0,,,-50000000.0,80000000.0,
2014-09-30,5243000000.0,4021000000.0,1222000000.0,68000000.0,341000000.0,,812000000.0,,972000000.0,262000000.0,708000000.0,4.55,4.53,155552777.0,156325511.0,1510000000.0,36000000.0,1016000000.0,771000000.0,111000000.0,200000000.0,43000000.0,3687000000.0,,3618000000.0,756000000.0,131000000.0,365000000.0,9710000000.0,816000000.0,483000000.0,,2189000000.0,24000000.0,225000000.0,20000000.0,295000000.0,,3613000000.0,-190000000.0,2944000000.0,9710000000.0,226000000.0,26000000.0,-8000000.0,175000000.0,-7000000.0,,-22000000.0,45000000.0,,142000000.0,796000000.0,,,,,0.0,189000000.0,,13000000.0,-477000000.0,,,237000000.0,526000000.0,
2014-12-31,6802000000.0,5186000000.0,1616000000.0,86000000.0,758000000.0,,758000000.0,,941000000.0,314000000.0,624000000.0,4.03,4.0,155012370.0,156166993.0,780000000.0,32000000.0,801000000.0,782000000.0,134000000.0,241000000.0,33000000.0,2698000000.0,,3733000000.0,749000000.0,132000000.0,377000000.0,8818000000.0,757000000.0,432000000.0,,1338000000.0,21000000.0,141000000.0,13000000.0,283000000.0,,3491000000.0,-165000000.0,2818000000.0,8818000000.0,298000000.0,46000000.0,150000000.0,-23000000.0,15000000.0,,-20000000.0,-13000000.0,,-6000000.0,962000000.0,,,,,10000000.0,254000000.0,,17000000.0,-705000000.0,,,-415000000.0,-204000000.0,199000000.0
2015-03-31,1450000000.0,1069000000.0,381000000.0,20000000.0,98000000.0,,257000000.0,,306000000.0,72000000.0,236000000.0,1.54,1.53,153216510.0,153901562.0,851000000.0,29000000.0,804000000.0,744000000.0,15000000.0,208000000.0,45000000.0,2696000000.0,,3685000000.0,700000000.0,123000000.0,343000000.0,8626000000.0,664000000.0,342000000.0,,1195000000.0,19000000.0,130000000.0,12000000.0,260000000.0,,3689000000.0,-322000000.0,2861000000.0,8626000000.0,68000000.0,12000000.0,5000000.0,34000000.0,-6000000.0,,-45000000.0,-58000000.0,,-9000000.0,270000000.0,,,,,0.0,64000000.0,,11000000.0,-173000000.0,,,17000000.0,71000000.0,
2015-06-30,2927000000.0,2171000000.0,756000000.0,79000000.0,204000000.0,,445000000.0,,533000000.0,96000000.0,441000000.0,2.88,2.86,153480175.0,153990933.0,988000000.0,29000000.0,873000000.0,762000000.0,15000000.0,226000000.0,30000000.0,2923000000.0,,3771000000.0,716000000.0,125000000.0,372000000.0,8988000000.0,736000000.0,298000000.0,,1268000000.0,18000000.0,127000000.0,12000000.0,262000000.0,,3848000000.0,-281000000.0,3076000000.0,8988000000.0,175000000.0,25000000.0,10000000.0,92000000.0,1000000.0,,-36000000.0,21000000.0,,-36000000.0,553000000.0,,,,,3000000.0,117000000.0,,24000000.0,-354000000.0,,,35000000.0,208000000.0,
2015-09-30,4340000000.0,3281000000.0,1059000000.0,98000000.0,297000000.0,,631000000.0,,758000000.0,170000000.0,602000000.0,3.96,3.92,152153057.0,153420449.0,952000000.0,30000000.0,793000000.0,738000000.0,15000000.0,231000000.0,37000000.0,2796000000.0,,3778000000.0,716000000.0,122000000.0,350000000.0,8908000000.0,608000000.0,331000000.0,,1516000000.0,16000000.0,122000000.0,11000000.0,264000000.0,,3962000000.0,-292000000.0,2766000000.0,8908000000.0,257000000.0,32000000.0,4000000.0,16000000.0,-20000000.0,,-13000000.0,-98000000.0,,17000000.0,726000000.0,,,,,3000000.0,168000000.0,,27000000.0,-461000000.0,,,-64000000.0,172000000.0,
2015-12-31,5674000000.0,4356000000.0,1318000000.0,119000000.0,506000000.0,,326000000.0,,488000000.0,201000000.0,304000000.0,2.02,2.0,150838050.0,152287955.0,967000000.0,30000000.0,706000000.0,682000000.0,124000000.0,285000000.0,49000000.0,2787000000.0,,3609000000.0,705000000.0,125000000.0,300000000.0,8586000000.0,587000000.0,330000000.0,,1550000000.0,13000000.0,136000000.0,7000000.0,247000000.0,,3621000000.0,-348000000.0,2378000000.0,8586000000.0,363000000.0,40000000.0,21000000.0,-61000000.0,-62000000.0,,17000000.0,-111000000.0,,-6000000.0,862000000.0,,,,,6000000.0,232000000.0,,36000000.0,-558000000.0,,,-66000000.0,187000000.0,151000000.0
2016-03-31,1404000000.0,1014000000.0,390000000.0,19000000.0,80000000.0,,287000000.0,,318000000.0,60000000.0,257000000.0,1.74,1.73,147413234.0,148131114.0,716000000.0,31000000.0,830000000.0,667000000.0,0.0,212000000.0,47000000.0,2503000000.0,,3640000000.0,722000000.0,125000000.0,296000000.0,8392000000.0,574000000.0,280000000.0,,1095000000.0,12000000.0,116000000.0,7000000.0,244000000.0,,3834000000.0,-283000000.0,2645000000.0,8392000000.0,74000000.0,10000000.0,-2000000.0,111000000.0,-29000000.0,,-40000000.0,-8000000.0,,21000000.0,287000000.0,,,,,0.0,70000000.0,,5000000.0,-75000000.0,,,-473000000.0,-251000000.0,
2016-06-30,2755000000.0,2027000000.0,728000000.0,38000000.0,151000000.0,,530000000.0,,593000000.0,112000000.0,478000000.0,3.25,3.24,146947923.0,147592531.0,735000000.0,35000000.0,792000000.0,636000000.0,0.0,217000000.0,41000000.0,2456000000.0,,3588000000.0,711000000.0,121000000.0,293000000.0,8248000000.0,551000000.0,301000000.0,,1087000000.0,11000000.0,,6000000.0,229000000.0,,4001000000.0,-301000000.0,2602000000.0,8248000000.0,149000000.0,16000000.0,-1000000.0,84000000.0,-51000000.0,,-38000000.0,-23000000.0,,18000000.0,636000000.0,,,,,0.0,128000000.0,,12000000.0,-138000000.0,,,-732000000.0,-232000000.0,
2016-09-30,4078000000.0,2995000000.0,1083000000.0,58000000.0,232000000.0,,776000000.0,,874000000.0,127000000.0,740000000.0,5.07,5.05,145959821.0,146585560.0,1252000000.0,34000000.0,791000000.0,652000000.0,0.0,214000000.0,35000000.0,2978000000.0,,3578000000.0,712000000.0,119000000.0,290000000.0,8757000000.0,591000000.0,299000000.0,,1098000000.0,10000000.0,,6000000.0,221000000.0,,4211000000.0,-310000000.0,2710000000.0,8757000000.0,223000000.0,23000000.0,39000000.0,82000000.0,-36000000.0,,-53000000.0,16000000.0,,-50000000.0,940000000.0,,,,,0.0,186000000.0,,14000000.0,-192000000.0,,,-467000000.0,285000000.0,
2016-12-31,5389000000.0,3984000000.0,1405000000.0,78000000.0,416000000.0,,893000000.0,,1030000000.0,122000000.0,900000000.0,6.21,6.18,144939433.0,145668181.0,638000000.0,30000000.0,801000000.0,720000000.0,29000000.0,223000000.0,60000000.0,2472000000.0,,3577000000.0,796000000.0,194000000.0,307000000.0,8357000000.0,625000000.0,322000000.0,,1077000000.0,9000000.0,130000000.0,6000000.0,215000000.0,,4320000000.0,-358000000.0,2588000000.0,8357000000.0,295000000.0,31000000.0,84000000.0,59000000.0,-8000000.0,,-39000000.0,7000000.0,,-113000000.0,893000000.0,,,,,178000000.0,246000000.0,,27000000.0,-439000000.0,,,-759000000.0,-329000000.0,129000000.0
2017-03-31,1471000000.0,1119000000.0,352000000.0,17000000.0,83000000.0,,192000000.0,,240000000.0,56000000.0,183000000.0,1.3,1.3,140643860.0,140997403.0,501000000.0,31000000.0,886000000.0,717000000.0,,216000000.0,38000000.0,2389000000.0,,3571000000.0,800000000.0,192000000.0,308000000.0,8288000000.0,615000000.0,262000000.0,,1015000000.0,9000000.0,,6000000.0,237000000.0,,4451000000.0,-327000000.0,2611000000.0,8288000000.0,72000000.0,10000000.0,14000000.0,79000000.0,-9000000.0,,-21000000.0,6000000.0,,-19000000.0,192000000.0,,,,,0.0,62000000.0,,3000000.0,-64000000.0,,,-270000000.0,-137000000.0,
2017-06-30,2981000000.0,2262000000.0,719000000.0,34000000.0,179000000.0,,432000000.0,,521000000.0,96000000.0,414000000.0,2.97,2.96,139626199.0,140022556.0,511000000.0,30000000.0,985000000.0,771000000.0,,227000000.0,59000000.0,2583000000.0,,3663000000.0,975000000.0,302000000.0,311000000.0,8883000000.0,666000000.0,332000000.0,,1424000000.0,8000000.0,,6000000.0,225000000.0,,4617000000.0,-247000000.0,2694000000.0,8883000000.0,149000000.0,19000000.0,4000000.0,133000000.0,-11000000.0,,-1000000.0,33000000.0,,13000000.0,490000000.0,,,,,268000000.0,116000000.0,,6000000.0,-389000000.0,,,-249000000.0,-127000000.0,
2017-09-30,4547000000.0,3443000000.0,1104000000.0,53000000.0,291000000.0,,684000000.0,,810000000.0,153000000.0,640000000.0,4.62,4.6,138599330.0,138988321.0,461000000.0,31000000.0,989000000.0,809000000.0,,260000000.0,63000000.0,2613000000.0,,3706000000.0,995000000.0,303000000.0,306000000.0,9062000000.0,695000000.0,343000000.0,,1550000000.0,7000000.0,,6000000.0,230000000.0,,4781000000.0,-206000000.0,2715000000.0,9062000000.0,231000000.0,32000000.0,-5000000.0,122000000.0,14000000.0,,24000000.0,41000000.0,,57000000.0,745000000.0,,,,,269000000.0,180000000.0,,9000000.0,-457000000.0,,,-496000000.0,-177000000.0,
2017-12-31,6140000000.0,4625000000.0,1515000000.0,72000000.0,456000000.0,,901000000.0,,1075000000.0,213000000.0,843000000.0,6.11,6.09,137902667.0,138317395.0,576000000.0,32000000.0,986000000.0,900000000.0,155000000.0,244000000.0,54000000.0,2792000000.0,,3762000000.0,1003000000.0,301000000.0,338000000.0,9538000000.0,807000000.0,354000000.0,,1559000000.0,6000000.0,211000000.0,197000000.0,413000000.0,,4920000000.0,-177000000.0,2887000000.0,9538000000.0,310000000.0,47000000.0,-146000000.0,110000000.0,97000000.0,,7000000.0,126000000.0,,261000000.0,803000000.0,,,,,269000000.0,267000000.0,,14000000.0,-549000000.0,,,-351000000.0,-62000000.0,123000000.0
2018-03-31,1851000000.0,1336000000.0,515000000.0,18000000.0,147000000.0,,343000000.0,,432000000.0,65000000.0,363000000.0,2.67,2.66,135916446.0,136383735.0,490000000.0,32000000.0,1205000000.0,955000000.0,,271000000.0,53000000.0,3006000000.0,,3801000000.0,1107000000.0,336000000.0,369000000.0,9780000000.0,797000000.0,266000000.0,,1602000000.0,6000000.0,,0.0,217000000.0,,5220000000.0,-128000000.0,3253000000.0,9780000000.0,80000000.0,22000000.0,-4000000.0,190000000.0,27000000.0,,29000000.0,0.0,,-63000000.0,143000000.0,,,,,144000000.0,86000000.0,,14000000.0,-235000000.0,,,-2000000.0,-86000000.0,
2018-06-30,3695000000.0,2659000000.0,1036000000.0,36000000.0,283000000.0,,701000000.0,,874000000.0,162000000.0,707000000.0,5.21,5.18,135752179.0,136499748.0,708000000.0,32000000.0,1156000000.0,917000000.0,,289000000.0,51000000.0,3153000000.0,,3724000000.0,1069000000.0,325000000.0,392000000.0,9789000000.0,819000000.0,314000000.0,,1610000000.0,6000000.0,,0.0,210000000.0,,5491000000.0,-188000000.0,3380000000.0,9789000000.0,168000000.0,39000000.0,55000000.0,175000000.0,17000000.0,,39000000.0,36000000.0,,6000000.0,728000000.0,,,,,144000000.0,165000000.0,,31000000.0,-331000000.0,,,-256000000.0,132000000.0,
2018-09-30,5466000000.0,3914000000.0,1552000000.0,54000000.0,412000000.0,,1075000000.0,,1336000000.0,216000000.0,1108000000.0,8.19,8.12,135336704.0,136387703.0,703000000.0,31000000.0,1086000000.0,1033000000.0,,279000000.0,48000000.0,3180000000.0,,3699000000.0,1064000000.0,317000000.0,413000000.0,9824000000.0,819000000.0,347000000.0,,1532000000.0,,,0.0,206000000.0,,5819000000.0,-219000000.0,3541000000.0,9824000000.0,258000000.0,53000000.0,43000000.0,114000000.0,142000000.0,,60000000.0,44000000.0,,97000000.0,1195000000.0,,,,,144000000.0,244000000.0,,34000000.0,-409000000.0,,,-639000000.0,127000000.0,
2018-12-31,7155000000.0,5183000000.0,1972000000.0,72000000.0,546000000.0,,1334000000.0,,1510000000.0,292000000.0,1207000000.0,8.99,8.91,134305269.0,135416858.0,439000000.0,31000000.0,1017000000.0,1046000000.0,454000000.0,301000000.0,40000000.0,2874000000.0,,3719000000.0,1057000000.0,310000000.0,290000000.0,9313000000.0,819000000.0,343000000.0,,1779000000.0,,255000000.0,0.0,208000000.0,,5847000000.0,-247000000.0,2984000000.0,9313000000.0,349000000.0,71000000.0,333000000.0,48000000.0,158000000.0,,113000000.0,15000000.0,,56000000.0,1558000000.0,,,,,144000000.0,337000000.0,,39000000.0,-507000000.0,,,-1165000000.0,-137000000.0,100000000.0
2019-03-31,1687000000.0,1234000000.0,453000000.0,16000000.0,120000000.0,,320000000.0,,385000000.0,46000000.0,337000000.0,2.64,2.63,127542328.0,128215700.0,441000000.0,29000000.0,1015000000.0,1009000000.0,,343000000.0,47000000.0,2884000000.0,,3721000000.0,1075000000.0,332000000.0,309000000.0,9574000000.0,699000000.0,311000000.0,,1822000000.0,,,,202000000.0,,6114000000.0,-243000000.0,3047000000.0,9574000000.0,84000000.0,14000000.0,-5000000.0,-6000000.0,-40000000.0,,23000000.0,-81000000.0,,-66000000.0,307000000.0,,,,,91000000.0,79000000.0,,7000000.0,-177000000.0,,,-130000000.0,2000000.0,
2019-06-30,3279000000.0,2403000000.0,876000000.0,33000000.0,238000000.0,,506000000.0,,624000000.0,74000000.0,546000000.0,4.32,4.3,126409926.0,127111046.0,491000000.0,27000000.0,971000000.0,1011000000.0,,332000000.0,44000000.0,2876000000.0,,3642000000.0,1083000000.0,327000000.0,320000000.0,9506000000.0,764000000.0,302000000.0,,1408000000.0,,,,227000000.0,,6245000000.0,-267000000.0,2864000000.0,9506000000.0,170000000.0,27000000.0,-17000000.0,-52000000.0,-39000000.0,,21000000.0,-51000000.0,,-81000000.0,731000000.0,,,,,91000000.0,144000000.0,,8000000.0,-243000000.0,,,-437000000.0,52000000.0,
2019-09-30,4865000000.0,3575000000.0,1290000000.0,50000000.0,358000000.0,,766000000.0,,947000000.0,127000000.0,809000000.0,6.46,6.43,125159647.0,125868829.0,497000000.0,26000000.0,947000000.0,994000000.0,,335000000.0,44000000.0,2843000000.0,,3585000000.0,1054000000.0,314000000.0,344000000.0,9414000000.0,764000000.0,358000000.0,,1533000000.0,,,,240000000.0,,6431000000.0,-306000000.0,2747000000.0,9414000000.0,265000000.0,38000000.0,-21000000.0,-55000000.0,-34000000.0,,36000000.0,-44000000.0,,6000000.0,1128000000.0,,,,,91000000.0,226000000.0,,9000000.0,-325000000.0,,,-736000000.0,58000000.0,
2019-12-31,6297000000.0,4691000000.0,1606000000.0,67000000.0,483000000.0,,834000000.0,,988000000.0,124000000.0,852000000.0,6.88,6.84,123925697.0,124651759.0,463000000.0,40000000.0,850000000.0,1038000000.0,500000000.0,331000000.0,43000000.0,2765000000.0,,3713000000.0,1074000000.0,312000000.0,338000000.0,9476000000.0,780000000.0,461000000.0,,1754000000.0,,257000000.0,,223000000.0,,6399000000.0,-300000000.0,2507000000.0,9476000000.0,356000000.0,48000000.0,-17000000.0,-165000000.0,-6000000.0,,9000000.0,-59000000.0,,48000000.0,1454000000.0,,,,,91000000.0,370000000.0,,17000000.0,-493000000.0,,,-935000000.0,24000000.0,157000000.0
2020-03-31,1460000000.0,1112000000.0,348000000.0,17000000.0,125000000.0,,194000000.0,,292000000.0,65000000.0,218000000.0,1.83,1.82,119251689.0,119899844.0,,38000000.0,853000000.0,1036000000.0,,307000000.0,51000000.0,2855000000.0,,3678000000.0,1056000000.0,302000000.0,381000000.0,9545000000.0,724000000.0,422000000.0,,1928000000.0,,,,263000000.0,,6543000000.0,-341000000.0,2448000000.0,9545000000.0,86000000.0,10000000.0,-7000000.0,11000000.0,11000000.0,,-42000000.0,1000000.0,,-36000000.0,259000000.0,,,,,0.0,119000000.0,,9000000.0,-128000000.0,,,-16000000.0,107000000.0,
2020-06-30,2653000000.0,2063000000.0,590000000.0,35000000.0,239000000.0,,277000000.0,,439000000.0,100000000.0,325000000.0,2.74,2.72,118795780.0,119377515.0,,36000000.0,729000000.0,1031000000.0,,312000000.0,62000000.0,2709000000.0,,3725000000.0,1098000000.0,317000000.0,399000000.0,9506000000.0,599000000.0,572000000.0,,2262000000.0,,,,179000000.0,,6576000000.0,-346000000.0,2487000000.0,9506000000.0,175000000.0,20000000.0,-15000000.0,-167000000.0,-27000000.0,,-84000000.0,-150000000.0,,10000000.0,638000000.0,,,,,88000000.0,207000000.0,,17000000.0,-309000000.0,,,-248000000.0,76000000.0,
2020-09-30,4064000000.0,3147000000.0,917000000.0,54000000.0,345000000.0,,461000000.0,,680000000.0,130000000.0,532000000.0,4.49,4.47,118543853.0,119119203.0,,35000000.0,716000000.0,1001000000.0,,347000000.0,57000000.0,2771000000.0,,3851000000.0,1128000000.0,317000000.0,412000000.0,9769000000.0,699000000.0,632000000.0,,2409000000.0,,,,197000000.0,,6710000000.0,-344000000.0,2508000000.0,9769000000.0,265000000.0,17000000.0,-90000000.0,-196000000.0,-78000000.0,,-68000000.0,-57000000.0,,111000000.0,1069000000.0,,,,,100000000.0,279000000.0,,25000000.0,-387000000.0,,,-538000000.0,152000000.0,
2020-12-31,5655000000.0,4362000000.0,1293000000.0,74000000.0,482000000.0,,664000000.0,,2251000000.0,247000000.0,1985000000.0,16.85,16.75,117817445.0,118481376.0,955000000.0,533000000.0,792000000.0,978000000.0,532000000.0,450000000.0,55000000.0,3763000000.0,,3939000000.0,1166000000.0,319000000.0,411000000.0,10909000000.0,797000000.0,680000000.0,,1973000000.0,,,,214000000.0,,8091000000.0,-328000000.0,3526000000.0,10909000000.0,356000000.0,28000000.0,108000000.0,-141000000.0,-124000000.0,,-60000000.0,-6000000.0,,-39000000.0,1343000000.0,,,,,100000000.0,364000000.0,,39000000.0,592000000.0,,,-1471000000.0,492000000.0,167000000.0
2021-03-31,1798000000.0,1313000000.0,485000000.0,20000000.0,137000000.0,,326000000.0,,409000000.0,85000000.0,322000000.0,2.84,2.82,113511369.0,114028145.0,,331000000.0,959000000.0,1025000000.0,,551000000.0,53000000.0,3710000000.0,,3876000000.0,1134000000.0,308000000.0,456000000.0,10756000000.0,906000000.0,489000000.0,,1935000000.0,,,,191000000.0,,8335000000.0,-302000000.0,3542000000.0,10756000000.0,91000000.0,12000000.0,11000000.0,184000000.0,62000000.0,,103000000.0,156000000.0,,-96000000.0,116000000.0,,,,,,92000000.0,,10000000.0,98000000.0,,,-371000000.0,-164000000.0,
2021-06-30,3996000000.0,2750000000.0,1246000000.0,42000000.0,298000000.0,,893000000.0,,1069000000.0,201000000.0,860000000.0,7.62,7.58,112899459.0,113470581.0,,29000000.0,1218000000.0,1118000000.0,,570000000.0,72000000.0,4061000000.0,,3922000000.0,1143000000.0,304000000.0,500000000.0,11220000000.0,998000000.0,531000000.0,,2129000000.0,,,,200000000.0,,8797000000.0,-298000000.0,3798000000.0,11220000000.0,184000000.0,54000000.0,10000000.0,437000000.0,150000000.0,,143000000.0,242000000.0,,7000000.0,543000000.0,,,,,0.0,202000000.0,,24000000.0,275000000.0,,,-715000000.0,99000000.0,
2021-09-30,6262000000.0,4301000000.0,1961000000.0,63000000.0,463000000.0,,1429000000.0,,1691000000.0,303000000.0,1366000000.0,12.19,12.12,112101651.0,112699297.0,,28000000.0,1172000000.0,1159000000.0,,566000000.0,90000000.0,4355000000.0,,3924000000.0,1131000000.0,303000000.0,543000000.0,11583000000.0,1042000000.0,529000000.0,,1812000000.0,,,,178000000.0,,9227000000.0,-328000000.0,3919000000.0,11583000000.0,278000000.0,76000000.0,9000000.0,402000000.0,207000000.0,,150000000.0,259000000.0,,96000000.0,1173000000.0,,,,,15000000.0,304000000.0,,36000000.0,167000000.0,,,-943000000.0,385000000.0,
2021-12-31,8537000000.0,5855000000.0,2682000000.0,86000000.0,633000000.0,,1946000000.0,,2248000000.0,330000000.0,1890000000.0,16.99,16.86,111224017.0,112084412.0,536000000.0,10000000.0,1161000000.0,1524000000.0,451000000.0,506000000.0,70000000.0,3807000000.0,,4193000000.0,1412000000.0,735000000.0,521000000.0,11975000000.0,1160000000.0,473000000.0,,2505000000.0,,,,164000000.0,,9677000000.0,-329000000.0,4189000000.0,11975000000.0,378000000.0,95000000.0,7000000.0,396000000.0,367000000.0,,80000000.0,353000000.0,,2000000.0,1757000000.0,,,,,1142000000.0,467000000.0,,53000000.0,-1119000000.0,,,-1042000000.0,-419000000.0,215000000.0
2022-03-31,2538000000.0,1793000000.0,745000000.0,24000000.0,174000000.0,,531000000.0,,616000000.0,112000000.0,502000000.0,4.64,4.61,108185912.0,108917577.0,,9000000.0,1390000000.0,1549000000.0,,523000000.0,124000000.0,4200000000.0,,4188000000.0,1396000000.0,715000000.0,569000000.0,12426000000.0,1169000000.0,419000000.0,,2554000000.0,,,,162000000.0,,10106000000.0,-333000000.0,4607000000.0,12426000000.0,106000000.0,15000000.0,4000000.0,240000000.0,32000000.0,,0.0,49000000.0,,-29000000.0,316000000.0,,,,,,137000000.0,,12000000.0,-149000000.0,,,-95000000.0,69000000.0,
2022-06-30,5024000000.0,3574000000.0,1450000000.0,50000000.0,371000000.0,,1014000000.0,,1170000000.0,224000000.0,936000000.0,8.64,8.57,108392155.0,109158055.0,,7000000.0,1317000000.0,1713000000.0,,510000000.0,129000000.0,4459000000.0,,4158000000.0,1348000000.0,675000000.0,642000000.0,12713000000.0,1250000000.0,419000000.0,,2595000000.0,,,,263000000.0,,10466000000.0,-438000000.0,4880000000.0,12713000000.0,213000000.0,31000000.0,15000000.0,216000000.0,251000000.0,,-22000000.0,169000000.0,,-15000000.0,811000000.0,,,,,14000000.0,261000000.0,,26000000.0,-285000000.0,,,-254000000.0,247000000.0,
2022-09-30,7325000000.0,5329000000.0,1996000000.0,75000000.0,555000000.0,,1322000000.0,,1491000000.0,351000000.0,1127000000.0,10.4,10.32,108428982.0,109158832.0,,,1120000000.0,1723000000.0,,492000000.0,186000000.0,13192000000.0,,4089000000.0,1294000000.0,645000000.0,695000000.0,21337000000.0,1128000000.0,555000000.0,,2788000000.0,,,,247000000.0,,10584000000.0,-498000000.0,4950000000.0,21337000000.0,318000000.0,47000000.0,14000000.0,61000000.0,321000000.0,,-26000000.0,97000000.0,,189000000.0,1278000000.0,,,,,14000000.0,400000000.0,,30000000.0,-428000000.0,,,8346000000.0,9135000000.0,
2022-12-31,9673000000.0,7293000000.0,2380000000.0,112000000.0,824000000.0,,1378000000.0,,1421000000.0,-489000000.0,1894000000.0,17.48,17.34,108380082.0,109235376.0,1508000000.0,,1379000000.0,2808000000.0,636000000.0,675000000.0,241000000.0,6611000000.0,,5584000000.0,7142000000.0,4105000000.0,547000000.0,26272000000.0,1518000000.0,1201000000.0,,4068000000.0,,,,387000000.0,,11274000000.0,-518000000.0,5637000000.0,26272000000.0,478000000.0,60000000.0,-849000000.0,-218000000.0,253000000.0,,13000000.0,-84000000.0,,412000000.0,1819000000.0,,,,,10589000000.0,543000000.0,,57000000.0,-11141000000.0,,,10290000000.0,972000000.0,273000000.0
2023-03-31,2853000000.0,2222000000.0,631000000.0,42000000.0,285000000.0,,251000000.0,,121000000.0,25000000.0,91000000.0,0.84,0.83,108634068.0,109188266.0,,,1606000000.0,2749000000.0,,707000000.0,219000000.0,6448000000.0,,5588000000.0,7139000000.0,4086000000.0,553000000.0,26090000000.0,1445000000.0,1014000000.0,,3851000000.0,,,,425000000.0,,11289000000.0,-502000000.0,5661000000.0,26090000000.0,178000000.0,14000000.0,1000000.0,216000000.0,-45000000.0,,-99000000.0,-22000000.0,,-298000000.0,-96000000.0,,,,,,164000000.0,,23000000.0,-178000000.0,,,-69000000.0,-341000000.0,
2023-06-30,5648000000.0,4331000000.0,1317000000.0,82000000.0,559000000.0,,586000000.0,,337000000.0,21000000.0,311000000.0,2.86,2.85,108886678.0,109306331.0,,,1338000000.0,2514000000.0,,625000000.0,268000000.0,6252000000.0,,5541000000.0,7063000000.0,4007000000.0,523000000.0,25649000000.0,1243000000.0,1146000000.0,,3922000000.0,,,,492000000.0,,11433000000.0,-702000000.0,5624000000.0,25649000000.0,359000000.0,32000000.0,-3000000.0,10000000.0,-220000000.0,,-187000000.0,-211000000.0,,-178000000.0,666000000.0,,,,,0.0,309000000.0,,41000000.0,-341000000.0,,,-516000000.0,-212000000.0,
2023-09-30,8371000000.0,6381000000.0,1990000000.0,114000000.0,803000000.0,,1428000000.0,,1051000000.0,-236000000.0,1262000000.0,11.6,11.54,108918986.0,109439486.0,,,1339000000.0,2337000000.0,,570000000.0,284000000.0,5887000000.0,,5467000000.0,6991000000.0,3944000000.0,535000000.0,25538000000.0,1263000000.0,927000000.0,,3616000000.0,,,,453000000.0,,12308000000.0,-713000000.0,6491000000.0,25538000000.0,544000000.0,36000000.0,-282000000.0,16000000.0,-373000000.0,,-219000000.0,-171000000.0,,-398000000.0,1069000000.0,,,,,-52000000.0,440000000.0,,58000000.0,34000000.0,,,-1216000000.0,-151000000.0,
2023-12-31,10940000000.0,8337000000.0,2603000000.0,146000000.0,1075000000.0,,1687000000.0,,1183000000.0,-790000000.0,1960000000.0,18.01,17.92,108848962.0,109379664.0,,,1243000000.0,2357000000.0,678000000.0,541000000.0,272000000.0,6218000000.0,,5584000000.0,6977000000.0,3975000000.0,524000000.0,26597000000.0,1510000000.0,1154000000.0,,4072000000.0,,,,591000000.0,,12929000000.0,-744000000.0,7091000000.0,26597000000.0,739000000.0,40000000.0,-960000000.0,-105000000.0,-398000000.0,,-277000000.0,20000000.0,,-284000000.0,1899000000.0,,,,,-52000000.0,568000000.0,,98000000.0,-134000000.0,,,-1456000000.0,297000000.0,237000000.0
2024-03-31,2611000000.0,2057000000.0,554000000.0,34000000.0,265000000.0,,210000000.0,,157000000.0,33000000.0,121000000.0,1.11,1.1,109069060.0,109513991.0,,,1289000000.0,2354000000.0,,536000000.0,283000000.0,5945000000.0,,5471000000.0,6926000000.0,3902000000.0,537000000.0,26033000000.0,1447000000.0,1011000000.0,,4925000000.0,,,,505000000.0,,12973000000.0,-797000000.0,7071000000.0,26033000000.0,227000000.0,10000000.0,-6000000.0,55000000.0,19000000.0,,-34000000.0,-21000000.0,,-149000000.0,101000000.0,,,,,,137000000.0,,14000000.0,-151000000.0,,,-259000000.0,-322000000.0,
2024-06-30,5262000000.0,4067000000.0,1195000000.0,67000000.0,520000000.0,,460000000.0,,340000000.0,62000000.0,276000000.0,2.53,2.52,109314411.0,109547401.0,,,1264000000.0,2464000000.0,,662000000.0,329000000.0,5904000000.0,,5382000000.0,6899000000.0,3844000000.0,579000000.0,25812000000.0,1538000000.0,1106000000.0,,4626000000.0,,,,471000000.0,,13051000000.0,-792000000.0,7166000000.0,25812000000.0,425000000.0,20000000.0,4000000.0,37000000.0,143000000.0,,29000000.0,99000000.0,,-199000000.0,393000000.0,,,,,,242000000.0,,13000000.0,-242000000.0,,,-748000000.0,-620000000.0,
2024-09-30,7910000000.0,6093000000.0,1817000000.0,99000000.0,768000000.0,,708000000.0,,523000000.0,123000000.0,392000000.0,3.59,3.58,109338977.0,109535037.0,,,1367000000.0,2562000000.0,,688000000.0,276000000.0,5706000000.0,,5431000000.0,6997000000.0,3858000000.0,554000000.0,25892000000.0,1446000000.0,1083000000.0,,4159000000.0,,,,612000000.0,,13091000000.0,-727000000.0,7274000000.0,25892000000.0,634000000.0,23000000.0,12000000.0,109000000.0,177000000.0,,-50000000.0,-33000000.0,,-314000000.0,472000000.0,,,,,0.0,330000000.0,,29000000.0,-342000000.0,,,-1124000000.0,-992000000.0,
