Date,Net sales,Cost of sales,Gross margin,Research and development,"Selling, general and administrative",Total operating expenses,Operating income,"Other income/(expense), net",Income before provision for income taxes,Provision for income taxes,Net income,Earnings per share basic,Earnings per share diluted,Weighted-average basic,Weighted-average diluted,Cash and cash equivalents,Short-term marketable securities,"Accounts receivable, net",Inventories,Deferred tax assets,Vendor non-trade receivables,Other current assets,Total current assets,Long-term marketable securities,"Property, Plant and Equipment, Net",Goodwill,"Acquired intangible assets, net","Other Assets, Noncurrent",Total assets,accounts payable,Accrued expenses,Deferred revenue,Total current liabilities,Deferred revenue - non-current,deferred tax liabilities,long term taxes payable,Total other non-current liabilities,Total liabilities,Retained Earnings (Accumulated Deficit),Accumulated other comprehensive (loss)/income,Total shareholders equity,Total liabilities and shareholders' equity,"Depreciation, amortization and accretion",Stock-based compensation expense,Deferred income tax expense,"Increase (Decrease) in Accounts receivable, net",Increase (Decrease) in Inventories,Increase (Decrease) in Other Receivables,Increase (Decrease) in Other Operating Assets,Increase (Decrease) in Accounts Payable,Increase (Decrease) in Deferred Revenue,Increase (Decrease) Other liabilities,Cash generated by operating activities,Purchases of marketable securities,Proceeds from maturities of marketable securities,Proceeds from sales of marketable securities,Purchases of other long-term investments,"Business acquisitions, net of cash acquired",Cash payments for capital asset purchases,Payments for acquisition of intangible assets,Payments for (Proceeds from) Other Investing Activities,Cash used in investing activities,Proceeds from issuance of common stock,Excess tax benefits from stock-based compensation,Cash generated/used in financing activities,Increase/(decrease) in cash and cash equivalents,"Cash paid for income taxes, net"
2009-12-31,2608400000.0,,839400000.0,,62900000.0,,679800000.0,,695600000.0,246000000.0,365600000.0,7.54,7.42,48500000.0,49200000.0,697100000.0,,,207800000.0,,,11100000.0,1283100000.0,,793800000.0,900000.0,,40900000.0,2494900000.0,,3100000.0,,479800000.0,,68300000.0,,197200000.0,,1048100000.0,-43200000.0,1728900000.0,2494900000.0,,6600000.0,45700000.0,-21300000.0,-440300000.0,,,,,,681800000.0,,,,,,235700000.0,,2500000.0,-487700000.0,,4600000.0,-123900000.0,72100000.0,
2010-03-31,502400000.0,,129000000.0,,16200000.0,,-26500000.0,,1700000.0,-4400000.0,-4400000.0,-0.09,-0.09,48600000.0,48600000.0,1010500000.0,,,287200000.0,,,6400000.0,1549800000.0,,789700000.0,900000.0,,73900000.0,2633100000.0,,16700000.0,,633300000.0,,56000000.0,,199900000.0,,1038900000.0,-54200000.0,1711200000.0,2633100000.0,,1800000.0,100000.0,26400000.0,78800000.0,,,,,,47500000.0,,,,,,29000000.0,,-200000.0,302200000.0,,400000.0,-36200000.0,313400000.0,
2010-06-30,1810300000.0,,525800000.0,,44500000.0,,350400000.0,,223400000.0,89900000.0,105100000.0,1.73,1.71,67400000.0,68200000.0,601400000.0,,,287300000.0,,,23700000.0,1267400000.0,,3907600000.0,2096400000.0,,219000000.0,8595300000.0,,10700000.0,,580600000.0,,935300000.0,,301700000.0,,1136800000.0,-85300000.0,3771000000.0,8595300000.0,,3800000.0,-6300000.0,44900000.0,-100700000.0,,,,,,46000000.0,,,,,3177800000.0,104300000.0,,-30200000.0,-2885700000.0,,600000.0,2744000000.0,-95700000.0,
2010-09-30,2727400000.0,,695600000.0,,73300000.0,,460700000.0,,302700000.0,104400000.0,148900000.0,2.38,2.35,71100000.0,71900000.0,648400000.0,,,271100000.0,,,22100000.0,1199000000.0,,3928800000.0,2096400000.0,,242200000.0,8617500000.0,,31200000.0,,725300000.0,,1031600000.0,,303100000.0,,1177600000.0,-36100000.0,3863700000.0,8617500000.0,,5800000.0,41500000.0,-77600000.0,-76300000.0,,,,,,634000000.0,,,,,3177800000.0,188500000.0,,-31000000.0,-2965200000.0,,1200000.0,2282200000.0,-48700000.0,
2010-12-31,3965000000.0,,1179500000.0,,106100000.0,,895700000.0,,687700000.0,273700000.0,349200000.0,5.4,5.34,64700000.0,65400000.0,797700000.0,,,270300000.0,,,31400000.0,1341400000.0,,3925600000.0,2085700000.0,,230900000.0,8758500000.0,,10200000.0,,946600000.0,,1081200000.0,,343200000.0,,1370800000.0,-53300000.0,4050400000.0,8758500000.0,,8300000.0,88600000.0,-70600000.0,-79800000.0,,,,,,1194400000.0,,,,,3177800000.0,258100000.0,,-31000000.0,-3070200000.0,1150000000.0,5800000.0,1977000000.0,100600000.0,
2011-03-31,1174000000.0,,525000000.0,,31000000.0,2100000.0,534400000.0,,482900000.0,158800000.0,282000000.0,3.95,3.91,71300000.0,72100000.0,1134100000.0,,,395200000.0,,,16000000.0,1808800000.0,,3924100000.0,2064500000.0,,213100000.0,9189900000.0,,2700000.0,,1383900000.0,,1053200000.0,,348200000.0,,1645700000.0,-26800000.0,4363100000.0,9189900000.0,,2400000.0,16600000.0,18300000.0,123400000.0,,,,,,671200000.0,,,,,,54900000.0,,-31300000.0,16100000.0,,6000000.0,-350500000.0,336400000.0,
2011-06-30,2975700000.0,,1392400000.0,,62700000.0,,1379100000.0,,1297900000.0,439800000.0,769400000.0,10.77,10.66,71600000.0,72200000.0,1355600000.0,,,277000000.0,,,20100000.0,2080400000.0,,3869500000.0,2064500000.0,,225300000.0,9420000000.0,,19300000.0,,1094600000.0,,1030500000.0,,350100000.0,,2125900000.0,-22200000.0,4868500000.0,9420000000.0,,5100000.0,25800000.0,178700000.0,3900000.0,,,,,,922100000.0,,,,,,105500000.0,,-31300000.0,-2100000.0,,18600000.0,-361700000.0,557900000.0,
2011-09-30,4379500000.0,,2030400000.0,,93200000.0,,1961400000.0,,1848500000.0,624700000.0,1100300000.0,15.55,15.41,70700000.0,71400000.0,1426100000.0,,,341600000.0,,,21600000.0,2057900000.0,,3739300000.0,2064500000.0,,232100000.0,9245800000.0,,27700000.0,,1502500000.0,,1029400000.0,,351100000.0,,2428200000.0,-67400000.0,4262800000.0,9245800000.0,,8000000.0,16400000.0,33700000.0,75100000.0,,,,,,1955100000.0,,,,,,169200000.0,,-31200000.0,-49800000.0,,25700000.0,-1279200000.0,628400000.0,
2011-12-31,6097900000.0,,2895600000.0,,130000000.0,,2790500000.0,,2645600000.0,926500000.0,1539200000.0,22.18,21.98,69400000.0,70000000.0,1207000000.0,,,304200000.0,-1046900000.0,,18000000.0,1798600000.0,,3736000000.0,2064500000.0,,230500000.0,8974500000.0,99500000.0,78000000.0,,1031200000.0,,956800000.0,74800000.0,435800000.0,,2841000000.0,-99300000.0,4547000000.0,8974500000.0,,10600000.0,-32900000.0,35500000.0,38500000.0,,,,,,2078900000.0,,,,,,247200000.0,,-31200000.0,-173800000.0,,47200000.0,-1499400000.0,,819200000.0
2012-03-31,1527600000.0,,711800000.0,,33800000.0,,671200000.0,,640800000.0,206800000.0,368400000.0,5.62,5.54,65500000.0,66500000.0,1713300000.0,,,265500000.0,,,14700000.0,2458400000.0,,3712500000.0,2064500000.0,,228100000.0,9616900000.0,,131800000.0,,1250500000.0,,948200000.0,,439400000.0,,3183200000.0,-72000000.0,4931900000.0,9616900000.0,,3200000.0,,191700000.0,-43500000.0,,,,,,603200000.0,,,,,,64300000.0,,,-62600000.0,,9400000.0,-34200000.0,,
2012-06-30,3263200000.0,,1755100000.0,,75100000.0,,1676200000.0,,1601100000.0,516000000.0,,15.01,14.81,64900000.0,65800000.0,1383000000.0,,,229600000.0,,,23900000.0,1996700000.0,,3700800000.0,2064500000.0,,209500000.0,9118900000.0,,52900000.0,,555300000.0,,1017300000.0,,441300000.0,,2637500000.0,-75200000.0,5019400000.0,9118900000.0,,5600000.0,,89600000.0,-76400000.0,,,,,,1048700000.0,,,,,,157800000.0,,,-136800000.0,,15400000.0,-737800000.0,,
2012-09-30,4622600000.0,,2457100000.0,,111600000.0,,2343300000.0,,2241300000.0,722000000.0,,21.47,21.19,64200000.0,65000000.0,2221300000.0,,,310000000.0,,,24900000.0,3015200000.0,,3721800000.0,2064500000.0,,241700000.0,10182700000.0,,54100000.0,,1193600000.0,,1019100000.0,,386900000.0,,3015700000.0,-37900000.0,5457300000.0,10182700000.0,318700000.0,8800000.0,32800000.0,67800000.0,-3200000.0,,,,,,1954300000.0,,,,,,261400000.0,,,-221000000.0,,30000000.0,-720100000.0,,
2012-12-31,6104000000.0,,3113300000.0,,151800000.0,,2959400000.0,,2829500000.0,964200000.0,,28.94,28.59,63900000.0,64700000.0,2274900000.0,,,277900000.0,-929300000.0,,27900000.0,2807600000.0,,3900500000.0,2064500000.0,,257900000.0,10166900000.0,117300000.0,5600000.0,,950200000.0,,938800000.0,38500000.0,395700000.0,,3461100000.0,-49600000.0,5902200000.0,10166900000.0,419800000.0,11900000.0,-138400000.0,-53200000.0,-34800000.0,,,,,,2375600000.0,,,,,,523500000.0,,,-513500000.0,,36100000.0,-796800000.0,,1073700000.0
2013-03-31,1336500000.0,,675100000.0,,44300000.0,,627800000.0,,536100000.0,107400000.0,,6.53,6.47,62300000.0,62800000.0,2210300000.0,,,385800000.0,38500000.0,,30400000.0,2907700000.0,,3938100000.0,2064500000.0,,321500000.0,10338400000.0,,4600000.0,,1285300000.0,,885200000.0,,450200000.0,,3842400000.0,-110100000.0,5732300000.0,10338400000.0,107100000.0,3200000.0,-66700000.0,25400000.0,109800000.0,,,,,,678700000.0,,,,,,152800000.0,,1900000.0,-196700000.0,,9000000.0,-528400000.0,,
2013-06-30,3051400000.0,,1540300000.0,,88800000.0,,1461500000.0,,1338800000.0,390300000.0,,14.91,14.8,60700000.0,61100000.0,1934100000.0,,,321000000.0,44900000.0,,26500000.0,2719500000.0,,4086500000.0,2064500000.0,,281700000.0,10251600000.0,,3600000.0,,577100000.0,,783200000.0,,449900000.0,,3673100000.0,-115300000.0,4978600000.0,10251600000.0,213700000.0,6200000.0,-44300000.0,55600000.0,43900000.0,,,,,,568300000.0,,,,,,402500000.0,,2300000.0,-465900000.0,,9600000.0,-429800000.0,,
2013-09-30,4148400000.0,,1926400000.0,,121000000.0,,1846900000.0,,1684500000.0,499300000.0,,19.12,19.01,59600000.0,59900000.0,2286200000.0,,,357400000.0,44100000.0,,37900000.0,3059700000.0,,4250000000.0,2064500000.0,,292200000.0,10799000000.0,,9100000.0,,912900000.0,,870100000.0,,456000000.0,,3880600000.0,-72600000.0,5105900000.0,10799000000.0,313800000.0,9500000.0,35800000.0,-44600000.0,86300000.0,,,,,,1429300000.0,,,,,,632900000.0,,4300000.0,-730900000.0,,11400000.0,-665300000.0,,
2013-12-31,5474700000.0,,2520200000.0,,166000000.0,,2411700000.0,,2209700000.0,686500000.0,,24.87,24.74,58900000.0,59200000.0,1710800000.0,,,274300000.0,-773200000.0,,92400000.0,2630100000.0,,4101700000.0,2095800000.0,,245500000.0,10678100000.0,169000000.0,43500000.0,,828300000.0,,833200000.0,81800000.0,325600000.0,,3725600000.0,-42600000.0,5076100000.0,10678100000.0,410600000.0,12600000.0,-34300000.0,-400000.0,80300000.0,,,,,,1466800000.0,,,,,,823800000.0,,-7800000.0,-1019300000.0,,13500000.0,-980300000.0,,847400000.0
2014-03-31,1132600000.0,,442800000.0,,41700000.0,,1169800000.0,,1130100000.0,413200000.0,,12.94,12.9,54800000.0,54900000.0,3530200000.0,,,384400000.0,44600000.0,,82900000.0,4911100000.0,,4281900000.0,2094600000.0,,254400000.0,12475500000.0,,17600000.0,,1435700000.0,,821000000.0,,318200000.0,,4378900000.0,-52000000.0,4943700000.0,12475500000.0,105300000.0,3800000.0,17100000.0,-32200000.0,112300000.0,,,,,,750000000.0,,,,,,392400000.0,,-5800000.0,469000000.0,,4500000.0,602800000.0,,
2014-06-30,2605300000.0,,1033100000.0,,81200000.0,,1701100000.0,,1610300000.0,570400000.0,,19.31,19.24,52900000.0,53100000.0,2194100000.0,,,205000000.0,52500000.0,,50800000.0,3405700000.0,,4605100000.0,2095700000.0,,255400000.0,11304900000.0,,17700000.0,,720300000.0,,829800000.0,,317300000.0,,3622400000.0,-22400000.0,4482300000.0,11304900000.0,203100000.0,10000000.0,1100000.0,12100000.0,-64000000.0,,,,,,555300000.0,,,,,,685000000.0,,-16800000.0,200300000.0,,5200000.0,-271800000.0,,
2014-09-30,3526700000.0,,1334200000.0,,119400000.0,,1947700000.0,,1810800000.0,640900000.0,,22.23,22.16,51800000.0,52000000.0,2651200000.0,,,254800000.0,39800000.0,,46900000.0,3338700000.0,,5050200000.0,2094000000.0,,251700000.0,11659800000.0,,23300000.0,,1048800000.0,,814300000.0,,349000000.0,,3679100000.0,-72400000.0,4497100000.0,11659800000.0,298500000.0,13600000.0,15600000.0,-97100000.0,-13600000.0,,,,,,1176900000.0,,,,,,1272700000.0,,-17400000.0,121900000.0,,8700000.0,-354500000.0,,
2014-12-31,4743200000.0,,1778500000.0,,151900000.0,,2366500000.0,,2187300000.0,773000000.0,,27.16,27.08,51200000.0,51300000.0,1996600000.0,,,202900000.0,-734600000.0,,18600000.0,2614500000.0,,5525800000.0,2092800000.0,,243600000.0,11338200000.0,65800000.0,48400000.0,,979700000.0,,818600000.0,95800000.0,374900000.0,,3175300000.0,-159800000.0,4209700000.0,11338200000.0,392500000.0,16600000.0,18500000.0,-36100000.0,-63800000.0,,,,,,1408600000.0,,,,,,1808500000.0,,-9000000.0,-343500000.0,,8700000.0,-775100000.0,,781200000.0
2015-03-31,953600000.0,,415800000.0,,40100000.0,,367200000.0,,333700000.0,112700000.0,,4.81,4.79,47900000.0,48100000.0,1778800000.0,,,267700000.0,55100000.0,,20000000.0,2379700000.0,,5925000000.0,2090400000.0,,236700000.0,11485300000.0,,43500000.0,,1311300000.0,,783000000.0,,380000000.0,,3334100000.0,-240300000.0,4061900000.0,11485300000.0,115400000.0,3900000.0,300000.0,-24100000.0,68000000.0,,,,,,530900000.0,,,,,,444800000.0,,10900000.0,-429600000.0,,1500000.0,-314300000.0,,
2015-06-30,2265100000.0,,1101700000.0,,78000000.0,,997500000.0,,934700000.0,313400000.0,,2.45,2.44,237400000.0,238300000.0,809900000.0,,,205300000.0,53800000.0,,33800000.0,1366400000.0,,6465600000.0,2090800000.0,,266900000.0,10998400000.0,,22600000.0,,753500000.0,,776500000.0,,400000000.0,,3080300000.0,-205800000.0,4115900000.0,10998400000.0,219300000.0,8100000.0,-5700000.0,3700000.0,8000000.0,,,,,,498800000.0,,,,,,1031900000.0,,22400000.0,-1001400000.0,,1800000.0,-679500000.0,,
2015-09-30,3192500000.0,,1266700000.0,,119600000.0,,1056000000.0,,959300000.0,333500000.0,,2.85,2.84,236000000.0,236900000.0,943200000.0,,,329800000.0,67800000.0,,34600000.0,1764200000.0,,7939600000.0,2407200000.0,,399000000.0,12869800000.0,,62100000.0,,1273600000.0,,909500000.0,,626600000.0,,3101300000.0,-213600000.0,4112000000.0,12869800000.0,348000000.0,13300000.0,-6300000.0,-15000000.0,71800000.0,,,,,,1071500000.0,,,,,553900000.0,1791300000.0,,35800000.0,-2298900000.0,,2400000.0,181700000.0,,
2015-12-31,4308300000.0,,1547100000.0,,169800000.0,,1193100000.0,,1057600000.0,395800000.0,,2.97,2.96,235300000.0,236100000.0,286000000.0,,,321200000.0,339400000.0,,45300000.0,1127100000.0,,8539000000.0,2390100000.0,,384900000.0,12738900000.0,96600000.0,130500000.0,,1215200000.0,,916200000.0,117900000.0,627600000.0,,3057900000.0,-249800000.0,4035200000.0,12738900000.0,479600000.0,16800000.0,79100000.0,4800000.0,71000000.0,,,,,,1203700000.0,,,,,551600000.0,2469300000.0,,43500000.0,-2975900000.0,,1500000.0,79900000.0,,435100000.0
2016-03-31,1004000000.0,,217000000.0,,45000000.0,,97000000.0,,62000000.0,15000000.0,,0.11,0.11,233200000.0,233500000.0,2689000000.0,,,304000000.0,,,46000000.0,3520000000.0,,9052000000.0,2384000000.0,,327000000.0,15581000000.0,,162000000.0,,1273000000.0,,955000000.0,,620000000.0,,3014000000.0,-202000000.0,4042000000.0,15581000000.0,146000000.0,4000000.0,,-4000000.0,-16000000.0,,,,,,346000000.0,,,,,,676000000.0,,-1000000.0,-662000000.0,,0.0,2717000000.0,,
2016-06-30,2138000000.0,,744000000.0,,97000000.0,,335000000.0,,240000000.0,110000000.0,,0.31,0.31,233300000.0,233500000.0,2008000000.0,,,231000000.0,,,34000000.0,3374000000.0,,9413000000.0,2363000000.0,,323000000.0,15762000000.0,,17000000.0,,773000000.0,,1787000000.0,,497000000.0,,2991000000.0,-243000000.0,3984000000.0,15762000000.0,327000000.0,9000000.0,,-24000000.0,-81000000.0,,,,,,446000000.0,,,,,,1379000000.0,,-3000000.0,-1358000000.0,,0.0,2635000000.0,,
2016-09-30,2818000000.0,,746000000.0,,141000000.0,,234000000.0,,-131000000.0,-131000000.0,,0.19,0.19,233200000.0,233500000.0,1554000000.0,,,312000000.0,,,21000000.0,2931000000.0,,9725000000.0,2359000000.0,,330000000.0,15632000000.0,,36000000.0,,966000000.0,,1642000000.0,,504000000.0,,2892000000.0,-273000000.0,3860000000.0,15632000000.0,475000000.0,15000000.0,,-55000000.0,4000000.0,,,,,,591000000.0,,,,,0.0,1819000000.0,,-4000000.0,-1791000000.0,,0.0,2469000000.0,,
2016-12-31,3685000000.0,,840000000.0,,174000000.0,,134000000.0,,-226000000.0,-68000000.0,,-1.19,-1.19,233100000.0,233100000.0,1164000000.0,,,339000000.0,332000000.0,,70000000.0,2655000000.0,,9652000000.0,2345000000.0,,340000000.0,15131000000.0,81000000.0,5000000.0,,686000000.0,,1630000000.0,103000000.0,545000000.0,,2365000000.0,-398000000.0,3348000000.0,15131000000.0,678000000.0,19000000.0,739000000.0,-18000000.0,7000000.0,,,,,,617000000.0,,,,,0.0,2211000000.0,,-2000000.0,-2177000000.0,,0.0,2439000000.0,878000000.0,-110000000.0
2017-03-31,1037000000.0,,106000000.0,,46000000.0,,57000000.0,,-22000000.0,-13000000.0,,-0.1,-0.1,233100000.0,233100000.0,1312000000.0,,,364000000.0,,,29000000.0,2805000000.0,,9552000000.0,2350000000.0,,337000000.0,15185000000.0,,12000000.0,,853000000.0,,1616000000.0,,553000000.0,,2272000000.0,-378000000.0,3279000000.0,15185000000.0,205000000.0,4000000.0,,9000000.0,15000000.0,,,,,,356000000.0,,,,,,94000000.0,,0.0,-85000000.0,,,-124000000.0,148000000.0,
2017-06-30,2161000000.0,,278000000.0,,95000000.0,,164000000.0,,29000000.0,-8000000.0,,-0.09,-0.09,233500000.0,233700000.0,2001000000.0,,,325000000.0,,,29000000.0,2675000000.0,,9441000000.0,2360000000.0,,340000000.0,14936000000.0,,23000000.0,,1441000000.0,,1632000000.0,,487000000.0,,2205000000.0,-325000000.0,3270000000.0,14936000000.0,422000000.0,8000000.0,,35000000.0,-10000000.0,,,,,,1187000000.0,,,,,,185000000.0,,0.0,-157000000.0,,,-199000000.0,837000000.0,
2017-09-30,3031000000.0,,287000000.0,,140000000.0,,125000000.0,,-115000000.0,-55000000.0,,-0.46,-0.46,233200000.0,233200000.0,1992000000.0,,,316000000.0,0.0,,22000000.0,2651000000.0,,9372000000.0,2369000000.0,,356000000.0,14857000000.0,,19000000.0,,1551000000.0,,1592000000.0,,486000000.0,,2048000000.0,-275000000.0,3167000000.0,14857000000.0,648000000.0,13000000.0,,29000000.0,-12000000.0,,,,,,1401000000.0,,,,,,290000000.0,,0.0,-251000000.0,,,-335000000.0,828000000.0,
2017-12-31,4130000000.0,,430000000.0,,192000000.0,,229000000.0,,-125000000.0,-575000000.0,,1.53,1.53,233500000.0,233900000.0,835000000.0,,,275000000.0,396000000.0,,15000000.0,1465000000.0,,9175000000.0,2371000000.0,,344000000.0,13463000000.0,99000000.0,17000000.0,,580000000.0,,1047000000.0,93000000.0,460000000.0,,2443000000.0,-263000000.0,3579000000.0,13463000000.0,883000000.0,17000000.0,-54000000.0,57000000.0,-40000000.0,,,,,,1631000000.0,,,,,0.0,473000000.0,,-1000000.0,-408000000.0,,0.0,-1564000000.0,-329000000.0,-807000000.0
2018-03-31,957000000.0,,190000000.0,,57000000.0,,161000000.0,,105000000.0,17000000.0,,0.27,0.27,233900000.0,234800000.0,936000000.0,,,401000000.0,,,21000000.0,1660000000.0,,9031000000.0,2381000000.0,,350000000.0,13522000000.0,,15000000.0,,626000000.0,,1076000000.0,,462000000.0,,2436000000.0,-248000000.0,3594000000.0,13522000000.0,193000000.0,6000000.0,,-61000000.0,97000000.0,,,,,,282000000.0,,,,,,68000000.0,,-1000000.0,-55000000.0,,-1000000.0,-127000000.0,101000000.0,
2018-06-30,2257000000.0,,502000000.0,,110000000.0,,435000000.0,,323000000.0,61000000.0,,0.9,0.9,234000000.0,234900000.0,728000000.0,,,257000000.0,,,24000000.0,1348000000.0,,8841000000.0,2364000000.0,,340000000.0,12987000000.0,,9000000.0,,482000000.0,,1051000000.0,,437000000.0,,2514000000.0,-309000000.0,3556000000.0,12987000000.0,434000000.0,11000000.0,,34000000.0,-21000000.0,,,,,,598000000.0,,,,,,145000000.0,,-1000000.0,-118000000.0,,-1000000.0,-583000000.0,-107000000.0,
2018-09-30,3297000000.0,2622000000.0,675000000.0,,163000000.0,,571000000.0,,406000000.0,73000000.0,,1.03,1.03,233800000.0,235200000.0,1022000000.0,,,264000000.0,,,21000000.0,1597000000.0,,8772000000.0,2361000000.0,,330000000.0,13156000000.0,,8000000.0,,788000000.0,,1087000000.0,,421000000.0,,2474000000.0,-308000000.0,3436000000.0,13156000000.0,667000000.0,17000000.0,,-31000000.0,3000000.0,,,,,,1243000000.0,,,,,,278000000.0,,-1000000.0,-238000000.0,,-1000000.0,-814000000.0,187000000.0,
2018-12-31,4429000000.0,3512000000.0,917000000.0,,214000000.0,,766000000.0,,547000000.0,119000000.0,,1.25,1.24,232600000.0,233800000.0,682000000.0,,,309000000.0,309000000.0,,20000000.0,1274000000.0,,8623000000.0,2353000000.0,,318000000.0,12661000000.0,101000000.0,6000000.0,,705000000.0,,1117000000.0,96000000.0,410000000.0,,2463000000.0,-371000000.0,2958000000.0,12661000000.0,888000000.0,22000000.0,78000000.0,-68000000.0,52000000.0,,,,,,1497000000.0,,,,,,422000000.0,,-1000000.0,-375000000.0,,-4000000.0,-1270000000.0,-153000000.0,7000000.0
2019-03-31,1001000000.0,781000000.0,220000000.0,,58000000.0,,165000000.0,,110000000.0,-8000000.0,,0.4,0.4,223400000.0,224600000.0,671000000.0,,,446000000.0,,,30000000.0,1412000000.0,,8471000000.0,2360000000.0,,314000000.0,12942000000.0,,5000000.0,,826000000.0,,1135000000.0,,408000000.0,,2047000000.0,-341000000.0,2955000000.0,12942000000.0,188000000.0,6000000.0,,28000000.0,101000000.0,,,,,,306000000.0,,,,,,80000000.0,,0.0,-75000000.0,,-4000000.0,-242000000.0,-11000000.0,
2019-06-30,2503000000.0,1784000000.0,719000000.0,,120000000.0,,640000000.0,,532000000.0,102000000.0,,1.68,1.67,222200000.0,223400000.0,858000000.0,,,290000000.0,,,26000000.0,1488000000.0,,8336000000.0,2353000000.0,,304000000.0,12863000000.0,,5000000.0,,1042000000.0,,1207000000.0,,396000000.0,,2111000000.0,-344000000.0,3066000000.0,12863000000.0,440000000.0,17000000.0,,78000000.0,-21000000.0,,,,,,693000000.0,,,,,,154000000.0,,0.0,-91000000.0,,-4000000.0,-426000000.0,176000000.0,
2019-09-30,3541000000.0,2594000000.0,947000000.0,,176000000.0,,828000000.0,,665000000.0,113000000.0,,1.98,1.97,221200000.0,222500000.0,1019000000.0,,,296000000.0,,,26000000.0,1669000000.0,,8247000000.0,2344000000.0,,291000000.0,12902000000.0,,9000000.0,,1245000000.0,,1235000000.0,,356000000.0,,2109000000.0,-374000000.0,2980000000.0,12902000000.0,663000000.0,24000000.0,,79000000.0,-17000000.0,,,,,,1203000000.0,,,,,,297000000.0,,0.0,-211000000.0,,-4000000.0,-653000000.0,337000000.0,
2019-12-31,4590000000.0,3416000000.0,1174000000.0,,239000000.0,,1003000000.0,,772000000.0,126000000.0,,2.24,2.23,220200000.0,221600000.0,287000000.0,,,351000000.0,318000000.0,,23000000.0,974000000.0,,8170000000.0,2365000000.0,,295000000.0,12172000000.0,78000000.0,18000000.0,,665000000.0,,1246000000.0,147000000.0,474000000.0,,1958000000.0,-366000000.0,2897000000.0,12172000000.0,875000000.0,28000000.0,149000000.0,6000000.0,26000000.0,,,,,,1505000000.0,,,,,,404000000.0,,0.0,-319000000.0,,-4000000.0,-1583000000.0,-395000000.0,-41000000.0
2020-03-31,971000000.0,767000000.0,204000000.0,,54000000.0,,147000000.0,,104000000.0,13000000.0,,0.31,0.31,216000000.0,216600000.0,,,,379000000.0,,,19000000.0,1480000000.0,,7938000000.0,2346000000.0,,299000000.0,12441000000.0,,5000000.0,,1235000000.0,,,,431000000.0,,1961000000.0,-440000000.0,2728000000.0,12441000000.0,211000000.0,7000000.0,,12000000.0,29000000.0,,,,120000000.0,,292000000.0,,,,,,67000000.0,,,-65000000.0,,-8000000.0,242000000.0,466000000.0,
2020-06-30,2175000000.0,1637000000.0,538000000.0,,105000000.0,,427000000.0,,355000000.0,46000000.0,,1.2,1.2,215200000.0,215600000.0,,,,273000000.0,,,30000000.0,1136000000.0,,7791000000.0,2346000000.0,,304000000.0,11950000000.0,,17000000.0,,615000000.0,,,,434000000.0,,1997000000.0,-426000000.0,2873000000.0,11950000000.0,450000000.0,13000000.0,,11000000.0,-51000000.0,,,,-110000000.0,,718000000.0,,,,,,119000000.0,,,-117000000.0,,-9000000.0,-323000000.0,276000000.0,
2020-09-30,3022000000.0,2401000000.0,621000000.0,,154000000.0,,467000000.0,,346000000.0,33000000.0,,1.07,1.07,215000000.0,215300000.0,,,,298000000.0,,,33000000.0,1171000000.0,,7724000000.0,2357000000.0,,309000000.0,11931000000.0,,18000000.0,,681000000.0,,,,419000000.0,,1905000000.0,-388000000.0,2826000000.0,11931000000.0,662000000.0,20000000.0,,-7000000.0,-29000000.0,,,,25000000.0,,941000000.0,,,,,,206000000.0,,,-201000000.0,,-10000000.0,-473000000.0,266000000.0,
2020-12-31,4124000000.0,3323000000.0,801000000.0,,206000000.0,,623000000.0,,463000000.0,31000000.0,,1.48,1.47,214900000.0,215200000.0,,,,287000000.0,259000000.0,,35000000.0,1367000000.0,,7632000000.0,2374000000.0,,311000000.0,12023000000.0,85000000.0,15000000.0,,906000000.0,,,155000000.0,444000000.0,,1927000000.0,-320000000.0,2922000000.0,12023000000.0,892000000.0,25000000.0,-74000000.0,19000000.0,-27000000.0,,,,11000000.0,,1231000000.0,,,,,,309000000.0,,0.0,-299000000.0,,-10000000.0,-542000000.0,396000000.0,111000000.0
2021-03-31,1048000000.0,759000000.0,289000000.0,,55000000.0,,247000000.0,,193000000.0,18000000.0,,0.7,0.7,214900000.0,216000000.0,,,,379000000.0,,,24000000.0,1489000000.0,,7492000000.0,2377000000.0,,313000000.0,12011000000.0,,6000000.0,,891000000.0,,,,396000000.0,,2013000000.0,-305000000.0,3029000000.0,12011000000.0,204000000.0,8000000.0,,7000000.0,88000000.0,,,,211000000.0,,578000000.0,,,,,,71000000.0,,,-71000000.0,,-10000000.0,-387000000.0,121000000.0,
2021-06-30,2636000000.0,1844000000.0,792000000.0,,115000000.0,,697000000.0,,595000000.0,103000000.0,,1.84,1.83,215500000.0,216600000.0,,,,290000000.0,,,33000000.0,1569000000.0,,7437000000.0,2378000000.0,,313000000.0,12007000000.0,,6000000.0,,643000000.0,,,,387000000.0,,2183000000.0,-296000000.0,3246000000.0,12007000000.0,447000000.0,16000000.0,,137000000.0,9000000.0,,,,-121000000.0,,706000000.0,,,,,,181000000.0,,1000000.0,-182000000.0,,-10000000.0,-433000000.0,94000000.0,
2021-09-30,3998000000.0,2766000000.0,1232000000.0,,167000000.0,,600000000.0,,458000000.0,57000000.0,,0.99,0.98,215300000.0,216400000.0,,,,418000000.0,,,52000000.0,1814000000.0,,7210000000.0,2116000000.0,,273000000.0,11766000000.0,,9000000.0,,1015000000.0,,,,337000000.0,,1933000000.0,-316000000.0,2938000000.0,11766000000.0,650000000.0,23000000.0,,115000000.0,120000000.0,,,,245000000.0,,1393000000.0,,,,,,382000000.0,,1000000.0,-383000000.0,,-11000000.0,-936000000.0,74000000.0,
2021-12-31,6538000000.0,4151000000.0,2387000000.0,,223000000.0,,1729000000.0,,1543000000.0,283000000.0,,4.27,4.24,215000000.0,216200000.0,,,,408000000.0,195000000.0,,56000000.0,2593000000.0,,7081000000.0,2091000000.0,,285000000.0,12375000000.0,110000000.0,54000000.0,,1432000000.0,,,62000000.0,251000000.0,,2088000000.0,-257000000.0,3206000000.0,12375000000.0,888000000.0,30000000.0,-196000000.0,235000000.0,123000000.0,,,,570000000.0,,2873000000.0,,,,,,514000000.0,,,-466000000.0,,-11000000.0,-1463000000.0,945000000.0,430000000.0
2022-03-31,2868000000.0,1170000000.0,1698000000.0,,64000000.0,,1658000000.0,,1452000000.0,401000000.0,,4.23,4.21,208600000.0,209900000.0,,,,488000000.0,,,42000000.0,3826000000.0,,6906000000.0,2091000000.0,,639000000.0,13782000000.0,,6000000.0,,2228000000.0,,,,658000000.0,,2907000000.0,-266000000.0,4002000000.0,13782000000.0,208000000.0,10000000.0,,185000000.0,66000000.0,,,,-102000000.0,,1391000000.0,,,,,,63000000.0,,,-62000000.0,,,-339000000.0,989000000.0,
2022-06-30,6257000000.0,2568000000.0,3689000000.0,,137000000.0,,3436000000.0,,3150000000.0,758000000.0,,9.83,9.78,208400000.0,209400000.0,,,,497000000.0,,,75000000.0,3738000000.0,,6622000000.0,2090000000.0,,667000000.0,13423000000.0,,29000000.0,,1097000000.0,,,,676000000.0,,3729000000.0,-285000000.0,4589000000.0,13423000000.0,431000000.0,22000000.0,,239000000.0,99000000.0,,,,-628000000.0,,2280000000.0,,,,,,129000000.0,,0.0,-121000000.0,,,-1404000000.0,742000000.0,
2022-09-30,8578000000.0,3973000000.0,4605000000.0,,203000000.0,,4186000000.0,,3841000000.0,913000000.0,,12.09,12.04,205600000.0,206500000.0,,,,500000000.0,,,88000000.0,3680000000.0,,6500000000.0,2088000000.0,,652000000.0,13280000000.0,,38000000.0,,1381000000.0,,,,642000000.0,,4087000000.0,-270000000.0,4444000000.0,13280000000.0,652000000.0,32000000.0,,245000000.0,131000000.0,,,,-188000000.0,,3270000000.0,,,,,,319000000.0,,0.0,-308000000.0,,,-2370000000.0,564000000.0,
2022-12-31,11186000000.0,5325000000.0,5861000000.0,,290000000.0,,5397000000.0,,5095000000.0,1158000000.0,,16.45,16.38,203300000.0,204200000.0,,,,474000000.0,133000000.0,,79000000.0,3673000000.0,,6437000000.0,2089000000.0,,786000000.0,13313000000.0,63000000.0,95000000.0,,995000000.0,,,267000000.0,375000000.0,,3867000000.0,-230000000.0,5051000000.0,13313000000.0,850000000.0,41000000.0,-107000000.0,110000000.0,93000000.0,,,,-471000000.0,,3855000000.0,,,,,,453000000.0,,,-440000000.0,,,-2700000000.0,695000000.0,1776000000.0
2023-03-31,2012000000.0,1149000000.0,863000000.0,,74000000.0,,826000000.0,,819000000.0,169000000.0,,2.86,2.85,196200000.0,196900000.0,,,,430000000.0,,,42000000.0,3848000000.0,,6294000000.0,2089000000.0,,798000000.0,13398000000.0,,12000000.0,,862000000.0,,,,365000000.0,,4348000000.0,-224000000.0,5453000000.0,13398000000.0,206000000.0,12000000.0,,-101000000.0,-39000000.0,,,,55000000.0,,947000000.0,,,,,,69000000.0,,,-34000000.0,,,-410000000.0,502000000.0,
2023-06-30,3787000000.0,2120000000.0,1667000000.0,,145000000.0,,1560000000.0,,1560000000.0,303000000.0,,5.56,5.55,195400000.0,195900000.0,,,,319000000.0,,,65000000.0,4072000000.0,,6218000000.0,2089000000.0,,808000000.0,13537000000.0,,15000000.0,,622000000.0,,,,341000000.0,,4797000000.0,-199000000.0,5804000000.0,13537000000.0,427000000.0,19000000.0,,-198000000.0,-140000000.0,,,,-220000000.0,,1659000000.0,,,,,,164000000.0,,,-127000000.0,,,-639000000.0,896000000.0,
2023-09-30,5060000000.0,3016000000.0,2044000000.0,,213000000.0,,1804000000.0,,1812000000.0,326000000.0,,6.44,6.42,194400000.0,194900000.0,,,,318000000.0,,,54000000.0,4190000000.0,,6156000000.0,2089000000.0,,799000000.0,13543000000.0,,26000000.0,,926000000.0,,,,288000000.0,,4681000000.0,-225000000.0,5723000000.0,13543000000.0,640000000.0,29000000.0,,-165000000.0,-130000000.0,,,,53000000.0,,2277000000.0,,,,,,311000000.0,,,-271000000.0,,,-1070000000.0,931000000.0,
2023-12-31,6631000000.0,4086000000.0,2545000000.0,,289000000.0,,2230000000.0,,2248000000.0,410000000.0,,7.89,7.87,193300000.0,193800000.0,,,,299000000.0,176000000.0,,47000000.0,3050000000.0,,7141000000.0,2495000000.0,538000000.0,867000000.0,14376000000.0,114000000.0,42000000.0,,800000000.0,,,247000000.0,314000000.0,,4535000000.0,-209000000.0,5717000000.0,14376000000.0,869000000.0,37000000.0,81000000.0,-100000000.0,-152000000.0,,,,-100000000.0,,2757000000.0,,,,,1223000000.0,499000000.0,,-5000000.0,-1679000000.0,,,-1372000000.0,-291000000.0,373000000.0
2024-03-31,1470000000.0,1061000000.0,409000000.0,,88000000.0,,303000000.0,,300000000.0,62000000.0,,1.03,1.03,187600000.0,188100000.0,,,535000000.0,271000000.0,,,38000000.0,2719000000.0,,6982000000.0,2495000000.0,532000000.0,864000000.0,13861000000.0,,8000000.0,,690000000.0,,,,303000000.0,,4634000000.0,-225000000.0,5440000000.0,13861000000.0,253000000.0,13000000.0,,50000000.0,-20000000.0,,,,-25000000.0,,445000000.0,,,,,,98000000.0,,,-100000000.0,,,-602000000.0,-259000000.0,
2024-06-30,3042000000.0,1954000000.0,1088000000.0,,164000000.0,,941000000.0,,929000000.0,185000000.0,,3.31,3.31,185100000.0,185500000.0,,,531000000.0,302000000.0,,,64000000.0,2801000000.0,,6830000000.0,2493000000.0,522000000.0,863000000.0,13775000000.0,,9000000.0,,596000000.0,,,,271000000.0,,4360000000.0,-232000000.0,5460000000.0,13775000000.0,475000000.0,19000000.0,,45000000.0,6000000.0,,,,-122000000.0,,920000000.0,,,,,,182000000.0,,,-134000000.0,,,-998000000.0,-213000000.0,
2024-09-30,4412000000.0,2880000000.0,1532000000.0,,242000000.0,,1305000000.0,,1330000000.0,244000000.0,,4.87,4.86,182900000.0,183100000.0,,,482000000.0,301000000.0,,,57000000.0,2850000000.0,,6816000000.0,2493000000.0,515000000.0,869000000.0,13843000000.0,,14000000.0,,1013000000.0,,,,270000000.0,,4533000000.0,-209000000.0,5194000000.0,13843000000.0,704000000.0,26000000.0,,-2000000.0,9000000.0,,,,218000000.0,,1851000000.0,,,,,,321000000.0,,,-273000000.0,,,-1743000000.0,-155000000.0,
