Date,Net sales,Cost of sales,Gross margin,Research and development,"Selling, general and administrative",Total operating expenses,Operating income,"Other income/(expense), net",Income before provision for income taxes,Provision for income taxes,Net income,Earnings per share basic,Earnings per share diluted,Weighted-average basic,Weighted-average diluted,Cash and cash equivalents,Short-term marketable securities,"Accounts receivable, net",Inventories,Deferred tax assets,Vendor non-trade receivables,Other current assets,Total current assets,Long-term marketable securities,"Property, Plant and Equipment, Net",Goodwill,"Acquired intangible assets, net","Other Assets, Noncurrent",Total assets,accounts payable,Accrued expenses,Deferred revenue,Total current liabilities,Deferred revenue - non-current,deferred tax liabilities,long term taxes payable,Total other non-current liabilities,Total liabilities,Retained Earnings (Accumulated Deficit),Accumulated other comprehensive (loss)/income,Total shareholders equity,Total liabilities and shareholders' equity,"Depreciation, amortization and accretion",Stock-based compensation expense,Deferred income tax expense,"Increase (Decrease) in Accounts receivable, net",Increase (Decrease) in Inventories,Increase (Decrease) in Other Receivables,Increase (Decrease) in Other Operating Assets,Increase (Decrease) in Accounts Payable,Increase (Decrease) in Deferred Revenue,Increase (Decrease) Other liabilities,Cash generated by operating activities,Purchases of marketable securities,Proceeds from maturities of marketable securities,Proceeds from sales of marketable securities,Purchases of other long-term investments,"Business acquisitions, net of cash acquired",Cash payments for capital asset purchases,Payments for acquisition of intangible assets,Payments for (Proceeds from) Other Investing Activities,Cash used in investing activities,Proceeds from issuance of common stock,Excess tax benefits from stock-based compensation,Cash generated/used in financing activities,Increase/(decrease) in cash and cash equivalents,"Cash paid for income taxes, net"
2014-09-30,3800000000.0,,,,,,,,985000000.0,317000000.0,668000000.0,1.19,1.19,559998324.0,560243747.0,2889000000.0,,,,,,,,,541000000.0,6876000000.0,,,131341000000.0,,,,,,,,,111958000000.0,1152000000.0,-435000000.0,,131341000000.0,313000000.0,,31000000.0,,,,2040000000.0,,,2256000000.0,1200000000.0,5642000000.0,2238000000.0,1265000000.0,72000000.0,,48000000.0,,,-7400000000.0,,,6332000000.0,132000000.0,
2014-12-31,4979000000.0,,,,,,,,1268000000.0,403000000.0,865000000.0,1.55,1.55,556674146.0,557724936.0,3276000000.0,,,,936000000.0,,,,,595000000.0,6876000000.0,,,132857000000.0,,,,,,,,,113589000000.0,1294000000.0,-372000000.0,,132857000000.0,386000000.0,,141000000.0,,,,295000000.0,,,239000000.0,1390000000.0,8315000000.0,2999000000.0,3325000000.0,84000000.0,,141000000.0,,,-10274000000.0,,,9403000000.0,519000000.0,
2015-03-31,1183000000.0,,,,,,,,315000000.0,106000000.0,209000000.0,0.38,0.38,546291363.0,549798717.0,5004000000.0,,,,,,,,,584000000.0,6876000000.0,,,136535000000.0,,,,,,,,,116971000000.0,1448000000.0,-240000000.0,,136535000000.0,113000000.0,,14000000.0,,,,136000000.0,,,-101000000.0,98000000.0,2190000000.0,865000000.0,1101000000.0,6000000.0,,18000000.0,,,-1740000000.0,,,3370000000.0,1728000000.0,
2015-06-30,2383000000.0,,,,,,,,597000000.0,198000000.0,399000000.0,0.74,0.73,541986653.0,544804268.0,2869000000.0,,,,,,,,,580000000.0,6876000000.0,,,137251000000.0,,,,,,,,,117665000000.0,1585000000.0,-359000000.0,,137251000000.0,234000000.0,,56000000.0,,,,138000000.0,,,-62000000.0,515000000.0,4089000000.0,1804000000.0,1251000000.0,14000000.0,,43000000.0,,,-4970000000.0,,,4048000000.0,-407000000.0,
2015-09-30,3592000000.0,,,,,,,,932000000.0,313000000.0,619000000.0,1.14,1.13,538279222.0,540926361.0,1756000000.0,,,,,,,,,560000000.0,6876000000.0,,,135447000000.0,,,,,,,,,115847000000.0,1745000000.0,-259000000.0,,135447000000.0,350000000.0,,76000000.0,,,,306000000.0,,,-5000000.0,831000000.0,5418000000.0,2660000000.0,3180000000.0,33000000.0,,54000000.0,,,-4196000000.0,,,1845000000.0,-1520000000.0,
2015-12-31,4824000000.0,,,,,,,,1263000000.0,423000000.0,840000000.0,1.55,1.55,535599731.0,538220898.0,3085000000.0,,,,936000000.0,,,,,595000000.0,6876000000.0,,,138208000000.0,,,,,,,,,118562000000.0,1913000000.0,-387000000.0,,138208000000.0,471000000.0,,249000000.0,,,,467000000.0,,,-161000000.0,1229000000.0,6783000000.0,3420000000.0,3916000000.0,91000000.0,,121000000.0,,,-5905000000.0,,,4485000000.0,-191000000.0,
2016-03-31,1234000000.0,,,,,,,,332000000.0,109000000.0,223000000.0,0.41,0.41,528070648.0,530446188.0,1855000000.0,,,,,,,,,570000000.0,6876000000.0,,,140077000000.0,,,,,,,,,120112000000.0,2076000000.0,-236000000.0,,140077000000.0,112000000.0,,30000000.0,,,,339000000.0,,,265000000.0,374000000.0,706000000.0,709000000.0,217000000.0,37000000.0,,8000000.0,,,-2321000000.0,,,717000000.0,-1230000000.0,
2016-06-30,2512000000.0,,,,,,,,693000000.0,227000000.0,466000000.0,0.87,0.87,528968330.0,530396871.0,3655000000.0,,,,,,,,,551000000.0,6876000000.0,,,145183000000.0,,,,,,,,,124957000000.0,2255000000.0,-159000000.0,20226000000.0,145183000000.0,245000000.0,,94000000.0,,,,450000000.0,,,253000000.0,704000000.0,2355000000.0,1611000000.0,375000000.0,62000000.0,,22000000.0,,,-5637000000.0,,,5503000000.0,570000000.0,
2016-09-30,3892000000.0,,,,,,,,1120000000.0,357000000.0,763000000.0,1.43,1.42,525477273.0,527261384.0,2915000000.0,,,,,,,,,540000000.0,6876000000.0,,,147015000000.0,,,,,,,,,126834000000.0,2483000000.0,-187000000.0,20181000000.0,147015000000.0,387000000.0,,143000000.0,,,,305000000.0,,,62000000.0,1198000000.0,4774000000.0,2658000000.0,785000000.0,84000000.0,,44000000.0,,,-8699000000.0,,,7331000000.0,-170000000.0,
2016-12-31,5255000000.0,,,,,,,,1534000000.0,489000000.0,1045000000.0,1.97,1.97,522093545.0,523930718.0,3704000000.0,,,,1091000000.0,,,,,601000000.0,6876000000.0,,,149520000000.0,,,,,,,,,129773000000.0,2703000000.0,-668000000.0,19747000000.0,149520000000.0,523000000.0,,153000000.0,,,,274000000.0,,,-59000000.0,1490000000.0,7664000000.0,3785000000.0,1966000000.0,166000000.0,,138000000.0,,,-11326000000.0,,,10455000000.0,619000000.0,
2017-03-31,1384000000.0,,,,,,,,434000000.0,114000000.0,320000000.0,0.61,0.61,509451450.0,511348200.0,3993000000.0,,,,,,,,,582000000.0,6876000000.0,,,150285000000.0,,,,,,,,,130438000000.0,2944000000.0,-683000000.0,19847000000.0,150285000000.0,125000000.0,,39000000.0,,,,-282000000.0,,,-179000000.0,853000000.0,1705000000.0,809000000.0,404000000.0,98000000.0,,14000000.0,,,-1143000000.0,,,579000000.0,289000000.0,
2017-06-30,2780000000.0,,,,,,,,896000000.0,258000000.0,638000000.0,1.24,1.24,507903141.0,509362055.0,4167000000.0,,,,,,,,,600000000.0,6887000000.0,,,151407000000.0,,,,,,,,,131343000000.0,3191000000.0,-593000000.0,20064000000.0,151407000000.0,257000000.0,,-20000000.0,,,,-32000000.0,,,-655000000.0,537000000.0,2282000000.0,1670000000.0,407000000.0,243000000.0,,64000000.0,,,-1885000000.0,,,1811000000.0,463000000.0,
2017-09-30,4223000000.0,,,,,,,,1409000000.0,423000000.0,986000000.0,1.92,1.92,505529991.0,507062805.0,2120000000.0,,,,,,,,,618000000.0,6887000000.0,,,151356000000.0,,,,,,,,,131247000000.0,3442000000.0,-581000000.0,20109000000.0,151356000000.0,388000000.0,,-23000000.0,,,,155000000.0,,,-138000000.0,1450000000.0,4088000000.0,2564000000.0,914000000.0,307000000.0,,115000000.0,,,-3924000000.0,,,890000000.0,-1584000000.0,
2017-12-31,5707000000.0,,,,,,,,1912000000.0,260000000.0,1652000000.0,3.26,3.25,502157440.0,503685091.0,3032000000.0,,,,696000000.0,,,,,685000000.0,6887000000.0,,,152336000000.0,,,,,,,,,132066000000.0,4164000000.0,-820000000.0,20270000000.0,152336000000.0,502000000.0,,-136000000.0,,,,502000000.0,,,-119000000.0,1883000000.0,5394000000.0,3470000000.0,1257000000.0,400000000.0,,253000000.0,,,-3984000000.0,,,1429000000.0,-672000000.0,
2018-03-31,1462000000.0,,,,,,,,501000000.0,113000000.0,388000000.0,0.78,0.78,487500618.0,489266826.0,3859000000.0,,,,,,,,,687000000.0,6887000000.0,,,153453000000.0,,,,,,,,,133394000000.0,4437000000.0,-1145000000.0,20059000000.0,153453000000.0,122000000.0,,8000000.0,,,,-331000000.0,,,-255000000.0,704000000.0,1099000000.0,806000000.0,145000000.0,157000000.0,,32000000.0,,,-1118000000.0,,,1241000000.0,827000000.0,
2018-06-30,2971000000.0,,,,,,,,1050000000.0,237000000.0,813000000.0,1.66,1.65,486114872.0,487683216.0,3865000000.0,,,,,,,,,720000000.0,6887000000.0,,,155431000000.0,,,,,,,,,134964000000.0,4755000000.0,-1210000000.0,20467000000.0,155431000000.0,243000000.0,,10000000.0,,,,-283000000.0,,,-109000000.0,1415000000.0,2343000000.0,1636000000.0,273000000.0,334000000.0,,94000000.0,,,-3373000000.0,,,2791000000.0,833000000.0,
2018-09-30,4535000000.0,,,,,,,,1626000000.0,370000000.0,1256000000.0,2.57,2.57,482691884.0,484250843.0,3991000000.0,,,,,,,,,753000000.0,6946000000.0,,,158598000000.0,,,,,,,,,138322000000.0,5062000000.0,-1318000000.0,20276000000.0,158598000000.0,357000000.0,,23000000.0,,,,918000000.0,,,339000000.0,1207000000.0,3084000000.0,2512000000.0,405000000.0,568000000.0,533000000.0,157000000.0,,,-5063000000.0,,,4815000000.0,959000000.0,
2018-12-31,6128000000.0,,,,,,,,2183000000.0,462000000.0,1721000000.0,3.54,3.52,478822072.0,480430741.0,4074000000.0,,,,792000000.0,,,,,791000000.0,6923000000.0,,,160518000000.0,,,,,,,,,139701000000.0,5385000000.0,-1096000000.0,20817000000.0,160518000000.0,489000000.0,,97000000.0,,,,1217000000.0,,,303000000.0,1767000000.0,4270000000.0,3258000000.0,998000000.0,754000000.0,533000000.0,232000000.0,,,-7077000000.0,,,6352000000.0,1042000000.0,
2019-03-31,1588000000.0,,,,,,,,566000000.0,127000000.0,439000000.0,0.92,0.92,460713172.0,462520680.0,,,,,,,,,,746000000.0,7040000000.0,,,161342000000.0,,,,,,,,,139811000000.0,5672000000.0,-793000000.0,21531000000.0,161342000000.0,134000000.0,,-1000000.0,,,,97000000.0,,,-211000000.0,472000000.0,2047000000.0,695000000.0,821000000.0,76000000.0,129000000.0,16000000.0,,,-1471000000.0,,,-639000000.0,-1638000000.0,
2019-06-30,578000000.0,,,,,,,,1146000000.0,254000000.0,892000000.0,1.87,1.86,459426685.0,460857535.0,,,,,,,,,,740000000.0,7040000000.0,,,162749000000.0,,,,,,,,,140732000000.0,5959000000.0,-488000000.0,22017000000.0,162749000000.0,275000000.0,,-10000000.0,,,,236000000.0,,,-79000000.0,577000000.0,3502000000.0,1625000000.0,1250000000.0,258000000.0,129000000.0,41000000.0,,,-1288000000.0,,,-328000000.0,-1039000000.0,
2019-09-30,863000000.0,,,,,,,,1710000000.0,369000000.0,1341000000.0,2.84,2.83,454802186.0,456218755.0,,,,,,,,,,747000000.0,7044000000.0,,,164362000000.0,,,,,,,,,142511000000.0,6229000000.0,-440000000.0,21851000000.0,164362000000.0,440000000.0,,-41000000.0,,,,523000000.0,,,133000000.0,970000000.0,4633000000.0,2728000000.0,1495000000.0,328000000.0,129000000.0,78000000.0,,,-1786000000.0,,,584000000.0,-232000000.0,
2019-12-31,1172000000.0,,,,,,,,2251000000.0,460000000.0,1791000000.0,3.82,3.81,449731453.0,451213701.0,,,,,552000000.0,,,,,761000000.0,7044000000.0,,,165733000000.0,,,,,,,,,143532000000.0,6498000000.0,-411000000.0,22201000000.0,165733000000.0,633000000.0,,64000000.0,,,,856000000.0,,,331000000.0,1697000000.0,8422000000.0,3946000000.0,5016000000.0,511000000.0,129000000.0,126000000.0,,,-3875000000.0,,,1490000000.0,-688000000.0,
2020-03-31,294000000.0,,,,,,,,45000000.0,11000000.0,34000000.0,0.03,0.03,427718421.0,429388855.0,,,,,,,,,,746000000.0,7050000000.0,,,176719000000.0,,,,,,,,,154769000000.0,6011000000.0,85000000.0,21950000000.0,176719000000.0,201000000.0,,-134000000.0,,,,1022000000.0,,,-170000000.0,-1327000000.0,2102000000.0,1010000000.0,0.0,,3000000.0,,,55000000.0,-8768000000.0,,,10767000000.0,672000000.0,
2020-06-30,521000000.0,,,,,,,,352000000.0,65000000.0,287000000.0,0.56,0.55,427165737.0,428292580.0,,,,,,,,,,751000000.0,7050000000.0,,,179874000000.0,,,,,,,,,157456000000.0,6068000000.0,94000000.0,22418000000.0,179874000000.0,310000000.0,,-208000000.0,,,,2454000000.0,,,299000000.0,-1413000000.0,3308000000.0,2521000000.0,0.0,,3000000.0,,,110000000.0,-7599000000.0,,,13072000000.0,4060000000.0,
2020-09-30,779000000.0,,,,,,,,727000000.0,126000000.0,601000000.0,1.23,1.23,427058412.0,428142358.0,,,,,,,,,,747000000.0,7050000000.0,,,179228000000.0,,,,,,,,,156759000000.0,6189000000.0,10000000.0,22469000000.0,179228000000.0,413000000.0,,-251000000.0,,,,2960000000.0,,,569000000.0,-755000000.0,5547000000.0,4583000000.0,48000000.0,,3000000.0,,,78000000.0,-5499000000.0,,,12084000000.0,5830000000.0,
2020-12-31,1080000000.0,,,,,,,,1298000000.0,241000000.0,1057000000.0,2.22,2.22,427062537.0,428157780.0,,,,,800000000.0,,,,,759000000.0,7050000000.0,,,183349000000.0,,,,,,,,,160676000000.0,6445000000.0,-60000000.0,22673000000.0,183349000000.0,567000000.0,,-238000000.0,,,,3979000000.0,,,1001000000.0,111000000.0,9271000000.0,6943000000.0,585000000.0,,3000000.0,,,65000000.0,-6136000000.0,,,15372000000.0,9347000000.0,
2021-03-31,285000000.0,,,,,,,,781000000.0,170000000.0,611000000.0,1.38,1.37,425953716.0,427880530.0,,,,,,,,,,743000000.0,7050000000.0,,,187217000000.0,,,,,,,,,164564000000.0,6866000000.0,-411000000.0,22653000000.0,187217000000.0,152000000.0,,80000000.0,,,,773000000.0,,,-17000000.0,-690000000.0,4256000000.0,2281000000.0,54000000.0,,0.0,,,47000000.0,-1072000000.0,,,3689000000.0,1927000000.0,
2021-06-30,595000000.0,,,,,,,,1612000000.0,353000000.0,1259000000.0,2.83,2.81,425951197.0,427668242.0,,,,,,,,,,735000000.0,7050000000.0,,,185104000000.0,,,,,,,,,161905000000.0,7314000000.0,-381000000.0,23199000000.0,185104000000.0,317000000.0,,199000000.0,,,,2129000000.0,,,247000000.0,-110000000.0,6413000000.0,4321000000.0,104000000.0,,0.0,,,115000000.0,-1703000000.0,,,1721000000.0,-92000000.0,
2021-09-30,902000000.0,,,,,,,,2293000000.0,504000000.0,1789000000.0,4.01,3.99,426086717.0,427840964.0,,,,,,,,,,732000000.0,7065000000.0,,,187007000000.0,,,,,,,,,163584000000.0,7648000000.0,-508000000.0,23423000000.0,187007000000.0,453000000.0,,214000000.0,,,,2393000000.0,,,833000000.0,1170000000.0,8669000000.0,6059000000.0,158000000.0,,14000000.0,,,197000000.0,-2987000000.0,,,2800000000.0,983000000.0,
2021-12-31,1325000000.0,,,,,,,,2977000000.0,658000000.0,2319000000.0,5.18,5.16,425669451.0,427435818.0,,,,,1408000000.0,,,,,768000000.0,7116000000.0,,,188409000000.0,,,,,,,,,164989000000.0,7978000000.0,-665000000.0,23420000000.0,188409000000.0,625000000.0,,-429000000.0,,,,1719000000.0,,,757000000.0,2275000000.0,12406000000.0,7810000000.0,790000000.0,,165000000.0,,,316000000.0,-10486000000.0,,,4636000000.0,-3575000000.0,
2022-03-31,300000000.0,,,,,,,,536000000.0,116000000.0,420000000.0,0.94,0.93,422401747.0,424670871.0,,,,,,,,,,793000000.0,7232000000.0,,,192097000000.0,,,,,,,,,170023000000.0,8209000000.0,-2258000000.0,22074000000.0,192097000000.0,67000000.0,,-47000000.0,,,,1216000000.0,,,1400000000.0,1554000000.0,2656000000.0,1203000000.0,704000000.0,,143000000.0,,,83000000.0,-3914000000.0,,,3138000000.0,778000000.0,
2022-06-30,639000000.0,,,,,,,,1014000000.0,230000000.0,784000000.0,1.59,1.58,491497026.0,493296114.0,,,,,,,,,,885000000.0,8081000000.0,,,226712000000.0,,,,,,,,,202384000000.0,8346000000.0,-3218000000.0,24328000000.0,226712000000.0,327000000.0,,78000000.0,,,,3345000000.0,,,348000000.0,-322000000.0,8638000000.0,2164000000.0,1057000000.0,,234000000.0,,,727000000.0,-13362000000.0,,,11040000000.0,-2644000000.0,
2022-09-30,961000000.0,,,,,,,,1827000000.0,407000000.0,1420000000.0,2.85,2.84,495651083.0,497477501.0,,,,,,,,,,827000000.0,8160000000.0,,,224684000000.0,,,,,,,,,201538000000.0,8748000000.0,-4823000000.0,23146000000.0,224684000000.0,448000000.0,,124000000.0,,,,1700000000.0,,,577000000.0,2678000000.0,9772000000.0,2843000000.0,1057000000.0,,235000000.0,,,732000000.0,-12479000000.0,,,8803000000.0,-998000000.0,
2022-12-31,1299000000.0,,,,,,,,2655000000.0,582000000.0,2073000000.0,4.12,4.1,475959815.0,477803142.0,,,,,1414000000.0,,,,,844000000.0,8173000000.0,,,226733000000.0,,,,,,,,,203043000000.0,9159000000.0,-4560000000.0,23690000000.0,226733000000.0,565000000.0,,57000000.0,,,,1894000000.0,,,1036000000.0,4119000000.0,10776000000.0,3422000000.0,1178000000.0,,255000000.0,,,771000000.0,-12637000000.0,,,9907000000.0,1389000000.0,
2023-03-31,309000000.0,,,,,,,,664000000.0,153000000.0,511000000.0,1.0,1.0,485444313.0,487712146.0,,,,,,,,,,866000000.0,8177000000.0,,,222256000000.0,,,,,,,,,198055000000.0,9416000000.0,-3943000000.0,24201000000.0,222256000000.0,118000000.0,,-63000000.0,,,,372000000.0,,,849000000.0,1158000000.0,1223000000.0,423000000.0,1395000000.0,,0.0,,,227000000.0,1492000000.0,,,-5223000000.0,-2573000000.0,
2023-06-30,632000000.0,,,,,,,,1276000000.0,287000000.0,989000000.0,1.93,1.92,482440926.0,484252103.0,,,,,,,,,,876000000.0,8188000000.0,,,223066000000.0,,,,,,,,,199481000000.0,9655000000.0,-4563000000.0,23585000000.0,223066000000.0,230000000.0,,-40000000.0,,,,827000000.0,,,997000000.0,1283000000.0,3206000000.0,929000000.0,1632000000.0,,0.0,,,5000000.0,4641000000.0,,,-4904000000.0,1020000000.0,
2023-09-30,942000000.0,,,,,,,,1825000000.0,406000000.0,1419000000.0,2.79,2.78,478073507.0,479733008.0,,,,,,,,,,878000000.0,8188000000.0,,,225270000000.0,,,,,,,,,202392000000.0,9856000000.0,-5243000000.0,22878000000.0,225270000000.0,352000000.0,,-61000000.0,,,,732000000.0,,,718000000.0,2291000000.0,5576000000.0,1481000000.0,2429000000.0,,0.0,,,181000000.0,5023000000.0,,,-2461000000.0,4853000000.0,
2023-12-31,1266000000.0,,,,,,,,2030000000.0,422000000.0,1608000000.0,3.14,3.13,475089384.0,476693148.0,,,,,1432000000.0,,,,,895000000.0,8188000000.0,,,221964000000.0,,,,,,,,,197622000000.0,9816000000.0,-3758000000.0,24342000000.0,221964000000.0,478000000.0,,-242000000.0,,,,-612000000.0,,,-339000000.0,2961000000.0,10087000000.0,2001000000.0,2941000000.0,,0.0,,,61000000.0,5248000000.0,,,-7128000000.0,1081000000.0,
2024-03-31,367000000.0,,,,,,,,430000000.0,96000000.0,334000000.0,0.66,0.65,461358681.0,463797964.0,,,,,,,,,,872000000.0,8188000000.0,,,220448000000.0,,,,,,,,,196687000000.0,9923000000.0,-4164000000.0,23761000000.0,220448000000.0,102000000.0,,0.0,,,,47000000.0,,,-206000000.0,554000000.0,3057000000.0,593000000.0,692000000.0,,,,,-23000000.0,1039000000.0,,,-1622000000.0,-29000000.0,
2024-06-30,769000000.0,,,,,,,,910000000.0,184000000.0,726000000.0,1.44,1.44,457750585.0,460009546.0,,,,,,,,,,863000000.0,8187000000.0,,,219938000000.0,,,,,,,,,196069000000.0,10079000000.0,-4135000000.0,23869000000.0,219938000000.0,245000000.0,,-32000000.0,,,,-277000000.0,,,-316000000.0,1388000000.0,4487000000.0,1318000000.0,703000000.0,,,,,-38000000.0,1218000000.0,,,-2463000000.0,143000000.0,
2024-09-30,1136000000.0,,,,,,,,1380000000.0,272000000.0,1108000000.0,2.21,2.2,453993833.0,456461330.0,,,,,,,,,,862000000.0,8187000000.0,,,219706000000.0,,,,,,,,,194774000000.0,10233000000.0,-2926000000.0,24932000000.0,219706000000.0,374000000.0,,-50000000.0,,,,14000000.0,,,-549000000.0,1518000000.0,6497000000.0,2112000000.0,2080000000.0,,,,,29000000.0,1379000000.0,,,-3610000000.0,-713000000.0,
