Date,Net sales,Cost of sales,Gross margin,Research and development,"Selling, general and administrative",Total operating expenses,Operating income,"Other income/(expense), net",Income before provision for income taxes,Provision for income taxes,Net income,Earnings per share basic,Earnings per share diluted,Weighted-average basic,Weighted-average diluted,Cash and cash equivalents,Short-term marketable securities,"Accounts receivable, net",Inventories,Deferred tax assets,Vendor non-trade receivables,Other current assets,Total current assets,Long-term marketable securities,"Property, Plant and Equipment, Net",Goodwill,"Acquired intangible assets, net","Other Assets, Noncurrent",Total assets,accounts payable,Accrued expenses,Deferred revenue,Total current liabilities,Deferred revenue - non-current,deferred tax liabilities,long term taxes payable,Total other non-current liabilities,Total liabilities,Retained Earnings (Accumulated Deficit),Accumulated other comprehensive (loss)/income,Total shareholders equity,Total liabilities and shareholders' equity,"Depreciation, amortization and accretion",Stock-based compensation expense,Deferred income tax expense,"Increase (Decrease) in Accounts receivable, net",Increase (Decrease) in Inventories,Increase (Decrease) in Other Receivables,Increase (Decrease) in Other Operating Assets,Increase (Decrease) in Accounts Payable,Increase (Decrease) in Deferred Revenue,Increase (Decrease) Other liabilities,Cash generated by operating activities,Purchases of marketable securities,Proceeds from maturities of marketable securities,Proceeds from sales of marketable securities,Purchases of other long-term investments,"Business acquisitions, net of cash acquired",Cash payments for capital asset purchases,Payments for acquisition of intangible assets,Payments for (Proceeds from) Other Investing Activities,Cash used in investing activities,Proceeds from issuance of common stock,Excess tax benefits from stock-based compensation,Cash generated/used in financing activities,Increase/(decrease) in cash and cash equivalents,"Cash paid for income taxes, net"
2009-12-31,7577189000.0,,,,,6992378000.0,584811000.0,,587061000.0,226231000.0,360830000.0,2.15,2.13,167695000.0,169194000.0,337308000.0,48310000.0,,,6454000.0,,,1307269000.0,,117699000.0,361666000.0,18371000.0,14821000.0,1834248000.0,529256000.0,,,731807000.0,,,10546000.0,11995000.0,754348000.0,1402306000.0,-1636000.0,1079900000.0,1834248000.0,,21267000.0,-630000.0,57855000.0,,,,21854000.0,,,372571000.0,52437000.0,,,,41145000.0,34466000.0,,-185000.0,-123888000.0,,9966000.0,-402064000.0,-157435000.0,
2010-03-31,2074617000.0,,,,,1938610000.0,136007000.0,,136481000.0,52469000.0,84012000.0,0.51,0.5,165440000.0,166575000.0,229645000.0,52716000.0,,,4785000.0,,,1323438000.0,,115543000.0,359266000.0,30178000.0,,1842207000.0,643235000.0,75571000.0,,756060000.0,,,11539000.0,11513000.0,779112000.0,1444152000.0,-5764000.0,1063095000.0,1842207000.0,,4664000.0,3111000.0,119117000.0,,,,36964000.0,,,3925000.0,8541000.0,,,,,4368000.0,,25000.0,-6453000.0,,2391000.0,-102865000.0,-107663000.0,
2010-06-30,4528599000.0,,,,,4236137000.0,292462000.0,,293299000.0,112061000.0,181238000.0,1.1,1.09,165087000.0,166163000.0,166125000.0,49397000.0,,,3151000.0,,,1410856000.0,,115438000.0,357094000.0,,,1921894000.0,697375000.0,39605000.0,,792173000.0,,,12195000.0,12654000.0,817022000.0,1499271000.0,-11032000.0,1104872000.0,1921894000.0,,12381000.0,10592000.0,271091000.0,,,,91224000.0,,,9873000.0,10752000.0,,,,0.0,7988000.0,,27000.0,-15534000.0,,4297000.0,-160571000.0,-171183000.0,
2010-09-30,6948956000.0,,,,,6490161000.0,458795000.0,,459781000.0,175916000.0,283865000.0,1.72,1.71,164968000.0,165985000.0,249433000.0,34123000.0,,,4142000.0,,,1466940000.0,,116259000.0,359713000.0,,,1982084000.0,670910000.0,41483000.0,,789485000.0,,,13286000.0,8733000.0,811504000.0,1559738000.0,-4551000.0,1170580000.0,1982084000.0,,22568000.0,10782000.0,267873000.0,,,,64882000.0,,,137136000.0,10752000.0,,,,0.0,14000000.0,,12000.0,-9249000.0,,9497000.0,-214034000.0,-87875000.0,
2010-12-31,9274305000.0,,,,,8651445000.0,622860000.0,,624102000.0,237076000.0,387026000.0,2.35,2.33,164909000.0,165972000.0,398607000.0,9290000.0,,,13302000.0,,,1481768000.0,,114333000.0,359116000.0,13495000.0,19151000.0,1995699000.0,567961000.0,,,771607000.0,,,10667000.0,9357000.0,791631000.0,1613912000.0,-6425000.0,1204068000.0,1995699000.0,,37047000.0,7574000.0,164114000.0,,,,14684000.0,,,344779000.0,10752000.0,,,,0.0,17718000.0,,84000.0,8598000.0,,13092000.0,-289134000.0,61299000.0,
2011-03-31,2365472000.0,,,,,2208757000.0,156715000.0,,156940000.0,59912000.0,97028000.0,0.59,0.59,165124000.0,165764000.0,359335000.0,982000.0,,,9386000.0,,,1582071000.0,,114779000.0,358660000.0,,,2096334000.0,709124000.0,,,851759000.0,,,10769000.0,6280000.0,868808000.0,1662227000.0,-7525000.0,1227526000.0,2096334000.0,,12510000.0,-1822000.0,142121000.0,,,,81701000.0,,,52613000.0,0.0,,,,,5663000.0,,-18000.0,-1285000.0,,7511000.0,-89476000.0,-39272000.0,
2011-06-30,5073134000.0,,,,,4736324000.0,336810000.0,,337361000.0,129310000.0,208051000.0,1.26,1.26,164847000.0,165461000.0,315897000.0,0.0,,,7854000.0,,,1676081000.0,,114872000.0,358791000.0,,,2193797000.0,758023000.0,,,889887000.0,,,11588000.0,3896000.0,905371000.0,1724632000.0,-6890000.0,1288426000.0,2193797000.0,,22609000.0,-618000.0,279205000.0,,,,130693000.0,,,78854000.0,0.0,,,,,11733000.0,,-5000.0,-10469000.0,,11053000.0,-150410000.0,-82710000.0,
2011-09-30,7768062000.0,,,,,7247287000.0,520775000.0,,521376000.0,198978000.0,322398000.0,1.96,1.95,164512000.0,165094000.0,382737000.0,0.0,,,5247000.0,,,1656748000.0,,114806000.0,360208000.0,,,2179438000.0,740977000.0,,,896709000.0,,,12261000.0,2244000.0,911214000.0,1790600000.0,-9063000.0,1268224000.0,2179438000.0,,32074000.0,94000.0,208994000.0,,,,110685000.0,,,293555000.0,0.0,,,,,17402000.0,,-161000.0,-14609000.0,,12967000.0,-292651000.0,-15870000.0,
2011-12-31,10336346000.0,,,,,9643616000.0,692730000.0,,694704000.0,263092000.0,431612000.0,2.63,2.62,164114000.0,164741000.0,373669000.0,0.0,,,7552000.0,,,1611543000.0,,126830000.0,359688000.0,10029000.0,29951000.0,2138041000.0,642672000.0,,,876632000.0,,,11343000.0,1592000.0,889567000.0,1845032000.0,-9115000.0,1248474000.0,2138041000.0,,38601000.0,5750000.0,162688000.0,,,,68039000.0,,,429712000.0,0.0,,,,0.0,35932000.0,,-182000.0,-38313000.0,,15255000.0,-415098000.0,-24938000.0,
2012-03-31,2552114000.0,,,,,2382569000.0,169545000.0,,169759000.0,63259000.0,106500000.0,0.65,0.65,162693000.0,163023000.0,311365000.0,,,,6134000.0,,,1601131000.0,,130761000.0,360042000.0,,,2134285000.0,747638000.0,,,871867000.0,,,13336000.0,969000.0,886172000.0,1897041000.0,-8888000.0,1248113000.0,2134285000.0,,9766000.0,4362000.0,60588000.0,,,,43138000.0,,,77084000.0,,,,,,9888000.0,,-4000.0,-13816000.0,,5999000.0,-125330000.0,-62304000.0,
2012-06-30,5507828000.0,,,,,5153369000.0,354459000.0,,355359000.0,134277000.0,221082000.0,1.36,1.36,162290000.0,162643000.0,240627000.0,,,,6743000.0,,,1707601000.0,,132255000.0,359372000.0,,,2239999000.0,834692000.0,,,949341000.0,,,11506000.0,962000.0,961809000.0,1957462000.0,-11745000.0,1278190000.0,2239999000.0,,16559000.0,5957000.0,229361000.0,,,,130457000.0,,,110028000.0,,,,,,17403000.0,,-192000.0,-24778000.0,,7654000.0,-215877000.0,-133042000.0,
2012-09-30,8388237000.0,,,,,7846521000.0,541716000.0,,542692000.0,205280000.0,337412000.0,2.09,2.08,161784000.0,162042000.0,272955000.0,,,,6639000.0,,,1726166000.0,,134437000.0,359606000.0,,,2243267000.0,729744000.0,,,938055000.0,,,13411000.0,926000.0,952392000.0,2020112000.0,-9878000.0,1290875000.0,2243267000.0,,21077000.0,6346000.0,203361000.0,,,,111628000.0,,,267156000.0,,,,,,28096000.0,,-206000.0,-38685000.0,,9831000.0,-328467000.0,-100714000.0,
2012-12-31,11359113000.0,,,,,10683793000.0,675320000.0,,958462000.0,364658000.0,593804000.0,3.68,3.67,161557000.0,161946000.0,210019000.0,,,,-33333000.0,,,1672290000.0,,149851000.0,822215000.0,137411000.0,22458000.0,2804225000.0,639460000.0,,,1232217000.0,,45113000.0,20590000.0,1933000.0,1299853000.0,2218229000.0,-9345000.0,1504372000.0,2804225000.0,,59381000.0,-14442000.0,88107000.0,,,,61732000.0,,,460342000.0,0.0,,,,583631000.0,36096000.0,,-419000.0,-359066000.0,,12294000.0,-264338000.0,-163650000.0,
2013-03-31,2994267000.0,,,,74371000.0,2825561000.0,168706000.0,,168646000.0,65303000.0,103343000.0,0.64,0.64,160637000.0,160690000.0,159900000.0,,,,9465000.0,,,1690579000.0,,150896000.0,825201000.0,132248000.0,31636000.0,2830560000.0,701770000.0,,,1249427000.0,,70101000.0,20402000.0,945000.0,1340875000.0,2265084000.0,-11574000.0,1489685000.0,2830560000.0,,5115000.0,27303000.0,74267000.0,,,,51238000.0,,,-58050000.0,,,,,,8745000.0,,-43000.0,-10134000.0,,23554000.0,18627000.0,-50119000.0,
2013-06-30,6282529000.0,,,,158488000.0,5931347000.0,351182000.0,,350533000.0,135318000.0,215215000.0,1.34,1.34,160137000.0,160198000.0,150017000.0,,,,10602000.0,,,1782968000.0,,153327000.0,826288000.0,127254000.0,31708000.0,2921545000.0,747022000.0,,,1330987000.0,,69928000.0,20621000.0,944000.0,1422480000.0,2320398000.0,-14979000.0,1499065000.0,2921545000.0,,9885000.0,25993000.0,198669000.0,,,,100481000.0,,,58271000.0,,,,,-19126000.0,18316000.0,,-107000.0,-3344000.0,,24755000.0,-111240000.0,-60002000.0,
2013-09-30,9599194000.0,,,,241051000.0,9071657000.0,527537000.0,,524253000.0,201301000.0,322952000.0,2.03,2.03,158820000.0,158884000.0,129723000.0,,,,8889000.0,,,1753441000.0,,155693000.0,828214000.0,122340000.0,31880000.0,2891568000.0,757558000.0,,,1306231000.0,,74691000.0,21196000.0,887000.0,1903005000.0,2374011000.0,-11895000.0,988563000.0,2891568000.0,,10856000.0,28696000.0,197468000.0,,,,103226000.0,,,182929000.0,,,,,-19126000.0,27861000.0,,-221000.0,-14889000.0,,26180000.0,-246154000.0,-80296000.0,
2013-12-31,12752076000.0,,,,,12069426000.0,682650000.0,,673361000.0,257457000.0,415904000.0,2.65,2.65,156915000.0,157080000.0,162047000.0,,,,-62332000.0,,,1664485000.0,,160703000.0,829073000.0,117467000.0,31090000.0,2802818000.0,685890000.0,,,1269981000.0,,70618000.0,21584000.0,911000.0,1863094000.0,2413833000.0,-10620000.0,939724000.0,2802818000.0,,9094000.0,25226000.0,87316000.0,,,,47488000.0,,,347777000.0,,,,,-19126000.0,40354000.0,,-221000.0,-28859000.0,,27209000.0,-364904000.0,-47972000.0,
2014-03-31,3142585000.0,,,,79967000.0,2985614000.0,156971000.0,,150840000.0,57653000.0,93187000.0,0.63,0.63,148517000.0,149008000.0,142813000.0,,,,7378000.0,,,1823082000.0,,163957000.0,829097000.0,112584000.0,31448000.0,2960168000.0,782913000.0,,,1380489000.0,,76587000.0,20583000.0,912000.0,1978571000.0,2454598000.0,-10957000.0,981597000.0,2960168000.0,,4793000.0,6757000.0,168723000.0,,,,88052000.0,,,14440000.0,,,,,,11124000.0,,-268000.0,-12327000.0,,4253000.0,-21431000.0,-19234000.0,
2014-06-30,6645503000.0,,,,161636000.0,6288150000.0,357353000.0,,344970000.0,133187000.0,211783000.0,1.43,1.43,148167000.0,148293000.0,144215000.0,,,,7156000.0,,,1909201000.0,,160268000.0,828774000.0,107611000.0,31252000.0,3037106000.0,815249000.0,,,1430998000.0,,75502000.0,20281000.0,224000.0,2027005000.0,2520710000.0,-11699000.0,1010101000.0,3037106000.0,,16423000.0,5894000.0,261334000.0,,,,121109000.0,,,128368000.0,,,,,0.0,14860000.0,,-268000.0,-18556000.0,,5198000.0,-127451000.0,-17832000.0,
2014-09-30,10112865000.0,,,,241242000.0,9552175000.0,560690000.0,,542103000.0,205339000.0,336764000.0,2.28,2.28,147661000.0,147819000.0,127716000.0,,,,8301000.0,,,1824716000.0,,156936000.0,826550000.0,102662000.0,30920000.0,2941784000.0,767164000.0,,,1329202000.0,,71653000.0,21994000.0,218000.0,1923067000.0,2593010000.0,-20623000.0,1018717000.0,2941784000.0,,33561000.0,901000.0,206970000.0,,,,67125000.0,,,305322000.0,,,,,0.0,19291000.0,,-428000.0,-24708000.0,,6202000.0,-308494000.0,-34331000.0,
2014-12-31,13470067000.0,,,,,12721649000.0,748418000.0,,723431000.0,273720000.0,449711000.0,3.06,3.05,147202000.0,147542000.0,128940000.0,,,,-59215000.0,,,2105459000.0,,152471000.0,825038000.0,98330000.0,33040000.0,3214338000.0,716654000.0,,,1575860000.0,,66961000.0,24279000.0,223000.0,2167323000.0,2648539000.0,-28610000.0,1047015000.0,3214338000.0,,47861000.0,-3117000.0,137102000.0,,,,40251000.0,,,513426000.0,,,,,0.0,22364000.0,,6000.0,-388896000.0,,7558000.0,-143637000.0,-33107000.0,
2015-03-31,3300890000.0,,,,88041000.0,3118965000.0,181925000.0,,172320000.0,65844000.0,106476000.0,0.73,0.73,146204000.0,146383000.0,135783000.0,,,,8387000.0,,,1846915000.0,,191141000.0,1097267000.0,138541000.0,35360000.0,3309224000.0,791722000.0,,,1651096000.0,,77256000.0,22622000.0,230000.0,2251204000.0,2697680000.0,-41808000.0,1058020000.0,3309224000.0,,15336000.0,426000.0,27599000.0,,,,21105000.0,,,100395000.0,,,,,369143000.0,3895000.0,,-462000.0,-15959000.0,,4842000.0,-67833000.0,6843000.0,
2015-06-30,6845978000.0,,,,178965000.0,6434958000.0,411020000.0,,395521000.0,151837000.0,243684000.0,1.67,1.67,145856000.0,146020000.0,171451000.0,,,,7731000.0,,,1944339000.0,,190849000.0,1097579000.0,132450000.0,38797000.0,3404014000.0,832861000.0,,,1694818000.0,,74394000.0,22723000.0,228000.0,2292163000.0,2777703000.0,-37678000.0,1111851000.0,3404014000.0,,31019000.0,-1780000.0,87663000.0,,,,56891000.0,,,251196000.0,,,,,369143000.0,11542000.0,,-361000.0,-28999000.0,,6040000.0,-173732000.0,42511000.0,
2015-09-30,10265231000.0,,,,270752000.0,9621500000.0,643731000.0,,621673000.0,238557000.0,383116000.0,2.63,2.63,145423000.0,145601000.0,143087000.0,,,,16057000.0,,,1856211000.0,,190244000.0,1097740000.0,126353000.0,42017000.0,3312565000.0,799307000.0,,,1581259000.0,,76144000.0,23588000.0,211000.0,2181202000.0,2860204000.0,-44073000.0,1131363000.0,3312565000.0,,43512000.0,-8356000.0,39051000.0,,,,23037000.0,,,464443000.0,,,,,367108000.0,19317000.0,,-535000.0,-39996000.0,,7298000.0,-398209000.0,14147000.0,
2015-12-31,13476084000.0,,,,,12617774000.0,858310000.0,,822781000.0,313082000.0,509699000.0,3.52,3.51,144967000.0,145349000.0,168229000.0,,,,16788000.0,,,1730698000.0,,190874000.0,1108337000.0,120242000.0,34207000.0,3184358000.0,697585000.0,,,1448597000.0,,65460000.0,19634000.0,217000.0,2033908000.0,2922620000.0,-37946000.0,1150450000.0,3184358000.0,,57661000.0,-17095000.0,-107560000.0,,,,-53272000.0,,,718336000.0,,,,,369833000.0,28115000.0,,-641000.0,-54446000.0,,8548000.0,-607741000.0,39289000.0,
2016-03-31,3073943000.0,,,,86886000.0,2874991000.0,198952000.0,,190180000.0,71217000.0,118963000.0,0.83,0.83,143525000.0,143658000.0,179406000.0,,,,15631000.0,,,1705716000.0,,195920000.0,1109392000.0,114182000.0,37035000.0,3162245000.0,690692000.0,,,1372055000.0,,79653000.0,18523000.0,208000.0,1970439000.0,2977710000.0,-34400000.0,1191806000.0,3162245000.0,,15179000.0,15350000.0,-42295000.0,,,,-22783000.0,,,104150000.0,,,,,0.0,13121000.0,,770000.0,-18595000.0,,13827000.0,-76590000.0,11177000.0,
2016-06-30,6373684000.0,,,,177103000.0,5940985000.0,432699000.0,,417662000.0,155609000.0,262053000.0,1.83,1.83,143259000.0,143437000.0,207083000.0,,,,10261000.0,,,1879102000.0,,211905000.0,1108761000.0,108072000.0,41230000.0,3349070000.0,757792000.0,,,1491457000.0,,75937000.0,18615000.0,221000.0,2086230000.0,3057158000.0,-38000000.0,1262840000.0,3349070000.0,,25785000.0,17004000.0,94030000.0,,,,52843000.0,,,247261000.0,,,,,0.0,33483000.0,,405000.0,-44381000.0,,15104000.0,-163665000.0,38854000.0,
2016-09-30,9729438000.0,,,,267415000.0,9085472000.0,643966000.0,,621503000.0,230422000.0,391081000.0,2.73,2.73,143040000.0,143245000.0,224449000.0,,,,5755000.0,,,1967549000.0,,226470000.0,1275390000.0,150027000.0,44626000.0,3664062000.0,820299000.0,,,1799797000.0,,75531000.0,18843000.0,223000.0,2394394000.0,3122577000.0,-37500000.0,1269668000.0,3664062000.0,,30626000.0,21832000.0,137813000.0,,,,93510000.0,,,376828000.0,,,,,220203000.0,56125000.0,,735000.0,-292049000.0,,17207000.0,-28224000.0,56220000.0,
2016-12-31,13144413000.0,,,,,12306882000.0,837531000.0,,811950000.0,298566000.0,513384000.0,3.6,3.59,142706000.0,142991000.0,247666000.0,,,,0.0,,,2008102000.0,,232953000.0,1232796000.0,167525000.0,44132000.0,3687758000.0,839736000.0,,,1845718000.0,,65122000.0,18849000.0,222000.0,2429911000.0,3190578000.0,-61442000.0,1257847000.0,3687758000.0,,37565000.0,15009000.0,173211000.0,,,,115917000.0,,,529408000.0,,,,,220203000.0,73452000.0,,1348000.0,-312988000.0,,18462000.0,-127300000.0,79437000.0,
2017-03-31,3415125000.0,,,,90104000.0,3227167000.0,187958000.0,,178656000.0,56576000.0,122080000.0,0.86,0.86,141484000.0,141858000.0,229794000.0,,,,,,,2092610000.0,,235059000.0,1240950000.0,162945000.0,40653000.0,3775744000.0,893237000.0,,,1877367000.0,,,17919000.0,233000.0,2459870000.0,3248014000.0,-44037000.0,1315874000.0,3775744000.0,,12318000.0,-2048000.0,95204000.0,,,,47201000.0,,,92696000.0,,,,,,13537000.0,,-56000.0,-18444000.0,,0.0,-96728000.0,-17872000.0,
2017-06-30,7125143000.0,,,,197853000.0,6755365000.0,369778000.0,,351108000.0,117957000.0,233151000.0,1.65,1.65,141229000.0,141713000.0,273182000.0,,,,5142000.0,,,2285022000.0,,234312000.0,1242918000.0,154124000.0,44371000.0,3965889000.0,978431000.0,,,1797494000.0,,,17278000.0,242000.0,2628681000.0,3294767000.0,-37306000.0,1337208000.0,3965889000.0,,16842000.0,-4988000.0,244682000.0,,,,135130000.0,,,150011000.0,,,,,,24105000.0,,1095000.0,-35845000.0,,0.0,-97112000.0,25516000.0,
2017-09-30,10909594000.0,,,,304030000.0,10345351000.0,564243000.0,,535089000.0,182752000.0,352337000.0,2.5,2.49,140962000.0,141403000.0,297307000.0,,,,5917000.0,,,2454846000.0,,232905000.0,1275550000.0,160595000.0,45775000.0,4175588000.0,1033726000.0,,,1986302000.0,,,17774000.0,241000.0,2820713000.0,3349994000.0,-22900000.0,1354875000.0,4175588000.0,,24509000.0,-6779000.0,377280000.0,,,,166152000.0,,,218349000.0,,,,,,32132000.0,,-204000.0,-94660000.0,,0.0,-91232000.0,49641000.0,
2017-12-31,14869380000.0,,,,,14094261000.0,775119000.0,,728463000.0,223570000.0,504893000.0,3.59,3.57,140610000.0,141382000.0,333890000.0,,,,6870000.0,,,2510936000.0,,230326000.0,1275816000.0,151585000.0,60301000.0,4235834000.0,1000305000.0,,,1987449000.0,,,26684000.0,601000.0,2810089000.0,3437093000.0,-18500000.0,1425745000.0,4235834000.0,,41805000.0,-28096000.0,364181000.0,,,,144041000.0,,,384001000.0,,,,,49068000.0,40122000.0,,521000.0,-107534000.0,,0.0,-202134000.0,86224000.0,
2018-03-31,3925327000.0,,,,106043000.0,3733742000.0,191585000.0,,180885000.0,38588000.0,142297000.0,1.02,1.01,140032000.0,141270000.0,349782000.0,,,,11126000.0,,,2591013000.0,,230609000.0,1273850000.0,140874000.0,60304000.0,4307776000.0,990065000.0,,,1994410000.0,,,25215000.0,596000.0,2823104000.0,3523245000.0,-19025000.0,1484672000.0,4307776000.0,,18134000.0,-26000.0,10056000.0,,,,21797000.0,,,200570000.0,,,,,0.0,11719000.0,,726000.0,-16189000.0,,,-170676000.0,15892000.0,
2018-06-30,8201364000.0,,,,,7790771000.0,410593000.0,,394765000.0,93305000.0,301460000.0,2.16,2.14,139745000.0,140960000.0,310575000.0,,,,10714000.0,,,2758656000.0,,228325000.0,1265778000.0,130254000.0,59557000.0,4453284000.0,1059669000.0,,,1524727000.0,,,25364000.0,1201000.0,2935125000.0,3617324000.0,-46537000.0,1518159000.0,4453284000.0,,44704000.0,-9014000.0,214620000.0,,,,101770000.0,,,308470000.0,,,,,1315000.0,20569000.0,,1546000.0,-32944000.0,,,-291091000.0,-23315000.0,
2018-09-30,12493264000.0,,,,,11836698000.0,656566000.0,,634212000.0,156857000.0,477355000.0,3.42,3.39,139425000.0,140720000.0,297801000.0,,,,9270000.0,,,2805065000.0,,231962000.0,1265226000.0,120216000.0,60983000.0,4492722000.0,1077780000.0,,,1515332000.0,,,23903000.0,1026000.0,2926119000.0,3728503000.0,-57414000.0,1566603000.0,4492722000.0,,68475000.0,-5794000.0,268252000.0,,,,120652000.0,,,528883000.0,,,,,1315000.0,35794000.0,,1605000.0,-52507000.0,,,-495419000.0,-36089000.0,
2018-12-31,16631172000.0,,,,,15719089000.0,912083000.0,,880273000.0,215768000.0,664505000.0,4.78,4.73,139010000.0,140405000.0,378615000.0,,,,9993000.0,,,2753074000.0,,228301000.0,1258922000.0,108822000.0,68300000.0,4427412000.0,971023000.0,,,1433323000.0,,,21463000.0,430000.0,2832325000.0,3845593000.0,-71935000.0,1595087000.0,4427412000.0,,87791000.0,-15315000.0,190048000.0,,,,36083000.0,,,792896000.0,,,,,5315000.0,45000000.0,,3622000.0,-72808000.0,,0.0,-655177000.0,44725000.0,
2019-03-31,3751210000.0,,,,,3526660000.0,224550000.0,,207410000.0,45622000.0,161788000.0,1.17,1.16,137854000.0,138955000.0,445473000.0,,,,,,,2728354000.0,,225669000.0,1283981000.0,116367000.0,72544000.0,4697444000.0,995971000.0,,,1429664000.0,,,21763000.0,370000.0,3044883000.0,3937698000.0,-66638000.0,1652561000.0,4697444000.0,,17123000.0,-364000.0,-117720000.0,,,,-10742000.0,,,256931000.0,,,,,44143000.0,8619000.0,,-8000.0,-58000000.0,,,-134793000.0,66858000.0,
2019-06-30,7660050000.0,,,,,7207965000.0,452085000.0,,428330000.0,97362000.0,330968000.0,2.41,2.39,137518000.0,138667000.0,355307000.0,,,,,,,2706573000.0,,222390000.0,1291715000.0,110869000.0,77250000.0,4684109000.0,1064432000.0,,,1496340000.0,,,22063000.0,372000.0,3024798000.0,4037610000.0,-72326000.0,1659311000.0,4684109000.0,,31807000.0,-5322000.0,-89175000.0,,,,37378000.0,,,456526000.0,,,,,58379000.0,16774000.0,,-8000.0,-89935000.0,,,-390360000.0,-23308000.0,
2019-09-30,11516182000.0,,,,,10863012000.0,653170000.0,,616235000.0,138373000.0,477862000.0,3.48,3.45,137274000.0,138373000.0,384424000.0,,,,,,,2683166000.0,,209521000.0,1285891000.0,98683000.0,83892000.0,4636549000.0,1019280000.0,,,1434140000.0,,,22149000.0,257000.0,2963453000.0,4115649000.0,-90902000.0,1673096000.0,4636549000.0,,40657000.0,-3360000.0,-104108000.0,,,,3871000.0,,,623858000.0,,,,,59188000.0,26661000.0,,-16625000.0,-93506000.0,,,-517078000.0,5809000.0,
2019-12-31,15309508000.0,,,,,14519532000.0,789976000.0,,742257000.0,165289000.0,576968000.0,4.21,4.19,136955000.0,137735000.0,447858000.0,,,,,,,2640118000.0,,208423000.0,1291760000.0,90931000.0,85483000.0,4641060000.0,984604000.0,,,1556038000.0,,,22354000.0,270000.0,2970330000.0,4144834000.0,-76149000.0,1670730000.0,4641060000.0,,39083000.0,-2407000.0,-208312000.0,,,,-17968000.0,,,835419000.0,,,,,59200000.0,36290000.0,,-16636000.0,-113029000.0,,,-651253000.0,69243000.0,
2020-03-31,3805008000.0,,,,,3695568000.0,109440000.0,,94212000.0,16066000.0,78146000.0,0.58,0.57,135474000.0,135969000.0,294572000.0,,,,,,,2606639000.0,,211799000.0,1450999000.0,132013000.0,86357000.0,4848320000.0,1098905000.0,,,1804725000.0,,,21576000.0,265000.0,3261202000.0,4153109000.0,-108344000.0,1587118000.0,4848320000.0,,11397000.0,1622000.0,133142000.0,,,,98946000.0,,,58499000.0,,,,,223617000.0,7841000.0,,0.0,-238320000.0,,,37040000.0,-153286000.0,
2020-06-30,7432854000.0,,,,,7134627000.0,298227000.0,,272788000.0,50703000.0,222085000.0,1.64,1.64,135241000.0,135776000.0,362236000.0,,,,,,,2603926000.0,,188252000.0,1465755000.0,126589000.0,87180000.0,4825689000.0,1246675000.0,,,1673380000.0,,,22481000.0,258000.0,3121361000.0,4227257000.0,-84100000.0,1704328000.0,4825689000.0,,22351000.0,-729000.0,48937000.0,,,,220276000.0,,,505643000.0,,,,,223230000.0,11621000.0,,-5525000.0,-242744000.0,,,-343338000.0,-85622000.0,
2020-09-30,11657654000.0,,,,,11191188000.0,466466000.0,,433562000.0,74948000.0,358614000.0,2.65,2.63,135671000.0,137128000.0,252569000.0,,,,,,,2852699000.0,,183244000.0,1473440000.0,118741000.0,90264000.0,5074838000.0,1196797000.0,,,1760979000.0,,,22981000.0,278000.0,3201479000.0,4293598000.0,-70900000.0,1873359000.0,5074838000.0,,33127000.0,-9468000.0,367538000.0,,,,186755000.0,,,337049000.0,,,,,223230000.0,17446000.0,,-5525000.0,-257966000.0,,,-274984000.0,-195289000.0,
2020-12-31,16207106000.0,,,,,15533838000.0,673268000.0,,628331000.0,121910000.0,506421000.0,3.74,3.72,135532000.0,136173000.0,243796000.0,,,,,,,2941701000.0,,178949000.0,1487187000.0,113910000.0,84086000.0,5144258000.0,1195099000.0,,,1839732000.0,,,26015000.0,14523000.0,3264325000.0,4372833000.0,-46000000.0,1879933000.0,5144258000.0,,43995000.0,-37919000.0,452145000.0,,,,180272000.0,,,499191000.0,,,,,223230000.0,23133000.0,,-5525000.0,-271714000.0,,,-440667000.0,-204062000.0,
2021-03-31,4803869000.0,,,,,4580540000.0,223329000.0,,212069000.0,38764000.0,173305000.0,1.29,1.28,134508000.0,135745000.0,217611000.0,,,,,,,3410109000.0,,174119000.0,1483560000.0,105969000.0,84831000.0,5596623000.0,1399464000.0,,,2300907000.0,,,24682000.0,14535000.0,3728436000.0,4476532000.0,-53300000.0,1868187000.0,5596623000.0,,23989000.0,3869000.0,437862000.0,,,,206237000.0,,,-56692000.0,,,,,0.0,5435000.0,,,-13506000.0,,,46763000.0,-26185000.0,
2021-06-30,10336595000.0,,,,,9852662000.0,483933000.0,,459176000.0,92082000.0,367094000.0,2.74,2.71,133888000.0,135276000.0,172803000.0,,,,,,,3722562000.0,,174194000.0,1493711000.0,103640000.0,87087000.0,5906564000.0,1622947000.0,,,2586379000.0,,,25968000.0,14539000.0,4000394000.0,4601227000.0,-53446000.0,1906170000.0,5906564000.0,,53150000.0,-2474000.0,717340000.0,,,,406875000.0,,,92598000.0,,,,,14749000.0,12856000.0,,0.0,-44586000.0,,,-118107000.0,-70993000.0,
2021-09-30,16600290000.0,,,,,15805588000.0,794702000.0,,753283000.0,139136000.0,614147000.0,4.61,4.56,133201000.0,134661000.0,202649000.0,,,,,,,4430663000.0,,177418000.0,1486199000.0,96025000.0,88808000.0,6602606000.0,1797441000.0,,,3251693000.0,,,25449000.0,14553000.0,4651806000.0,4779964000.0,-65500000.0,1950800000.0,6602606000.0,,93962000.0,-11683000.0,1290485000.0,,,,595036000.0,,,19100000.0,,,,,14749000.0,26503000.0,,0.0,-67314000.0,,,9911000.0,-41147000.0,
2021-12-31,23102138000.0,,,,,22020030000.0,1082108000.0,,1022291000.0,178046000.0,844245000.0,6.37,6.31,132482000.0,133834000.0,257413000.0,,,,108787000.0,,,4804153000.0,,139831000.0,1484754000.0,89606000.0,92309000.0,7028112000.0,1813473000.0,,,3326342000.0,,,28390000.0,315000.0,5006178000.0,4936861000.0,-61134000.0,2021934000.0,7028112000.0,,129977000.0,-109544000.0,1547545000.0,,,,660028000.0,,,94955000.0,,,,,14750000.0,34197000.0,,0.0,-85672000.0,,,7573000.0,13617000.0,
2022-03-31,6815953000.0,,,,,6470479000.0,345474000.0,,331300000.0,60952000.0,270348000.0,2.07,2.05,130499000.0,132155000.0,242809000.0,,,,,,,5279231000.0,,139926000.0,1488616000.0,84011000.0,102897000.0,7521338000.0,2001180000.0,,,3541203000.0,,,28617000.0,714000.0,5425836000.0,5134667000.0,-54300000.0,2095502000.0,7521338000.0,,24606000.0,-2916000.0,424025000.0,,,,143980000.0,,,-13928000.0,,,,,,10046000.0,,-2250000.0,-23979000.0,,,21770000.0,-14604000.0,
2022-06-30,13614428000.0,,,,,12799289000.0,815139000.0,,773570000.0,155037000.0,618533000.0,4.78,4.71,129447000.0,131218000.0,238925000.0,,,,,,,5168256000.0,,155829000.0,1472855000.0,75789000.0,112083000.0,7457439000.0,1872497000.0,,,3485750000.0,,,26291000.0,1088000.0,5405024000.0,5411346000.0,-87900000.0,2052415000.0,7457439000.0,,52535000.0,-5844000.0,378641000.0,,,,37207000.0,,,251329000.0,,,,,0.0,36781000.0,,-63208000.0,-6195000.0,,,-257177000.0,-18488000.0,
2022-09-30,19629804000.0,,,,,18527056000.0,1102748000.0,,1045207000.0,200876000.0,844331000.0,6.6,6.5,127944000.0,129839000.0,187532000.0,,,,,,,4433366000.0,,158706000.0,1458303000.0,68122000.0,120195000.0,6795530000.0,1662606000.0,,,3358878000.0,,,26865000.0,1480000.0,5117969000.0,5567592000.0,-137700000.0,1677561000.0,6795530000.0,,78346000.0,-76362000.0,-66536000.0,,,,-109493000.0,,,876789000.0,,,,,0.0,50719000.0,,,-37446000.0,,,-894018000.0,-69881000.0,
2022-12-31,24696625000.0,,,,,23429843000.0,1266782000.0,,1166765000.0,226241000.0,940524000.0,7.48,7.4,125743000.0,127150000.0,217482000.0,,,,167346000.0,,,3589238000.0,,159432000.0,1470813000.0,64026000.0,117312000.0,5954564000.0,1466998000.0,,,3322852000.0,,,28317000.0,1926000.0,4601142000.0,5590440000.0,-88900000.0,1353422000.0,5954564000.0,,90677000.0,-57564000.0,-923524000.0,,,,-307266000.0,,,1650171000.0,,,,,0.0,61915000.0,,-63579000.0,-64918000.0,,,-1619546000.0,-39931000.0,
2023-03-31,4611670000.0,,,,,4450637000.0,161033000.0,,132768000.0,17877000.0,114891000.0,0.97,0.96,118636000.0,119909000.0,239160000.0,,,,,,,3234646000.0,,160864000.0,1470686000.0,58397000.0,123028000.0,5595584000.0,1411371000.0,,,2947868000.0,,,27009000.0,2549000.0,4214196000.0,5631750000.0,-86400000.0,1381388000.0,5595584000.0,,15607000.0,-10272000.0,-326244000.0,,,,-90724000.0,,,254544000.0,,,,,,11371000.0,,,-26950000.0,,,-205992000.0,21678000.0,
2023-06-30,9033526000.0,,,,,8739870000.0,293656000.0,,247132000.0,34925000.0,212207000.0,1.79,1.77,118567000.0,119820000.0,210155000.0,,,,,,,3051485000.0,,159222000.0,1469407000.0,52591000.0,126964000.0,5405261000.0,1358619000.0,,,2761491000.0,,,28104000.0,3005000.0,4017154000.0,5655489000.0,-92919000.0,1388107000.0,5405261000.0,,21642000.0,-21825000.0,-501210000.0,,,,-125090000.0,,,479376000.0,,,,,,21679000.0,,,-51301000.0,,,-432118000.0,-7327000.0,
2023-09-30,13374556000.0,,,,,12967378000.0,407178000.0,,339906000.0,45750000.0,294156000.0,2.48,2.46,118532000.0,119762000.0,174733000.0,,,,,,,2959243000.0,,150858000.0,1465319000.0,46579000.0,130244000.0,5317667000.0,1375529000.0,,,2649543000.0,,,29640000.0,3773000.0,3913083000.0,5663714000.0,-107810000.0,1404584000.0,5317667000.0,,37309000.0,-35269000.0,-525761000.0,,,,-122312000.0,,,684615000.0,,,,,,25889000.0,,,-66651000.0,,,-651519000.0,,
2023-12-31,17596443000.0,,,,,17081836000.0,514607000.0,,409186000.0,84057000.0,325129000.0,2.74,2.72,118551000.0,119677000.0,145524000.0,,,,201442000.0,,,2880694000.0,,144718000.0,1473600000.0,43662000.0,114097000.0,5225280000.0,1303951000.0,,,2051993000.0,,,21289000.0,2074000.0,3806583000.0,5620790000.0,-80946000.0,1418697000.0,5225280000.0,,58169000.0,-37532000.0,-607259000.0,,,,-200843000.0,,,731946000.0,,,,,0.0,29989000.0,,-1324000.0,-82787000.0,,,-717833000.0,-71958000.0,
2024-03-31,4412311000.0,,,,,4285178000.0,127133000.0,,110353000.0,17449000.0,92904000.0,0.78,0.78,119344000.0,119604000.0,121838000.0,,,,,,,3124181000.0,,143497000.0,1467018000.0,40127000.0,111218000.0,5472088000.0,1390019000.0,,,2274286000.0,,,21798000.0,2859000.0,4042094000.0,5639629000.0,-100436000.0,1429994000.0,5472088000.0,,22673000.0,-6805000.0,225402000.0,,,,84966000.0,,,-33323000.0,,,,,,8620000.0,,,-22474000.0,,,34695000.0,,
2024-06-30,8895659000.0,,,,,8590436000.0,305223000.0,,266918000.0,47763000.0,219155000.0,1.84,1.83,119418000.0,119920000.0,113166000.0,,,,,,,3179174000.0,,139636000.0,1468605000.0,36763000.0,109949000.0,5512346000.0,1431662000.0,,,2244213000.0,,,21611000.0,3522000.0,4001905000.0,5691874000.0,-101749000.0,1510441000.0,5512346000.0,,42245000.0,-13392000.0,290042000.0,,,,122404000.0,,,133099000.0,,,,,,15238000.0,,,-41811000.0,,,-120065000.0,,
2024-09-30,13540300000.0,,,,,13054958000.0,485342000.0,,410755000.0,94371000.0,316384000.0,2.65,2.63,119860000.0,121179000.0,131704000.0,,,,,,,3338986000.0,,132632000.0,1446695000.0,30987000.0,109381000.0,5613355000.0,1325874000.0,,,2240837000.0,,,24215000.0,4152000.0,3973289000.0,5713207000.0,-72300000.0,1640066000.0,5613355000.0,,64249000.0,-7033000.0,398059000.0,,,,77397000.0,,,241154000.0,,,,,,19977000.0,,,-59099000.0,,,-184244000.0,,
