Date,Net sales,Cost of sales,Gross margin,Research and development,"Selling, general and administrative",Total operating expenses,Operating income,"Other income/(expense), net",Income before provision for income taxes,Provision for income taxes,Net income,Earnings per share basic,Earnings per share diluted,Weighted-average basic,Weighted-average diluted,Cash and cash equivalents,Short-term marketable securities,"Accounts receivable, net",Inventories,Deferred tax assets,Vendor non-trade receivables,Other current assets,Total current assets,Long-term marketable securities,"Property, Plant and Equipment, Net",Goodwill,"Acquired intangible assets, net","Other Assets, Noncurrent",Total assets,accounts payable,Accrued expenses,Deferred revenue,Total current liabilities,Deferred revenue - non-current,deferred tax liabilities,long term taxes payable,Total other non-current liabilities,Total liabilities,Retained Earnings (Accumulated Deficit),Accumulated other comprehensive (loss)/income,Total shareholders equity,Total liabilities and shareholders' equity,"Depreciation, amortization and accretion",Stock-based compensation expense,Deferred income tax expense,"Increase (Decrease) in Accounts receivable, net",Increase (Decrease) in Inventories,Increase (Decrease) in Other Receivables,Increase (Decrease) in Other Operating Assets,Increase (Decrease) in Accounts Payable,Increase (Decrease) in Deferred Revenue,Increase (Decrease) Other liabilities,Cash generated by operating activities,Purchases of marketable securities,Proceeds from maturities of marketable securities,Proceeds from sales of marketable securities,Purchases of other long-term investments,"Business acquisitions, net of cash acquired",Cash payments for capital asset purchases,Payments for acquisition of intangible assets,Payments for (Proceeds from) Other Investing Activities,Cash used in investing activities,Proceeds from issuance of common stock,Excess tax benefits from stock-based compensation,Cash generated/used in financing activities,Increase/(decrease) in cash and cash equivalents,"Cash paid for income taxes, net"
2009-12-31,35756000000.0,,,,7646000000.0,28542000000.0,7214000000.0,-2108000000.0,,1478000000.0,3638000000.0,1.27,1.26,,,671000000.0,,1711000000.0,,240000000.0,,551000000.0,3223000000.0,,23855000000.0,14933000000.0,,1218000000.0,112733000000.0,3094000000.0,2999000000.0,,7249000000.0,,27800000000.0,,6767000000.0,,10005000000.0,-46000000.0,42721000000.0,112733000000.0,,257000000.0,832000000.0,84000000.0,,,,,,,10281000000.0,,,,,88000000.0,5117000000.0,522000000.0,-74000000.0,-5897000000.0,1000000.0,,-4908000000.0,-524000000.0,
2010-03-31,9202000000.0,,,,1905000000.0,7267000000.0,1935000000.0,-465000000.0,,591000000.0,866000000.0,0.31,0.31,,,3483000000.0,,1581000000.0,,,,863000000.0,5968000000.0,,23441000000.0,15029000000.0,,1287000000.0,115420000000.0,3006000000.0,3272000000.0,,8615000000.0,,27756000000.0,,7140000000.0,,10517000000.0,-47000000.0,43082000000.0,115420000000.0,,,,,,,,,,,2903000000.0,,,,,172000000.0,925000000.0,117000000.0,19000000.0,-1256000000.0,,,1165000000.0,2812000000.0,
2010-06-30,18727000000.0,,,,3866000000.0,14714000000.0,4013000000.0,-1069000000.0,,1179000000.0,1750000000.0,0.62,0.62,,2830000000.0,4028000000.0,,1845000000.0,,,,665000000.0,6591000000.0,,23217000000.0,15028000000.0,,1368000000.0,115627000000.0,3126000000.0,3256000000.0,,8690000000.0,,27575000000.0,,7009000000.0,,11026000000.0,-86000000.0,43437000000.0,115627000000.0,,153000000.0,-25000000.0,-121000000.0,,,,,,,5332000000.0,,,,,183000000.0,2063000000.0,237000000.0,55000000.0,-2555000000.0,,,580000000.0,3357000000.0,1126000000.0
2010-09-30,28216000000.0,,,,5985000000.0,22249000000.0,5967000000.0,-1569000000.0,,1763000000.0,2617000000.0,0.93,0.93,2816000000.0,2826000000.0,4542000000.0,,1868000000.0,,,,690000000.0,7172000000.0,,23328000000.0,15029000000.0,,1413000000.0,116525000000.0,3297000000.0,3260000000.0,,8857000000.0,,27347000000.0,,7571000000.0,,11525000000.0,-116000000.0,43784000000.0,116525000000.0,,226000000.0,-241000000.0,-145000000.0,,,,,,,7732000000.0,,,,,183000000.0,3429000000.0,372000000.0,-149000000.0,-3868000000.0,,,7000000.0,3871000000.0,1794000000.0
2010-12-31,37937000000.0,,,,8091000000.0,29957000000.0,7980000000.0,-1876000000.0,,2436000000.0,3635000000.0,1.29,1.29,2808000000.0,2820000000.0,5984000000.0,,1855000000.0,,-28072000000.0,,792000000.0,8886000000.0,,23515000000.0,14958000000.0,,1461000000.0,118534000000.0,3291000000.0,2668000000.0,,8234000000.0,,28246000000.0,,7862000000.0,,12158000000.0,-99000000.0,44354000000.0,118534000000.0,,300000000.0,549000000.0,131000000.0,,,,,,,11179000000.0,,,7000000.0,,183000000.0,4961000000.0,536000000.0,-130000000.0,-5711000000.0,34000000.0,,-155000000.0,5313000000.0,1864000000.0
2011-03-31,12128000000.0,,,,,9904000000.0,2224000000.0,-589000000.0,,596000000.0,943000000.0,0.34,0.34,2772000000.0,2805000000.0,1822000000.0,,3708000000.0,,,,1167000000.0,7547000000.0,,24911000000.0,27001000000.0,,1977000000.0,154259000000.0,4858000000.0,5441000000.0,,13747000000.0,,28919000000.0,,11617000000.0,,12504000000.0,-97000000.0,46328000000.0,154259000000.0,,84000000.0,130000000.0,725000000.0,,,,,,,3468000000.0,,,,,5658000000.0,1106000000.0,123000000.0,2000000.0,-6887000000.0,,,-743000000.0,-4162000000.0,74000000.0
2011-06-30,26461000000.0,,,,,21299000000.0,5162000000.0,-1146000000.0,4016000000.0,1610000000.0,1965000000.0,0.71,0.7,2765000000.0,2799000000.0,1997000000.0,,4156000000.0,,,,1242000000.0,8350000000.0,,24619000000.0,26919000000.0,,2126000000.0,154782000000.0,4838000000.0,5274000000.0,,12697000000.0,,29477000000.0,,11985000000.0,,12932000000.0,-105000000.0,46643000000.0,154782000000.0,,174000000.0,693000000.0,-277000000.0,,,,,,,6956000000.0,,,,,5660000000.0,2377000000.0,296000000.0,23000000.0,-8286000000.0,,,-2657000000.0,-3987000000.0,570000000.0
2011-09-30,40800000000.0,,,,,32997000000.0,7803000000.0,-1982000000.0,5821000000.0,2249000000.0,2873000000.0,1.04,1.03,2757000000.0,2789000000.0,1806000000.0,,4096000000.0,,,,1625000000.0,8582000000.0,,27441000000.0,26831000000.0,,2201000000.0,156827000000.0,5455000000.0,4996000000.0,,14146000000.0,,29663000000.0,,11657000000.0,,13236000000.0,-147000000.0,46683000000.0,156827000000.0,,260000000.0,770000000.0,-290000000.0,,,,,,,10206000000.0,,,,,6407000000.0,3785000000.0,505000000.0,33000000.0,-10661000000.0,,,-3723000000.0,-4178000000.0,1166000000.0
2011-12-31,55842000000.0,,,,,45121000000.0,10721000000.0,-2514000000.0,8207000000.0,3050000000.0,4160000000.0,1.51,1.5,2746000000.0,2778000000.0,1620000000.0,,4351000000.0,,-29707000000.0,,1615000000.0,8573000000.0,,27559000000.0,26874000000.0,,2190000000.0,157818000000.0,5705000000.0,4124000000.0,790000000.0,13241000000.0,,29932000000.0,,13034000000.0,,13971000000.0,-152000000.0,47274000000.0,157818000000.0,,344000000.0,1058000000.0,18000000.0,,,,,,,14345000000.0,,,,,6407000000.0,5307000000.0,954000000.0,-18000000.0,-12508000000.0,283000000.0,,-6201000000.0,-4364000000.0,1626000000.0
2012-03-31,14878000000.0,,,,,12120000000.0,2758000000.0,-561000000.0,2197000000.0,750000000.0,1224000000.0,0.45,0.45,2708000000.0,2744000000.0,2207000000.0,,4379000000.0,,,,1758000000.0,9355000000.0,,26962000000.0,26803000000.0,,2203000000.0,157949000000.0,5763000000.0,5770000000.0,,15632000000.0,,29812000000.0,,13446000000.0,,14217000000.0,-148000000.0,47476000000.0,157949000000.0,,89000000.0,-59000000.0,30000000.0,,,,,,,4393000000.0,,,,,0.0,1174000000.0,184000000.0,-36000000.0,-1349000000.0,150000000.0,,-2457000000.0,587000000.0,118000000.0
2012-06-30,30089000000.0,,,,,24252000000.0,5837000000.0,-1196000000.0,4641000000.0,1561000000.0,2572000000.0,0.95,0.94,2697000000.0,2733000000.0,2101000000.0,,4387000000.0,,,,1521000000.0,11354000000.0,,26891000000.0,27010000000.0,,2145000000.0,157688000000.0,5730000000.0,4731000000.0,1027000000.0,15742000000.0,,29881000000.0,,13432000000.0,,14626000000.0,-170000000.0,47731000000.0,157688000000.0,,189000000.0,41000000.0,30000000.0,,,,,,,7815000000.0,,,,,0.0,2461000000.0,414000000.0,-90000000.0,-2829000000.0,184000000.0,,-4505000000.0,481000000.0,1022000000.0
2012-09-30,46633000000.0,,,,,37748000000.0,8885000000.0,1335000000.0,9024000000.0,2966000000.0,4685000000.0,1.74,1.72,2687000000.0,2724000000.0,8899000000.0,,5123000000.0,,,,1606000000.0,18066000000.0,,26984000000.0,27088000000.0,,2184000000.0,162454000000.0,6250000000.0,6117000000.0,887000000.0,17335000000.0,,30231000000.0,,12860000000.0,,15774000000.0,-48000000.0,48892000000.0,162454000000.0,,278000000.0,321000000.0,763000000.0,,,,,,,11239000000.0,,,,,95000000.0,4043000000.0,605000000.0,-68000000.0,510000000.0,215000000.0,,-4470000000.0,7279000000.0,1855000000.0
2012-12-31,62570000000.0,,,,,50391000000.0,12179000000.0,-570000000.0,11609000000.0,3744000000.0,6203000000.0,2.32,2.28,2678000000.0,2717000000.0,10951000000.0,,5521000000.0,,-30017000000.0,,1146000000.0,19991000000.0,,27232000000.0,26985000000.0,,2180000000.0,164971000000.0,6206000000.0,5931000000.0,851000000.0,16714000000.0,,30110000000.0,,13271000000.0,,16280000000.0,15000000.0,49356000000.0,164971000000.0,,371000000.0,139000000.0,823000000.0,,,,,,,14854000000.0,,,,,90000000.0,5714000000.0,923000000.0,-74000000.0,-1486000000.0,233000000.0,,-4037000000.0,9331000000.0,2841000000.0
2013-03-31,15310000000.0,,,,,12243000000.0,3067000000.0,-497000000.0,2570000000.0,925000000.0,1437000000.0,0.55,0.54,2634000000.0,2675000000.0,1839000000.0,,5063000000.0,,,,1139000000.0,11783000000.0,,28219000000.0,26996000000.0,,2332000000.0,156364000000.0,5750000000.0,7719000000.0,903000000.0,18018000000.0,,31152000000.0,,12640000000.0,,16730000000.0,-11000000.0,48190000000.0,156364000000.0,,102000000.0,-373000000.0,,,,,,,,4369000000.0,,,,,,1361000000.0,182000000.0,-89000000.0,-2763000000.0,13000000.0,,-10718000000.0,-9112000000.0,461000000.0
2013-06-30,31580000000.0,,,,,25078000000.0,6502000000.0,-1140000000.0,5362000000.0,1973000000.0,3171000000.0,1.2,1.19,2633000000.0,2672000000.0,1389000000.0,,5507000000.0,,,,1215000000.0,12735000000.0,,28255000000.0,27075000000.0,,2311000000.0,156819000000.0,6077000000.0,7419000000.0,946000000.0,18602000000.0,,31303000000.0,,12461000000.0,,17509000000.0,77000000.0,49091000000.0,156819000000.0,,213000000.0,87000000.0,,,,,,,,7685000000.0,,,,,,2867000000.0,444000000.0,-66000000.0,-4960000000.0,24000000.0,,-12287000000.0,-9562000000.0,2222000000.0
2013-09-30,47731000000.0,,,,,37815000000.0,9916000000.0,-1755000000.0,8161000000.0,2994000000.0,4903000000.0,1.86,1.84,2629000000.0,2668000000.0,1603000000.0,,5501000000.0,,,,1212000000.0,13407000000.0,,28806000000.0,27079000000.0,,2345000000.0,156595000000.0,6032000000.0,7924000000.0,1001000000.0,18666000000.0,,31261000000.0,,11493000000.0,,18324000000.0,-110000000.0,49718000000.0,156595000000.0,,312000000.0,-52000000.0,,,,,,,,11679000000.0,,,,,42000000.0,4593000000.0,694000000.0,-83000000.0,-7327000000.0,35000000.0,,-13700000000.0,-9348000000.0,3180000000.0
2013-12-31,64657000000.0,,,,,51094000000.0,13563000000.0,-2448000000.0,11115000000.0,3980000000.0,6816000000.0,2.6,2.56,2625000000.0,2665000000.0,1718000000.0,,6376000000.0,,3795000000.0,,1480000000.0,14075000000.0,,29840000000.0,27098000000.0,,2343000000.0,158813000000.0,5528000000.0,7967000000.0,898000000.0,18912000000.0,,31935000000.0,,11384000000.0,,19235000000.0,56000000.0,50694000000.0,158813000000.0,,419000000.0,16000000.0,,,,,,,,14160000000.0,,,,,99000000.0,6596000000.0,1009000000.0,-85000000.0,-9514000000.0,40000000.0,,-13879000000.0,-9233000000.0,3946000000.0
2014-03-31,17408000000.0,,,,,13840000000.0,3568000000.0,-512000000.0,3056000000.0,1118000000.0,1871000000.0,0.72,0.71,2603000000.0,2645000000.0,3054000000.0,,6151000000.0,,,,1586000000.0,14043000000.0,,29588000000.0,27103000000.0,,2382000000.0,157773000000.0,5534000000.0,7418000000.0,776000000.0,17803000000.0,,31595000000.0,,11109000000.0,,19737000000.0,33000000.0,51268000000.0,157773000000.0,,119000000.0,-226000000.0,,,,,,,,4486000000.0,,,,,,1448000000.0,217000000.0,103000000.0,-1505000000.0,20000000.0,,-1645000000.0,1336000000.0,186000000.0
2014-06-30,34252000000.0,,,,,26880000000.0,7372000000.0,-1057000000.0,6315000000.0,2352000000.0,3863000000.0,1.49,1.47,2598000000.0,2636000000.0,1529000000.0,,6232000000.0,,,,1781000000.0,12772000000.0,,29970000000.0,27323000000.0,,2517000000.0,157459000000.0,5432000000.0,6785000000.0,847000000.0,17375000000.0,,31854000000.0,,11241000000.0,,20432000000.0,-14000000.0,51971000000.0,157459000000.0,,266000000.0,-22000000.0,,,,,,,,7547000000.0,,,,,406000000.0,3246000000.0,477000000.0,159000000.0,-3888000000.0,29000000.0,,-3848000000.0,-189000000.0,1904000000.0
2014-09-30,51043000000.0,,,,,39926000000.0,11117000000.0,-1762000000.0,9355000000.0,2759000000.0,6455000000.0,2.49,2.46,2592000000.0,2629000000.0,4547000000.0,,6172000000.0,,,,1694000000.0,13936000000.0,,30362000000.0,27323000000.0,,2474000000.0,159237000000.0,5680000000.0,5461000000.0,976000000.0,17084000000.0,,32227000000.0,,10388000000.0,,21805000000.0,3000000.0,53298000000.0,159237000000.0,,386000000.0,358000000.0,,,,,,,,12302000000.0,,,,,477000000.0,5196000000.0,735000000.0,127000000.0,-6080000000.0,33000000.0,,-3393000000.0,2829000000.0,2878000000.0
2014-12-31,68775000000.0,,,,,53871000000.0,14904000000.0,-2439000000.0,12465000000.0,3873000000.0,8380000000.0,3.24,3.2,2583000000.0,2620000000.0,3910000000.0,,6321000000.0,,3572000000.0,,1859000000.0,13531000000.0,,30953000000.0,27316000000.0,,2333000000.0,159339000000.0,5638000000.0,5293000000.0,915000000.0,17410000000.0,,32959000000.0,,10819000000.0,,21539000000.0,-146000000.0,52711000000.0,159339000000.0,,513000000.0,1165000000.0,,,,,,,,16945000000.0,,,,,477000000.0,7420000000.0,1122000000.0,171000000.0,-8733000000.0,35000000.0,,-6020000000.0,2192000000.0,3668000000.0
2015-03-31,17853000000.0,,,,,13963000000.0,3890000000.0,-488000000.0,3402000000.0,1261000000.0,2059000000.0,0.82,0.81,2520000000.0,2556000000.0,3937000000.0,,6144000000.0,,,,1737000000.0,12921000000.0,,31127000000.0,27302000000.0,,2319000000.0,158757000000.0,6157000000.0,5808000000.0,970000000.0,18502000000.0,,32855000000.0,,10837000000.0,,21186000000.0,-188000000.0,52171000000.0,158757000000.0,,135000000.0,-119000000.0,,,,,,,,5245000000.0,,,,,,1726000000.0,273000000.0,-181000000.0,-1694000000.0,28000000.0,,-3524000000.0,27000000.0,118000000.0
2015-06-30,36596000000.0,,,,,28601000000.0,7995000000.0,-1105000000.0,6890000000.0,2574000000.0,4196000000.0,1.67,1.65,2510000000.0,2544000000.0,3486000000.0,,7016000000.0,,,,1826000000.0,13319000000.0,,31572000000.0,27422000000.0,,2445000000.0,159674000000.0,5880000000.0,5093000000.0,1122000000.0,17565000000.0,,33198000000.0,,10438000000.0,,21313000000.0,-166000000.0,52400000000.0,159674000000.0,,294000000.0,111000000.0,,,,,,,,8834000000.0,,,,,179000000.0,3697000000.0,600000000.0,-182000000.0,-4236000000.0,32000000.0,,-5022000000.0,-424000000.0,1999000000.0
2015-09-30,55265000000.0,,,,,43269000000.0,11996000000.0,-1842000000.0,10154000000.0,3797000000.0,6192000000.0,2.48,2.45,2498000000.0,2530000000.0,1893000000.0,,6527000000.0,,,,1814000000.0,11501000000.0,,32170000000.0,27492000000.0,,2500000000.0,158958000000.0,5996000000.0,5455000000.0,1265000000.0,17359000000.0,,33131000000.0,,10694000000.0,,20883000000.0,-195000000.0,51716000000.0,158958000000.0,,430000000.0,67000000.0,,,,,,,,13813000000.0,,,,,286000000.0,5862000000.0,916000000.0,-268000000.0,-7204000000.0,35000000.0,,-8626000000.0,-2017000000.0,3145000000.0
2015-12-31,74510000000.0,,,,,58512000000.0,15998000000.0,-2626000000.0,13372000000.0,4959000000.0,8163000000.0,3.28,3.24,2486000000.0,2518000000.0,2295000000.0,,6896000000.0,,4014000000.0,,1793000000.0,12303000000.0,,33665000000.0,32945000000.0,,2272000000.0,166574000000.0,6215000000.0,5462000000.0,1302000000.0,18178000000.0,,33566000000.0,,10637000000.0,,21413000000.0,-174000000.0,52269000000.0,166574000000.0,,567000000.0,958000000.0,,,,,,,,18778000000.0,,,,,1786000000.0,8499000000.0,1370000000.0,-220000000.0,-11964000000.0,36000000.0,,-8429000000.0,-1615000000.0,3726000000.0
2016-03-31,18790000000.0,,,,,14701000000.0,4089000000.0,-554000000.0,3535000000.0,1311000000.0,2134000000.0,0.88,0.87,2434000000.0,2462000000.0,5628000000.0,,6375000000.0,,,,1787000000.0,15180000000.0,,34122000000.0,33458000000.0,,2237000000.0,170599000000.0,6333000000.0,5729000000.0,1393000000.0,19084000000.0,,33821000000.0,,10431000000.0,,21750000000.0,-84000000.0,52642000000.0,170599000000.0,,153000000.0,217000000.0,,,,,,,,5110000000.0,,,,,24000000.0,1885000000.0,378000000.0,-56000000.0,-2709000000.0,12000000.0,,932000000.0,3333000000.0,190000000.0
2016-06-30,38059000000.0,,,,,29904000000.0,8155000000.0,-1262000000.0,6893000000.0,2589000000.0,4162000000.0,1.71,1.7,2427000000.0,2454000000.0,4665000000.0,,6708000000.0,,,,1969000000.0,14777000000.0,,34896000000.0,33792000000.0,,2462000000.0,171985000000.0,6359000000.0,5155000000.0,1611000000.0,17601000000.0,,34512000000.0,,10719000000.0,,22117000000.0,1000000.0,53098000000.0,171985000000.0,,331000000.0,618000000.0,,,,,,,,9383000000.0,,,,,126000000.0,4156000000.0,737000000.0,156000000.0,-5828000000.0,19000000.0,,-1185000000.0,2370000000.0,1685000000.0
2016-09-30,59378000000.0,,,,,46783000000.0,12595000000.0,-1978000000.0,10617000000.0,3989000000.0,6399000000.0,2.65,2.62,2419000000.0,2446000000.0,2807000000.0,,7533000000.0,,,,3519000000.0,15228000000.0,,35656000000.0,36652000000.0,,2658000000.0,177924000000.0,6594000000.0,5201000000.0,1340000000.0,18038000000.0,,34523000000.0,,11119000000.0,,22510000000.0,34000000.0,53481000000.0,177924000000.0,,495000000.0,985000000.0,,,,,,,,13497000000.0,,,,,3904000000.0,6562000000.0,1163000000.0,29000000.0,-14152000000.0,23000000.0,,1167000000.0,512000000.0,2716000000.0
2016-12-31,80403000000.0,,,,,63544000000.0,16859000000.0,-2506000000.0,14353000000.0,5308000000.0,8695000000.0,3.61,3.57,2410000000.0,2438000000.0,3301000000.0,,7955000000.0,,4067000000.0,,2083000000.0,16361000000.0,,36253000000.0,35980000000.0,,2769000000.0,180500000000.0,6915000000.0,6282000000.0,1132000000.0,21535000000.0,,34854000000.0,,10925000000.0,,23076000000.0,98000000.0,53943000000.0,180500000000.0,,640000000.0,1444000000.0,,,,,,,,19240000000.0,,,,,3929000000.0,9135000000.0,1686000000.0,-21000000.0,-18385000000.0,23000000.0,,151000000.0,1006000000.0,3693000000.0
2017-03-31,20463000000.0,,,,,15933000000.0,4530000000.0,-625000000.0,3905000000.0,1258000000.0,2566000000.0,0.54,0.53,4747000000.0,4832000000.0,4022000000.0,,7525000000.0,,,,2219000000.0,15245000000.0,,36626000000.0,36592000000.0,,2732000000.0,182479000000.0,6658000000.0,5862000000.0,1234000000.0,19074000000.0,,35348000000.0,,10677000000.0,,24063000000.0,342000000.0,55059000000.0,182479000000.0,,173000000.0,-265000000.0,,,,,,,,5656000000.0,,,,,216000000.0,2078000000.0,416000000.0,-57000000.0,-3794000000.0,0.0,,-1141000000.0,721000000.0,132000000.0
2017-06-30,41628000000.0,,,,,32540000000.0,9088000000.0,-1284000000.0,7804000000.0,2622000000.0,5079000000.0,1.07,1.05,4738000000.0,4820000000.0,2693000000.0,,7849000000.0,,,,2657000000.0,14832000000.0,,37171000000.0,36742000000.0,,2899000000.0,183031000000.0,6730000000.0,5858000000.0,1448000000.0,22276000000.0,,,,10837000000.0,,24560000000.0,428000000.0,55005000000.0,183031000000.0,,391000000.0,470000000.0,,,,,,,,10814000000.0,,,,,398000000.0,4405000000.0,836000000.0,-170000000.0,-7487000000.0,0.0,,-3935000000.0,-608000000.0,2209000000.0
2017-09-30,62611000000.0,,,,,48731000000.0,13880000000.0,-1980000000.0,11900000000.0,4035000000.0,7729000000.0,1.64,1.61,4725000000.0,4806000000.0,4114000000.0,,7915000000.0,,,,2152000000.0,15960000000.0,,37856000000.0,36752000000.0,,3145000000.0,185301000000.0,6976000000.0,5849000000.0,1572000000.0,21449000000.0,,,,10914000000.0,,24979000000.0,381000000.0,55427000000.0,185301000000.0,,594000000.0,678000000.0,,,,,,,,15961000000.0,,,,,429000000.0,6839000000.0,1240000000.0,-750000000.0,-10027000000.0,0.0,,-5121000000.0,813000000.0,3415000000.0
2017-12-31,84526000000.0,,,,,66539000000.0,17987000000.0,-2665000000.0,15322000000.0,-7578000000.0,22714000000.0,4.82,4.75,4708000000.0,4786000000.0,3428000000.0,,8546000000.0,,2130000000.0,,2464000000.0,16060000000.0,,38470000000.0,36780000000.0,,3489000000.0,186949000000.0,6926000000.0,6266000000.0,1552000000.0,21561000000.0,,,,10904000000.0,,38192000000.0,379000000.0,68606000000.0,186949000000.0,,751000000.0,-10655000000.0,,,,,,,,21403000000.0,,,,,532000000.0,9550000000.0,1747000000.0,-685000000.0,-13704000000.0,0.0,,-7572000000.0,127000000.0,4057000000.0
2018-03-31,22791000000.0,,,,,18146000000.0,4645000000.0,126000000.0,3994000000.0,818000000.0,3118000000.0,0.67,0.66,4633000000.0,4705000000.0,6030000000.0,,8759000000.0,,,,2610000000.0,18753000000.0,,39068000000.0,37147000000.0,,3707000000.0,190876000000.0,7349000000.0,5554000000.0,1578000000.0,19179000000.0,,,,11253000000.0,,38961000000.0,608000000.0,69482000000.0,190876000000.0,,199000000.0,389000000.0,,,,,,,,5474000000.0,,,,,89000000.0,1973000000.0,419000000.0,-387000000.0,-2292000000.0,,,-576000000.0,2606000000.0,162000000.0
2018-06-30,44526000000.0,,,,,34867000000.0,9659000000.0,203000000.0,8279000000.0,1895000000.0,6334000000.0,1.37,1.36,4616000000.0,4674000000.0,5726000000.0,,8847000000.0,,,,2423000000.0,18215000000.0,,39355000000.0,36872000000.0,,3744000000.0,191248000000.0,6940000000.0,5956000000.0,1746000000.0,19007000000.0,,,,12069000000.0,,40269000000.0,461000000.0,70694000000.0,191248000000.0,,410000000.0,814000000.0,,,,,,,,12537000000.0,,,,,88000000.0,4223000000.0,930000000.0,-580000000.0,-5306000000.0,,,-4960000000.0,2271000000.0,623000000.0
2018-09-30,66661000000.0,,,,,52166000000.0,14495000000.0,-111000000.0,12174000000.0,2894000000.0,9220000000.0,2.0,1.98,4599000000.0,4655000000.0,10616000000.0,,8983000000.0,,,,2384000000.0,23206000000.0,,39855000000.0,36703000000.0,,7756000000.0,200635000000.0,7036000000.0,5976000000.0,1633000000.0,19627000000.0,,,,12468000000.0,,41218000000.0,374000000.0,71523000000.0,200635000000.0,,607000000.0,877000000.0,,,,,,,,18507000000.0,,,,,88000000.0,6607000000.0,1375000000.0,-579000000.0,-8590000000.0,,,1134000000.0,11051000000.0,1533000000.0
2018-12-31,94507000000.0,,,,,75498000000.0,19009000000.0,-225000000.0,15242000000.0,3380000000.0,11731000000.0,2.56,2.53,4584000000.0,4640000000.0,3814000000.0,,11104000000.0,,3950000000.0,,3184000000.0,21848000000.0,,44437000000.0,66154000000.0,,5802000000.0,251684000000.0,8494000000.0,10721000000.0,2182000000.0,27603000000.0,,,,15329000000.0,,41983000000.0,-368000000.0,71613000000.0,251684000000.0,,826000000.0,290000000.0,,,,,,,,24297000000.0,,,,,38219000000.0,9774000000.0,1935000000.0,-793000000.0,-50854000000.0,0.0,,27140000000.0,338000000.0,2355000000.0
2019-03-31,26859000000.0,,,,,21677000000.0,5182000000.0,676000000.0,4708000000.0,1076000000.0,3553000000.0,0.78,0.77,4534000000.0,4594000000.0,3498000000.0,,10736000000.0,,,,3097000000.0,20273000000.0,,45721000000.0,68073000000.0,,8645000000.0,256189000000.0,10232000000.0,8832000000.0,2485000000.0,27917000000.0,786000000.0,,,18811000000.0,,44379000000.0,422000000.0,74959000000.0,256189000000.0,3320000000.0,245000000.0,271000000.0,,,,,,,,7231000000.0,,,,,48000000.0,2092000000.0,547000000.0,-99000000.0,-3226000000.0,,,-4325000000.0,-312000000.0,189000000.0
2019-06-30,53717000000.0,,,,,43179000000.0,10538000000.0,621000000.0,8872000000.0,2037000000.0,6678000000.0,1.47,1.45,4547000000.0,4607000000.0,3919000000.0,,10835000000.0,,,,4660000000.0,21361000000.0,,46047000000.0,67945000000.0,,8770000000.0,256555000000.0,10014000000.0,10304000000.0,2642000000.0,31008000000.0,888000000.0,,,17144000000.0,,46425000000.0,-62000000.0,76850000000.0,256555000000.0,,533000000.0,466000000.0,,,,,,,,14271000000.0,,,,,114000000.0,4355000000.0,1078000000.0,-74000000.0,-7414000000.0,,,-6732000000.0,110000000.0,1634000000.0
2019-09-30,80544000000.0,,,,,64666000000.0,15878000000.0,511000000.0,12935000000.0,2812000000.0,9895000000.0,2.18,2.15,4551000000.0,4619000000.0,3507000000.0,,10684000000.0,,,,4675000000.0,22323000000.0,,46790000000.0,66913000000.0,,8883000000.0,256374000000.0,10198000000.0,10193000000.0,2944000000.0,25989000000.0,663000000.0,,,16853000000.0,,48570000000.0,-1159000000.0,78144000000.0,256374000000.0,,790000000.0,468000000.0,,,,,,,,19462000000.0,,,,,181000000.0,6866000000.0,1686000000.0,-86000000.0,-10912000000.0,,,-8826000000.0,-307000000.0,2490000000.0
2019-12-31,108942000000.0,,,,,87817000000.0,21125000000.0,438000000.0,16996000000.0,3673000000.0,13057000000.0,2.87,2.83,4548000000.0,4610000000.0,5500000000.0,,11292000000.0,,2890000000.0,,4723000000.0,25392000000.0,,48322000000.0,68725000000.0,,8866000000.0,263414000000.0,10826000000.0,10516000000.0,2768000000.0,30292000000.0,618000000.0,,,16765000000.0,,50695000000.0,1047000000.0,82726000000.0,263414000000.0,,1021000000.0,563000000.0,,,,,,,,25697000000.0,,,,,370000000.0,9953000000.0,2475000000.0,-140000000.0,-14841000000.0,,,-9181000000.0,1680000000.0,3231000000.0
2020-03-31,26609000000.0,,,,,21757000000.0,4852000000.0,-716000000.0,2924000000.0,700000000.0,2147000000.0,0.47,0.46,4562000000.0,4617000000.0,8516000000.0,,10800000000.0,,,,4768000000.0,24084000000.0,,48442000000.0,67218000000.0,,9175000000.0,262421000000.0,9963000000.0,10136000000.0,2634000000.0,27600000000.0,894000000.0,,,17144000000.0,,51516000000.0,-1144000000.0,81506000000.0,262421000000.0,3264000000.0,298000000.0,-120000000.0,,,,,,,,5824000000.0,,,,,194000000.0,1881000000.0,618000000.0,-15000000.0,-3101000000.0,,,374000000.0,3020000000.0,281000000.0
2020-06-30,50324000000.0,,,,,40825000000.0,9499000000.0,420000000.0,6879000000.0,1646000000.0,5135000000.0,1.12,1.11,4570000000.0,4611000000.0,13935000000.0,,10227000000.0,,,,3323000000.0,27485000000.0,,48985000000.0,67354000000.0,,9012000000.0,265978000000.0,10426000000.0,9770000000.0,2403000000.0,28445000000.0,904000000.0,,,17608000000.0,,53420000000.0,-1279000000.0,83614000000.0,265978000000.0,6528000000.0,621000000.0,-84000000.0,,,,,,,,14467000000.0,,,,,198000000.0,3957000000.0,1219000000.0,-33000000.0,-4478000000.0,,,-1525000000.0,8387000000.0,333000000.0
2020-09-30,75856000000.0,,,,,62281000000.0,13575000000.0,-382000000.0,9649000000.0,2385000000.0,7154000000.0,1.57,1.55,4577000000.0,4628000000.0,13707000000.0,,10310000000.0,,,,3352000000.0,27369000000.0,,50466000000.0,68898000000.0,,8485000000.0,268940000000.0,10979000000.0,9421000000.0,2888000000.0,29511000000.0,698000000.0,,,17537000000.0,,54254000000.0,212000000.0,86176000000.0,268940000000.0,9848000000.0,922000000.0,-224000000.0,,,,,,,,19695000000.0,,,,,225000000.0,6344000000.0,1771000000.0,101000000.0,-7973000000.0,,,-3591000000.0,8148000000.0,2298000000.0
2020-12-31,103564000000.0,,,,,86071000000.0,17493000000.0,1160000000.0,14065000000.0,3364000000.0,10534000000.0,2.3,2.28,4574000000.0,4624000000.0,11740000000.0,,11466000000.0,,3550000000.0,,3535000000.0,26741000000.0,,51995000000.0,70669000000.0,,8103000000.0,273869000000.0,11364000000.0,9617000000.0,2963000000.0,28796000000.0,750000000.0,,,18222000000.0,,56438000000.0,1884000000.0,90323000000.0,273869000000.0,,1193000000.0,-550000000.0,,,,,,,,24737000000.0,,,,,233000000.0,9179000000.0,2455000000.0,-250000000.0,-12047000000.0,,,-6513000000.0,6179000000.0,3183000000.0
2021-03-31,27205000000.0,,,,,22166000000.0,5039000000.0,390000000.0,4411000000.0,1119000000.0,3329000000.0,0.73,0.71,4591000000.0,4665000000.0,14950000000.0,,10986000000.0,,,,3502000000.0,29438000000.0,,52317000000.0,70106000000.0,,11065000000.0,278511000000.0,11148000000.0,9891000000.0,3376000000.0,30811000000.0,726000000.0,,,20690000000.0,,58321000000.0,1972000000.0,92575000000.0,278511000000.0,3362000000.0,373000000.0,28000000.0,,,,,,,,7751000000.0,,,,,147000000.0,1859000000.0,612000000.0,-98000000.0,-2612000000.0,,,-1898000000.0,3208000000.0,87000000.0
2021-06-30,55751000000.0,,,,,45205000000.0,10546000000.0,1607000000.0,10042000000.0,3119000000.0,7067000000.0,1.54,1.51,4601000000.0,4673000000.0,12378000000.0,,11110000000.0,,,,3558000000.0,27046000000.0,,52769000000.0,70429000000.0,,11235000000.0,277004000000.0,11672000000.0,8956000000.0,3566000000.0,29314000000.0,719000000.0,,,20775000000.0,,60359000000.0,1992000000.0,94935000000.0,277004000000.0,6745000000.0,711000000.0,1297000000.0,,,,,,,,15357000000.0,,,,,168000000.0,4003000000.0,1283000000.0,-217000000.0,-5631000000.0,,,-9064000000.0,650000000.0,1832000000.0
2021-09-30,86049000000.0,,,,,70053000000.0,15996000000.0,2374000000.0,15208000000.0,4354000000.0,11102000000.0,2.42,2.38,4593000000.0,4668000000.0,11806000000.0,,11974000000.0,,,,3646000000.0,27427000000.0,,52809000000.0,69626000000.0,,12070000000.0,277061000000.0,12020000000.0,9250000000.0,3091000000.0,26738000000.0,732000000.0,,,20756000000.0,,61783000000.0,1328000000.0,95782000000.0,277061000000.0,10222000000.0,1019000000.0,2087000000.0,,,,,,,,21457000000.0,,,,,167000000.0,6146000000.0,2006000000.0,-359000000.0,-8406000000.0,,,-12946000000.0,90000000.0,2201000000.0
2021-12-31,116385000000.0,,,,,95568000000.0,20817000000.0,2557000000.0,19093000000.0,5259000000.0,14159000000.0,3.09,3.04,4584000000.0,4654000000.0,8711000000.0,,12008000000.0,,3533000000.0,,4088000000.0,24807000000.0,,54047000000.0,70189000000.0,,12424000000.0,275905000000.0,12455000000.0,9899000000.0,3040000000.0,29348000000.0,695000000.0,,,20620000000.0,,61902000000.0,1480000000.0,96092000000.0,275905000000.0,13804000000.0,1315000000.0,1892000000.0,,,,,,,,29146000000.0,,,,,1374000000.0,9174000000.0,2883000000.0,-451000000.0,-13446000000.0,,,-18618000000.0,-2989000000.0,2628000000.0
2022-03-31,31010000000.0,,,,,25440000000.0,5569000000.0,188000000.0,4764000000.0,1288000000.0,3549000000.0,0.79,0.78,4512000000.0,4558000000.0,8880000000.0,,12300000000.0,,,,4201000000.0,25381000000.0,,53820000000.0,69052000000.0,,12694000000.0,274074000000.0,12707000000.0,10071000000.0,3018000000.0,29657000000.0,682000000.0,,,20441000000.0,,61555000000.0,674000000.0,94693000000.0,274074000000.0,3548000000.0,376000000.0,106000000.0,,,,,,,,7257000000.0,,,,,0.0,1856000000.0,641000000.0,-44000000.0,-2597000000.0,,,-4490000000.0,135000000.0,90000000.0
2022-06-30,61026000000.0,,,,,49089000000.0,11936000000.0,-897000000.0,9266000000.0,2548000000.0,6945000000.0,1.55,1.54,4485000000.0,4520000000.0,6822000000.0,,11956000000.0,,,,5415000000.0,24192000000.0,,53508000000.0,66486000000.0,,12892000000.0,267032000000.0,12304000000.0,8663000000.0,2787000000.0,27585000000.0,665000000.0,,,20254000000.0,,61209000000.0,-2170000000.0,91426000000.0,267032000000.0,7016000000.0,675000000.0,-31000000.0,,,,,,,,13584000000.0,,,,,0.0,4270000000.0,1383000000.0,-86000000.0,-6792000000.0,,,-8636000000.0,-1920000000.0,2841000000.0
2022-09-30,90874000000.0,,,,,81363000000.0,9511000000.0,-975000000.0,5614000000.0,3562000000.0,-4598000000.0,-1.05,-1.05,4449000000.0,4477000000.0,5695000000.0,,11918000000.0,,,,5803000000.0,23416000000.0,,53555000000.0,56414000000.0,,12411000000.0,254308000000.0,12241000000.0,9229000000.0,2757000000.0,27999000000.0,701000000.0,,,20288000000.0,,52541000000.0,-4555000000.0,80296000000.0,254308000000.0,10349000000.0,989000000.0,-326000000.0,,,,,,,,20530000000.0,,,,,1000000.0,7062000000.0,2152000000.0,-170000000.0,-10158000000.0,,,-13299000000.0,-3049000000.0,4022000000.0
2022-12-31,121427000000.0,,,,,107385000000.0,14041000000.0,-861000000.0,9284000000.0,4359000000.0,5370000000.0,1.22,1.21,4406000000.0,4430000000.0,4749000000.0,,12672000000.0,,3240000000.0,,4406000000.0,21826000000.0,,55500000000.0,58500000000.0,,12497000000.0,257275000000.0,12544000000.0,9450000000.0,2380000000.0,27887000000.0,735000000.0,,,20395000000.0,,51609000000.0,-2611000000.0,80943000000.0,257275000000.0,13821000000.0,1336000000.0,-834000000.0,,,,,,,,26413000000.0,,,,,12000000.0,10626000000.0,3141000000.0,-258000000.0,-14140000000.0,,,-16184000000.0,-3997000000.0,5265000000.0
2023-03-31,29691000000.0,,,,,24045000000.0,5646000000.0,607000000.0,5243000000.0,1476000000.0,3834000000.0,0.91,0.91,4208000000.0,4227000000.0,5535000000.0,,12287000000.0,,,,4555000000.0,22377000000.0,,56279000000.0,59000000000.0,,12535000000.0,259429000000.0,12159000000.0,9648000000.0,2663000000.0,32415000000.0,804000000.0,,,20353000000.0,,52524000000.0,-1898000000.0,82421000000.0,259429000000.0,3777000000.0,359000000.0,82000000.0,,,,,,,,7228000000.0,,,,,,2664000000.0,765000000.0,48000000.0,-3370000000.0,,,-3082000000.0,796000000.0,148000000.0
2023-06-30,60205000000.0,,,,,47849000000.0,12355000000.0,622000000.0,10970000000.0,3013000000.0,8082000000.0,1.93,1.92,4186000000.0,4205000000.0,7146000000.0,,12980000000.0,,,,4796000000.0,24922000000.0,,56851000000.0,59042000000.0,,12323000000.0,262147000000.0,12213000000.0,7876000000.0,3327000000.0,32925000000.0,781000000.0,,,20280000000.0,,53900000000.0,-1432000000.0,84119000000.0,262147000000.0,7315000000.0,668000000.0,296000000.0,,,,,,,,14426000000.0,,,,,,5627000000.0,1577000000.0,-6000000.0,-7528000000.0,,,-4492000000.0,2420000000.0,2384000000.0
2023-09-30,90319000000.0,,,,,71489000000.0,18830000000.0,672000000.0,16434000000.0,4481000000.0,12128000000.0,2.92,2.9,4160000000.0,4184000000.0,6435000000.0,,12835000000.0,,,,4870000000.0,24141000000.0,,58165000000.0,58100000000.0,,12036000000.0,261072000000.0,12214000000.0,8883000000.0,3566000000.0,34468000000.0,627000000.0,,,19768000000.0,,53751000000.0,-2525000000.0,82625000000.0,261072000000.0,10807000000.0,955000000.0,394000000.0,,,,,,,,22579000000.0,,,,,,8922000000.0,2405000000.0,-267000000.0,-11718000000.0,,,-9136000000.0,1707000000.0,3823000000.0
2023-12-31,121572000000.0,,,,,98258000000.0,23314000000.0,1252000000.0,20478000000.0,5371000000.0,15388000000.0,3.73,3.71,4122000000.0,4148000000.0,6215000000.0,,13813000000.0,,6318000000.0,,3959000000.0,23987000000.0,,59700000000.0,59300000000.0,,12333000000.0,264811000000.0,12437000000.0,11613000000.0,3242000000.0,40198000000.0,618000000.0,,,20122000000.0,,52892000000.0,-1253000000.0,82703000000.0,264811000000.0,14336000000.0,1241000000.0,-2739000000.0,,,,,,,,28501000000.0,,,,,0.0,12242000000.0,3298000000.0,-558000000.0,-7161000000.0,,,-19850000000.0,1500000000.0,5107000000.0
2024-03-31,30058000000.0,,,,,24248000000.0,5810000000.0,298000000.0,5105000000.0,1328000000.0,3857000000.0,0.97,0.97,3959000000.0,3992000000.0,6515000000.0,,13144000000.0,,,,4319000000.0,23978000000.0,,59918000000.0,58668000000.0,,12304000000.0,263601000000.0,11792000000.0,11834000000.0,3446000000.0,40324000000.0,622000000.0,,,19935000000.0,,53425000000.0,-1680000000.0,82549000000.0,263601000000.0,3551000000.0,373000000.0,-17000000.0,,,,,,,,7848000000.0,,,,,,2630000000.0,679000000.0,-35000000.0,-3511000000.0,,,-4023000000.0,304000000.0,349000000.0
2024-06-30,59746000000.0,,,,,47301000000.0,12445000000.0,-434000000.0,10280000000.0,2663000000.0,7785000000.0,1.98,1.97,3932000000.0,3956000000.0,6065000000.0,,13167000000.0,,,,4220000000.0,23452000000.0,,60507000000.0,58376000000.0,,12468000000.0,262555000000.0,11736000000.0,7955000000.0,3943000000.0,35342000000.0,703000000.0,,,19914000000.0,,54308000000.0,-1822000000.0,83219000000.0,262555000000.0,7091000000.0,689000000.0,240000000.0,,,,,,,,12572000000.0,,,,,,5354000000.0,1341000000.0,-73000000.0,-6879000000.0,,,-5817000000.0,-141000000.0,4568000000.0
2024-09-30,91817000000.0,,,,,73512000000.0,18304000000.0,-140000000.0,15099000000.0,3906000000.0,11415000000.0,2.92,2.9,3908000000.0,3930000000.0,8814000000.0,,14036000000.0,,,,4336000000.0,27186000000.0,,61775000000.0,60076000000.0,,12686000000.0,269871000000.0,11779000000.0,8977000000.0,3778000000.0,37786000000.0,650000000.0,,,20526000000.0,,55105000000.0,-8000000.0,85774000000.0,269871000000.0,10969000000.0,983000000.0,123000000.0,,,,,,,,19593000000.0,,,,,,8267000000.0,2043000000.0,-108000000.0,-10559000000.0,,,-6459000000.0,2596000000.0,5988000000.0
