Date,Net sales,Cost of sales,Gross margin,Research and development,"Selling, general and administrative",Total operating expenses,Operating income,"Other income/(expense), net",Income before provision for income taxes,Provision for income taxes,Net income,Earnings per share basic,Earnings per share diluted,Weighted-average basic,Weighted-average diluted,Cash and cash equivalents,Short-term marketable securities,"Accounts receivable, net",Inventories,Deferred tax assets,Vendor non-trade receivables,Other current assets,Total current assets,Long-term marketable securities,"Property, Plant and Equipment, Net",Goodwill,"Acquired intangible assets, net","Other Assets, Noncurrent",Total assets,accounts payable,Accrued expenses,Deferred revenue,Total current liabilities,Deferred revenue - non-current,deferred tax liabilities,long term taxes payable,Total other non-current liabilities,Total liabilities,Retained Earnings (Accumulated Deficit),Accumulated other comprehensive (loss)/income,Total shareholders equity,Total liabilities and shareholders' equity,"Depreciation, amortization and accretion",Stock-based compensation expense,Deferred income tax expense,"Increase (Decrease) in Accounts receivable, net",Increase (Decrease) in Inventories,Increase (Decrease) in Other Receivables,Increase (Decrease) in Other Operating Assets,Increase (Decrease) in Accounts Payable,Increase (Decrease) in Deferred Revenue,Increase (Decrease) Other liabilities,Cash generated by operating activities,Purchases of marketable securities,Proceeds from maturities of marketable securities,Proceeds from sales of marketable securities,Purchases of other long-term investments,"Business acquisitions, net of cash acquired",Cash payments for capital asset purchases,Payments for acquisition of intangible assets,Payments for (Proceeds from) Other Investing Activities,Cash used in investing activities,Proceeds from issuance of common stock,Excess tax benefits from stock-based compensation,Cash generated/used in financing activities,Increase/(decrease) in cash and cash equivalents,"Cash paid for income taxes, net"
2009-12-31,2612800000.0,,,,,1023700000.0,1589100000.0,-151600000.0,,611700000.0,825800000.0,12.44,12.41,66366000.0,66548000.0,260600000.0,42600000.0,248300000.0,,,,165600000.0,6699000000.0,,738500000.0,7549200000.0,3246500000.0,435800000.0,35651000000.0,46700000.0,195200000.0,,6523600000.0,,7645900000.0,,165800000.0,16350000000.0,2239900000.0,-126200000.0,19301000000.0,35651000000.0,,33400000.0,-56900000.0,14400000.0,,,6900000.0,-24300000.0,,30700000.0,1083100000.0,159900000.0,439800000.0,,,0.0,157900000.0,,0.0,544800000.0,,2500000.0,-1665200000.0,-37300000.0,
2010-03-31,693200000.0,,,,,278500000.0,414700000.0,-15800000.0,,158700000.0,240200000.0,3.63,3.62,66234000.0,66428000.0,444200000.0,46300000.0,316900000.0,,,,165500000.0,5483000000.0,,734700000.0,7978600000.0,3535000000.0,433100000.0,35202400000.0,36300000.0,317600000.0,,5163900000.0,,7787400000.0,,170300000.0,15945400000.0,2404200000.0,-133800000.0,19189700000.0,35202400000.0,,9300000.0,-7200000.0,48300000.0,,,12800000.0,-10400000.0,,7800000.0,355700000.0,5100000.0,5500000.0,,,,26300000.0,,,-19800000.0,,2400000.0,-152300000.0,183600000.0,
2010-06-30,1507100000.0,,,,,577300000.0,929800000.0,-50800000.0,,367600000.0,510900000.0,7.75,7.73,65906000.0,66104000.0,363600000.0,45000000.0,330800000.0,,,,103800000.0,4602000000.0,,729500000.0,7962800000.0,3502000000.0,424600000.0,34258900000.0,37600000.0,237900000.0,,4334300000.0,,7775900000.0,,172900000.0,14807500000.0,2599300000.0,-136800000.0,19383500000.0,34258900000.0,,18900000.0,-17800000.0,65000000.0,,,13900000.0,-8200000.0,,7200000.0,649100000.0,5100000.0,6100000.0,,,,53800000.0,,,-7700000.0,,3100000.0,-538400000.0,103000000.0,
2010-09-30,2240500000.0,,,,,867800000.0,1372700000.0,-78000000.0,,539000000.0,755200000.0,11.42,11.39,66556000.0,66744000.0,568200000.0,44300000.0,333400000.0,,,,106900000.0,4049200000.0,,740600000.0,7961000000.0,3470500000.0,427200000.0,33686500000.0,43800000.0,205500000.0,,3666200000.0,,,,177400000.0,13717900000.0,2766800000.0,-124800000.0,19900800000.0,33686500000.0,,27900000.0,-31300000.0,63900000.0,,,-4800000.0,-2000000.0,,21700000.0,963000000.0,10200000.0,11500000.0,,,,97700000.0,,,-68700000.0,,3600000.0,-586700000.0,307600000.0,
2010-12-31,3003700000.0,,,,,1172600000.0,1831100000.0,-109200000.0,1721900000.0,769800000.0,951400000.0,14.35,14.31,66299000.0,66495000.0,855200000.0,50200000.0,297500000.0,,18300000.0,,146100000.0,5387500000.0,,786800000.0,7983600000.0,3453300000.0,394400000.0,35046100000.0,51800000.0,270400000.0,17600000.0,4781200000.0,,8018500000.0,71900000.0,191500000.0,14917900000.0,2885800000.0,-104100000.0,20060100000.0,35046100000.0,,40900000.0,22300000.0,28700000.0,,,6100000.0,6100000.0,,5300000.0,1356400000.0,10200000.0,11900000.0,,,19600000.0,160000000.0,,,-108400000.0,,5800000.0,-653400000.0,594600000.0,
2011-03-31,831600000.0,,,,,307500000.0,524100000.0,-12500000.0,511600000.0,54500000.0,456600000.0,6.83,6.81,66857000.0,67062000.0,664700000.0,54600000.0,394000000.0,,,,150400000.0,4587600000.0,,797000000.0,7985400000.0,3420200000.0,878300000.0,34709000000.0,58400000.0,361800000.0,,3744100000.0,,,,192400000.0,13852900000.0,3248800000.0,244900000.0,20787500000.0,34709000000.0,,12000000.0,-152100000.0,96400000.0,,,19500000.0,6300000.0,,2400000.0,362100000.0,5100000.0,5500000.0,,,,41400000.0,,600000.0,-41600000.0,,,-511000000.0,-190500000.0,
2011-06-30,1669900000.0,,,,,611300000.0,1058600000.0,-37700000.0,1020900000.0,268200000.0,750300000.0,11.23,11.2,66808000.0,67018000.0,693600000.0,55000000.0,385800000.0,,,,178900000.0,5555100000.0,,812800000.0,7985400000.0,3379100000.0,816300000.0,35589200000.0,39700000.0,241200000.0,,4522700000.0,,,,201100000.0,14616100000.0,3448600000.0,208300000.0,20902500000.0,35589200000.0,,24700000.0,-151700000.0,88000000.0,,,20500000.0,-12400000.0,,6800000.0,576100000.0,5100000.0,5800000.0,,,,88400000.0,,500000.0,-70200000.0,,500000.0,-667500000.0,-161600000.0,
2011-09-30,2544100000.0,,,,,913400000.0,1630700000.0,-63900000.0,1566800000.0,499100000.0,1066400000.0,15.99,15.94,66690000.0,66901000.0,829300000.0,46600000.0,369500000.0,,,,168400000.0,9091300000.0,,813800000.0,7984400000.0,3345800000.0,611800000.0,38887600000.0,40700000.0,204100000.0,,7922300000.0,,,,190000000.0,17953800000.0,3671600000.0,91900000.0,20864300000.0,38887600000.0,,37500000.0,-130800000.0,72500000.0,,,10900000.0,-11300000.0,,14700000.0,999800000.0,5100000.0,6000000.0,,,,129400000.0,,500000.0,-111000000.0,,700000.0,-914700000.0,-25900000.0,
2011-12-31,3280600000.0,,,,,1259500000.0,2021100000.0,-84600000.0,1936500000.0,122100000.0,1812300000.0,27.23,27.15,66547000.0,66762000.0,1042300000.0,47600000.0,289400000.0,,32000000.0,,232600000.0,10945800000.0,,821900000.0,7984000000.0,3312800000.0,653700000.0,40758700000.0,31100000.0,250200000.0,,9615200000.0,,7419100000.0,,187600000.0,19136400000.0,4324600000.0,111600000.0,21552000000.0,40758700000.0,,51300000.0,-658700000.0,13200000.0,,,27100000.0,-21000000.0,,13200000.0,1346300000.0,10200000.0,11300000.0,,,0.0,172200000.0,,500000.0,-153600000.0,,600000.0,-1005600000.0,187100000.0,
2012-03-31,774600000.0,,,,,323400000.0,451200000.0,-17800000.0,433400000.0,167100000.0,266600000.0,4.03,4.02,66163000.0,66370000.0,1061700000.0,45400000.0,360000000.0,,,,149700000.0,9354600000.0,,816500000.0,7984700000.0,3280300000.0,812500000.0,39289100000.0,29000000.0,343100000.0,,8109900000.0,,,,196400000.0,17670000000.0,4243600000.0,164800000.0,21549100000.0,39289100000.0,,14300000.0,-19200000.0,70300000.0,,,-4700000.0,-2100000.0,,2300000.0,395600000.0,0.0,9100000.0,,,,26700000.0,,0.0,-40400000.0,,2800000.0,-335800000.0,19400000.0,
2012-06-30,1570500000.0,,,,,650100000.0,920400000.0,41500000.0,944100000.0,424400000.0,511500000.0,1.55,1.54,331078000.0,332162000.0,1293200000.0,42700000.0,336900000.0,,,,160500000.0,8240900000.0,,703700000.0,7520600000.0,2888700000.0,1551500000.0,37945900000.0,38700000.0,213200000.0,,6659500000.0,,,,218100000.0,16247500000.0,4340300000.0,114300000.0,21620000000.0,37945900000.0,,35000000.0,45000000.0,73600000.0,,,2300000.0,8500000.0,,4600000.0,657800000.0,0.0,9300000.0,,,,63600000.0,,0.0,71800000.0,,3400000.0,-478700000.0,250900000.0,
2012-09-30,2253700000.0,,,,,937300000.0,1316400000.0,23500000.0,1339900000.0,601300000.0,729500000.0,2.2,2.2,331377000.0,332458000.0,2016900000.0,62000000.0,296900000.0,,,,245700000.0,10016800000.0,,705400000.0,7538300000.0,2879500000.0,1677500000.0,39858000000.0,44500000.0,200100000.0,,8389500000.0,,,,254100000.0,18069800000.0,4408600000.0,119700000.0,21708800000.0,39858000000.0,,48800000.0,67600000.0,32400000.0,,,19200000.0,14000000.0,,12000000.0,897200000.0,23500000.0,15400000.0,,,,103900000.0,,0.0,-49600000.0,,3700000.0,127000000.0,974600000.0,
2012-12-31,2914600000.0,,,,,1222600000.0,1692000000.0,1400000.0,,786700000.0,896300000.0,2.71,2.7,331252000.0,332319000.0,1604700000.0,56600000.0,267500000.0,,34100000.0,,204300000.0,8717900000.0,,724000000.0,7566900000.0,2853700000.0,1825400000.0,38863200000.0,41700000.0,240700000.0,,7616900000.0,,7575700000.0,,220500000.0,17357500000.0,3993400000.0,209300000.0,21419100000.0,38863200000.0,,61400000.0,82200000.0,300000.0,,,50700000.0,11200000.0,,-10300000.0,1216800000.0,32500000.0,29500000.0,,,162900000.0,141800000.0,,0.0,-206000000.0,,4600000.0,-448400000.0,562400000.0,
2013-03-31,718600000.0,,,,,313100000.0,405500000.0,-17900000.0,387600000.0,150200000.0,235800000.0,0.71,0.71,331953000.0,333372000.0,1843400000.0,60700000.0,309200000.0,,,,172500000.0,12297800000.0,,709900000.0,7569000000.0,2827800000.0,1842000000.0,42421800000.0,31300000.0,344400000.0,,11786700000.0,,,,227000000.0,20783800000.0,4079000000.0,230000000.0,21549800000.0,42421800000.0,,12400000.0,-7300000.0,42100000.0,,,-25400000.0,-10400000.0,,0.0,396000000.0,9300000.0,8500000.0,,80000000.0,,20200000.0,,,-21000000.0,,300000.0,-136300000.0,238700000.0,
2013-06-30,1534700000.0,,,,,621400000.0,913300000.0,-18200000.0,895100000.0,346400000.0,547000000.0,1.65,1.64,332341000.0,334073000.0,1968000000.0,61300000.0,359100000.0,,,,260400000.0,16924600000.0,,713200000.0,7569000000.0,2801900000.0,1698700000.0,46882700000.0,37000000.0,380700000.0,,16192900000.0,,,,228800000.0,25028100000.0,4239200000.0,153200000.0,21848600000.0,46882700000.0,,26000000.0,-10800000.0,92100000.0,,,-44600000.0,-4700000.0,,100000.0,768800000.0,18300000.0,17500000.0,,,,55800000.0,,,-56600000.0,,2100000.0,-348900000.0,363300000.0,
2013-09-30,2249300000.0,,,,,935500000.0,1313800000.0,-19800000.0,1294000000.0,509000000.0,783700000.0,2.36,2.35,332763000.0,334674000.0,2065000000.0,65000000.0,311900000.0,,,,413400000.0,19048100000.0,,714200000.0,7569000000.0,2776200000.0,1697100000.0,48979900000.0,41000000.0,229700000.0,,17213200000.0,,,,375300000.0,27002000000.0,4326500000.0,177200000.0,21972300000.0,48979900000.0,,40400000.0,45100000.0,45000000.0,,,-29900000.0,-700000.0,,4300000.0,898600000.0,27600000.0,27500000.0,,,,94700000.0,,,33000000.0,,5400000.0,-471300000.0,460300000.0,
2013-12-31,2936300000.0,,,,,1299300000.0,1637000000.0,-36000000.0,1601000000.0,622900000.0,976800000.0,2.94,2.92,332678000.0,334398000.0,2469700000.0,68400000.0,302700000.0,,52300000.0,,209700000.0,24405600000.0,,513400000.0,7569000000.0,2741200000.0,1873300000.0,54277800000.0,36200000.0,1169800000.0,,23311000000.0,,7434200000.0,,449400000.0,33117300000.0,3494600000.0,152000000.0,21154800000.0,54277800000.0,,54400000.0,-6000000.0,35500000.0,,,-600000.0,-5500000.0,,-5500000.0,1280500000.0,36600000.0,36500000.0,,,0.0,125600000.0,,0.0,190500000.0,,6800000.0,-606000000.0,865000000.0,
2014-03-31,777400000.0,,,,,322900000.0,454500000.0,-8100000.0,446400000.0,179800000.0,266800000.0,0.8,0.79,333905000.0,335644000.0,1053700000.0,72200000.0,344600000.0,,,,180700000.0,23309700000.0,,508400000.0,7569000000.0,2716100000.0,1888600000.0,53167100000.0,43100000.0,328100000.0,,22029700000.0,,,,443800000.0,31857000000.0,3603900000.0,176300000.0,21304600000.0,53167100000.0,,13200000.0,25800000.0,41900000.0,,,-16200000.0,6900000.0,,3600000.0,383000000.0,10100000.0,9300000.0,,,,36500000.0,,,-29400000.0,,900000.0,-1769600000.0,-1416000000.0,
2014-06-30,1509000000.0,,,,,642500000.0,866500000.0,10100000.0,868500000.0,338100000.0,530600000.0,1.59,1.58,334097000.0,335800000.0,1037300000.0,72900000.0,334900000.0,,,,196200000.0,21731200000.0,,503400000.0,7569000000.0,2690900000.0,1941500000.0,51611300000.0,32100000.0,254700000.0,,20376700000.0,,,,389800000.0,30145900000.0,3709800000.0,206700000.0,21465400000.0,51611300000.0,,26400000.0,17500000.0,31900000.0,,,-3800000.0,-4100000.0,,-900000.0,554700000.0,19100000.0,18300000.0,,,,77400000.0,,,-70300000.0,,2900000.0,-1916800000.0,-1432400000.0,
2014-09-30,2271400000.0,,,,,974500000.0,1296900000.0,-1300000.0,1297600000.0,477200000.0,820600000.0,2.46,2.44,334424000.0,336172000.0,1087900000.0,72800000.0,344800000.0,,,,275600000.0,34166400000.0,,498700000.0,7569000000.0,2662300000.0,1898600000.0,63970300000.0,35000000.0,207600000.0,,32627900000.0,,,,389200000.0,42433200000.0,3842000000.0,130500000.0,21537100000.0,63970300000.0,,40900000.0,63100000.0,41900000.0,,,10900000.0,-1200000.0,,-11200000.0,788900000.0,29300000.0,28500000.0,,,,104200000.0,,,-107600000.0,,3300000.0,-2063100000.0,-1381800000.0,
2014-12-31,3112500000.0,,,,,1344100000.0,1768400000.0,3000000.0,1771400000.0,644500000.0,1127100000.0,3.37,3.35,334409000.0,336063000.0,1366100000.0,74700000.0,341200000.0,,,,196500000.0,42545300000.0,,508900000.0,7569000000.0,2637400000.0,1805600000.0,72241500000.0,36900000.0,927500000.0,,41531200000.0,,7461800000.0,,376200000.0,51318000000.0,3317300000.0,6200000.0,20923500000.0,72241500000.0,,54800000.0,78900000.0,38500000.0,,,11500000.0,700000.0,,-2800000.0,1291400000.0,38300000.0,37500000.0,,,0.0,140700000.0,,,-199100000.0,,4000000.0,-2195900000.0,-1103600000.0,
2015-03-31,842700000.0,,,,,335400000.0,507300000.0,16500000.0,523800000.0,193400000.0,330400000.0,0.98,0.98,335680000.0,337416000.0,1694800000.0,78800000.0,383400000.0,,,,154800000.0,47486000000.0,,503300000.0,7569000000.0,2612500000.0,1782300000.0,77128400000.0,34000000.0,286900000.0,,45495100000.0,,,,386200000.0,56032900000.0,3479300000.0,-25800000.0,21095500000.0,77128400000.0,,14700000.0,500000.0,41800000.0,,,11200000.0,-3000000.0,,-1900000.0,418900000.0,10200000.0,10200000.0,,,,31400000.0,,,-24400000.0,,700000.0,-65800000.0,328700000.0,
2015-06-30,1662700000.0,,,,,660300000.0,1002400000.0,-47000000.0,971900000.0,376500000.0,595400000.0,1.77,1.76,336036000.0,337796000.0,1151000000.0,76300000.0,399900000.0,,,,260000000.0,44055100000.0,,499200000.0,7569000000.0,2587600000.0,1776900000.0,73663100000.0,22100000.0,242600000.0,,42432600000.0,,,,390900000.0,52404300000.0,3575500000.0,5100000.0,21258800000.0,73663100000.0,,33700000.0,41300000.0,58400000.0,,,15100000.0,-14800000.0,,-100000.0,677700000.0,19200000.0,19100000.0,,,,60700000.0,,,-1100000.0,,1300000.0,-891700000.0,-215100000.0,
2015-09-30,2513000000.0,,,,,994200000.0,1518800000.0,-30500000.0,1488300000.0,533000000.0,955300000.0,2.84,2.83,336323000.0,338139000.0,1434300000.0,72400000.0,363800000.0,,,,267100000.0,51458800000.0,,496100000.0,7569000000.0,2562700000.0,1687700000.0,80949600000.0,38100000.0,239500000.0,,49598800000.0,,,,391300000.0,59572800000.0,3771800000.0,-94600000.0,21376800000.0,80949600000.0,,45200000.0,49800000.0,22300000.0,,,18400000.0,1300000.0,,-500000.0,1141200000.0,29300000.0,29300000.0,,,,90300000.0,,,-21300000.0,,6700000.0,-1051700000.0,68200000.0,
2015-12-31,3326800000.0,,,,,1338100000.0,1988700000.0,-31900000.0,1956800000.0,709800000.0,1247000000.0,3.71,3.69,336224000.0,337894000.0,1692600000.0,72500000.0,357800000.0,,,,228600000.0,37904500000.0,,491700000.0,7569000000.0,2537900000.0,1693100000.0,67371500000.0,28700000.0,1242800000.0,,36824500000.0,,7358300000.0,,395500000.0,46819700000.0,2907600000.0,-80800000.0,20551800000.0,67371500000.0,,60800000.0,63300000.0,17300000.0,,,4000000.0,-8200000.0,,-9800000.0,1515300000.0,35300000.0,38300000.0,,,,114200000.0,,,17900000.0,,7100000.0,-1206700000.0,326500000.0,
2016-03-31,934200000.0,,,,,360300000.0,573900000.0,4600000.0,578500000.0,210700000.0,367800000.0,1.09,1.09,337014000.0,338549000.0,1146000000.0,79200000.0,389300000.0,,,,141500000.0,39253300000.0,,449800000.0,7569000000.0,2513900000.0,1806900000.0,68768200000.0,32200000.0,321600000.0,,37848100000.0,,7330800000.0,,518100000.0,47926800000.0,3072300000.0,28100000.0,20841400000.0,68768200000.0,,16000000.0,-400000.0,33300000.0,,,5900000.0,3500000.0,,-7500000.0,519700000.0,35900000.0,31800000.0,,,,20200000.0,,,-27300000.0,,3900000.0,-1039000000.0,-546600000.0,
2016-06-30,1840600000.0,,,,,703400000.0,1137200000.0,7400000.0,1144600000.0,456700000.0,687900000.0,2.04,2.03,337289000.0,338706000.0,1161100000.0,79800000.0,427000000.0,,,,220700000.0,38027200000.0,,437900000.0,7569000000.0,2489900000.0,1926300000.0,67625600000.0,35600000.0,246800000.0,,36419800000.0,,7352700000.0,,549000000.0,46551700000.0,3189300000.0,113300000.0,21073900000.0,67625600000.0,,30000000.0,22000000.0,71100000.0,,,20300000.0,6800000.0,,-5300000.0,743200000.0,40300000.0,36400000.0,,,,39600000.0,,,-47300000.0,,3400000.0,-1227400000.0,-531500000.0,
2016-09-30,2682300000.0,,,,,1019800000.0,1662500000.0,30900000.0,1693400000.0,532700000.0,1160700000.0,3.44,3.43,337592000.0,339143000.0,1420500000.0,83300000.0,395700000.0,,,,269400000.0,33776000000.0,,426700000.0,7569000000.0,2465900000.0,1838400000.0,63251300000.0,34500000.0,247000000.0,,31886400000.0,,7317700000.0,,551600000.0,41986400000.0,3458600000.0,22900000.0,21264900000.0,63251300000.0,,42300000.0,-79300000.0,18700000.0,,,-9500000.0,5700000.0,,-14300000.0,1205600000.0,44900000.0,40100000.0,,,,62900000.0,,,-63800000.0,,10000000.0,-1413900000.0,-272100000.0,
2016-12-31,3595200000.0,,,,,1392500000.0,2202700000.0,84900000.0,2287600000.0,753500000.0,1534100000.0,4.55,4.53,337496000.0,338966000.0,1868600000.0,83300000.0,364400000.0,,,,171700000.0,40031500000.0,,425200000.0,7569000000.0,2441800000.0,1726600000.0,69369400000.0,26200000.0,1376700000.0,,38945600000.0,,7291000000.0,,560900000.0,49028700000.0,2524500000.0,-14100000.0,20340700000.0,69369400000.0,,66200000.0,-83000000.0,8100000.0,,,-5400000.0,-2600000.0,,-22500000.0,1716000000.0,45900000.0,41700000.0,,,,91800000.0,,,53700000.0,,9500000.0,-1593700000.0,176000000.0,
2017-03-31,929300000.0,,,,,328100000.0,601200000.0,105800000.0,707000000.0,307200000.0,399800000.0,1.18,1.18,338339000.0,339946000.0,1287800000.0,87100000.0,426600000.0,,,,145800000.0,46368500000.0,,411600000.0,7569000000.0,2417800000.0,1533800000.0,75476000000.0,38400000.0,345200000.0,,44804800000.0,,7308400000.0,,577000000.0,54921800000.0,2697900000.0,10800000.0,20554200000.0,75476000000.0,,14900000.0,2200000.0,61500000.0,,,-7000000.0,12200000.0,,2600000.0,518700000.0,0.0,500000.0,,,,20000000.0,,,224200000.0,,0.0,-1323700000.0,-580800000.0,
2017-06-30,1853900000.0,,,,,647100000.0,1206800000.0,137500000.0,1344300000.0,528700000.0,815600000.0,2.41,2.4,338556000.0,340020000.0,1362300000.0,84300000.0,416400000.0,,,,228900000.0,49496900000.0,,399500000.0,7569000000.0,2393800000.0,1509300000.0,78543800000.0,25500000.0,239100000.0,,47669600000.0,,7318800000.0,,546500000.0,57767000000.0,2889700000.0,13300000.0,20776800000.0,78543800000.0,,27700000.0,11800000.0,50600000.0,,,-48600000.0,-700000.0,,2600000.0,823000000.0,500000.0,1200000.0,,,,37600000.0,,,204800000.0,,0.0,-1534100000.0,-506300000.0,
2017-09-30,2744700000.0,,,,,970000000.0,1774700000.0,176900000.0,1951600000.0,827400000.0,1124200000.0,3.32,3.31,338771000.0,340329000.0,1631100000.0,88000000.0,390300000.0,,,,340800000.0,49392500000.0,,388900000.0,7569000000.0,2370000000.0,1427300000.0,78323000000.0,36100000.0,244600000.0,,47223000000.0,,7437000000.0,,566500000.0,57459100000.0,2973800000.0,12100000.0,20863900000.0,78323000000.0,,42800000.0,129700000.0,23800000.0,,,-59500000.0,10000000.0,,2900000.0,1330200000.0,2300000.0,2300000.0,,,,53000000.0,,,200800000.0,,0.0,-1768500000.0,-237500000.0,
2017-12-31,3644700000.0,,,,,1332700000.0,2312000000.0,214300000.0,2526300000.0,-1537100000.0,4063400000.0,12.0,11.94,338707000.0,340226000.0,1903600000.0,90100000.0,359700000.0,,,,367800000.0,46906500000.0,,399700000.0,7569000000.0,2346300000.0,1394400000.0,75791200000.0,31300000.0,1456300000.0,,45672900000.0,,4857700000.0,,615700000.0,53379400000.0,4497200000.0,14300000.0,22411800000.0,75791200000.0,,58000000.0,-2445600000.0,-6000000.0,,,17800000.0,5100000.0,,-8500000.0,1840400000.0,3000000.0,2500000.0,,,,81900000.0,,,179900000.0,,0.0,-1985300000.0,35000000.0,
2018-03-31,1109000000.0,,,,,368100000.0,740900000.0,47800000.0,788700000.0,189900000.0,,1.76,1.76,339305000.0,340747000.0,784600000.0,90400000.0,444100000.0,,,,646800000.0,41054800000.0,,387200000.0,7569000000.0,2322600000.0,1410400000.0,69919300000.0,25000000.0,331400000.0,,39445300000.0,,4846600000.0,,621100000.0,47146500000.0,4845400000.0,19900000.0,22772800000.0,69919300000.0,,17700000.0,-11700000.0,85000000.0,,,3800000.0,-6400000.0,,-300000.0,825000000.0,800000.0,1600000.0,,,,18200000.0,,,-17400000.0,,,-1435300000.0,-627700000.0,
2018-06-30,2168600000.0,,,,,760800000.0,1407800000.0,137700000.0,1545500000.0,380600000.0,,3.43,3.42,339465000.0,340872000.0,1098900000.0,80900000.0,433900000.0,,,,1801600000.0,40300500000.0,,380000000.0,7569000000.0,2299000000.0,1475500000.0,69199300000.0,27800000.0,266600000.0,,37179600000.0,,4863100000.0,,614000000.0,46075700000.0,5173300000.0,18600000.0,23123600000.0,69199300000.0,,33900000.0,5000000.0,75000000.0,,,800000.0,-3500000.0,,-5900000.0,1347800000.0,1900000.0,3400000.0,,,,29600000.0,,,-7700000.0,,,-510300000.0,829800000.0,
2018-09-30,3072800000.0,,,,,1115100000.0,1957700000.0,149600000.0,2107300000.0,530600000.0,,4.64,4.62,339586000.0,341035000.0,1406300000.0,82800000.0,386300000.0,,,,1795500000.0,41514800000.0,,362700000.0,7569000000.0,2268400000.0,1473900000.0,70364100000.0,53900000.0,256300000.0,,38154100000.0,,4882700000.0,,612000000.0,47068400000.0,5346400000.0,18700000.0,23295700000.0,70364100000.0,,50500000.0,24600000.0,27900000.0,,,-7800000.0,22500000.0,,-10200000.0,1930400000.0,5000000.0,6600000.0,,,,60900000.0,,,-38900000.0,,,-767800000.0,1123700000.0,
2018-12-31,4309400000.0,,,,,1701800000.0,2607600000.0,170200000.0,2777800000.0,814100000.0,1962200000.0,5.73,5.71,342344000.0,343737000.0,1374500000.0,72900000.0,553300000.0,,29600000.0,,430500000.0,41886700000.0,,448700000.0,10805300000.0,5500100000.0,1659600000.0,77475700000.0,116000000.0,1126900000.0,,41272600000.0,,5665900000.0,,745100000.0,51510400000.0,4855300000.0,5300000.0,25918500000.0,77475700000.0,,96500000.0,114300000.0,65500000.0,,,-29700000.0,32300000.0,,-20500000.0,2440800000.0,10000000.0,11800000.0,,,1795400000.0,116700000.0,,,-1889600000.0,,0.0,-1080000000.0,-528800000.0,
2019-03-31,1179600000.0,,,,,548600000.0,631000000.0,9200000.0,640200000.0,144300000.0,496900000.0,1.39,1.39,356886000.0,358047000.0,997400000.0,82400000.0,559500000.0,,,,345700000.0,35605200000.0,,467700000.0,10850300000.0,5380600000.0,2135400000.0,71614500000.0,65300000.0,592500000.0,,34272400000.0,,5662700000.0,,1200900000.0,45428000000.0,5091100000.0,800000.0,26157600000.0,71614500000.0,,18300000.0,-600000.0,5500000.0,,,9800000.0,-50600000.0,,300000.0,669200000.0,5600000.0,6100000.0,,,,49100000.0,,,-48600000.0,,,-997700000.0,-377100000.0,
2019-06-30,2452300000.0,,,,,1122700000.0,1329600000.0,12700000.0,1342300000.0,331800000.0,1010700000.0,2.83,2.82,357060000.0,358155000.0,937700000.0,81800000.0,593700000.0,,,,359700000.0,34462400000.0,,500400000.0,10795300000.0,5308700000.0,2107400000.0,70349500000.0,51600000.0,393600000.0,,32934700000.0,,5645100000.0,,1211900000.0,43864600000.0,5336800000.0,5600000.0,26455200000.0,70349500000.0,,56400000.0,-13100000.0,40400000.0,,,13400000.0,-64300000.0,,8500000.0,1142900000.0,8300000.0,11600000.0,,,,121600000.0,,,-89900000.0,,,-1487300000.0,-434300000.0,
2019-09-30,3729600000.0,,,,,1714800000.0,2014800000.0,50700000.0,2065500000.0,418700000.0,1647000000.0,4.61,4.6,357211000.0,358369000.0,1210100000.0,80100000.0,545700000.0,,,,695100000.0,43692300000.0,,517300000.0,10774400000.0,5161200000.0,2097100000.0,79417600000.0,61500000.0,691600000.0,,41913500000.0,,5614400000.0,,1203100000.0,52604300000.0,5704200000.0,-32200000.0,26783200000.0,79417600000.0,,70800000.0,-23700000.0,-7400000.0,,,10500000.0,-54400000.0,,1000000.0,1953100000.0,9800000.0,13000000.0,,,,179200000.0,,,-136700000.0,,,-1977500000.0,-161100000.0,
2019-12-31,4868000000.0,,,,,2280200000.0,2587800000.0,101800000.0,2689600000.0,573800000.0,2116500000.0,5.93,5.91,357155000.0,358239000.0,1551400000.0,83200000.0,491800000.0,,29600000.0,,364400000.0,39567800000.0,,544000000.0,10742500000.0,5117700000.0,2068000000.0,75215300000.0,61900000.0,1384800000.0,,38522500000.0,,5635200000.0,,1155100000.0,49056000000.0,5008700000.0,3400000.0,26128900000.0,75215300000.0,,73100000.0,-3700000.0,-60800000.0,,,-29200000.0,-54100000.0,,-52800000.0,2672800000.0,15400000.0,18800000.0,,,0.0,245600000.0,,,-152600000.0,,,-2340800000.0,179400000.0,
2020-03-31,1522100000.0,,,,,562200000.0,959900000.0,29400000.0,989300000.0,222500000.0,766200000.0,2.14,2.14,357524000.0,358455000.0,851700000.0,77500000.0,799700000.0,,,,315900000.0,102416600000.0,,538400000.0,10742500000.0,,2061600000.0,137932300000.0,74300000.0,607900000.0,,101053700000.0,,,,1118000000.0,111333600000.0,5469900000.0,-26200000.0,26567700000.0,137932300000.0,,23100000.0,-9700000.0,309500000.0,,,-18800000.0,12400000.0,,-29500000.0,757100000.0,2400000.0,2200000.0,,,,42800000.0,,,-43000000.0,,,-1413900000.0,-699800000.0,
2020-06-30,2704400000.0,,,,,1107000000.0,1597400000.0,53200000.0,1650600000.0,380500000.0,1269500000.0,3.55,3.54,357691000.0,358457000.0,1405400000.0,88100000.0,532100000.0,,,,319200000.0,81786200000.0,,538600000.0,10742500000.0,,2040500000.0,117214800000.0,88000000.0,672500000.0,,80201400000.0,,,,1126300000.0,90375900000.0,5668500000.0,-13100000.0,26807900000.0,117214800000.0,,45500000.0,-22100000.0,42500000.0,,,-27800000.0,26100000.0,,-49100000.0,1743900000.0,6700000.0,7500000.0,,,,79200000.0,,,-79500000.0,,,-1810500000.0,-146100000.0,
2020-09-30,3785100000.0,,,,,1662700000.0,2122400000.0,64700000.0,2187100000.0,505500000.0,1681200000.0,4.7,4.69,357791000.0,358590000.0,1332100000.0,92400000.0,490900000.0,,,,350100000.0,90349300000.0,,547200000.0,10755800000.0,,2037400000.0,125758800000.0,99500000.0,448000000.0,,88630900000.0,,,,1054500000.0,98748400000.0,5775100000.0,43700000.0,26979600000.0,125758800000.0,,69300000.0,-18600000.0,800000.0,,,-45100000.0,37600000.0,,-26200000.0,2055300000.0,8700000.0,9400000.0,,,,127500000.0,,,-123400000.0,,,-2151200000.0,-219300000.0,
2020-12-31,4883600000.0,,,,,2246200000.0,2637400000.0,84700000.0,2722100000.0,615700000.0,2105200000.0,5.88,5.87,357764000.0,358524000.0,1633200000.0,100900000.0,461300000.0,,31000000.0,,306700000.0,89283900000.0,,579200000.0,10798800000.0,,1957100000.0,124659600000.0,69300000.0,1346800000.0,,88197900000.0,,,,1059400000.0,98308100000.0,4995900000.0,134900000.0,26319900000.0,124659600000.0,,96000000.0,-41600000.0,-28200000.0,,,-71600000.0,7400000.0,,-28800000.0,2715600000.0,11100000.0,12300000.0,,,0.0,197500000.0,,,-175500000.0,,,-2458200000.0,81900000.0,
2021-03-31,1253300000.0,,,,,528200000.0,725100000.0,27200000.0,752300000.0,177500000.0,574400000.0,1.6,1.6,358147000.0,358817000.0,936400000.0,105200000.0,547000000.0,,,,295400000.0,126745500000.0,,528600000.0,10534300000.0,,1951600000.0,160652100000.0,51600000.0,478100000.0,,124222500000.0,,,,1058200000.0,134096200000.0,5247300000.0,83500000.0,26527900000.0,160652100000.0,,21600000.0,-7800000.0,146200000.0,,,-12300000.0,-8700000.0,,-8600000.0,602700000.0,1500000.0,2200000.0,,,,28500000.0,,,-34000000.0,,,-1233200000.0,-664500000.0,
2021-06-30,2432500000.0,,,,,1032700000.0,1399800000.0,78600000.0,1478400000.0,393000000.0,1084700000.0,3.03,3.02,358261000.0,358888000.0,1081000000.0,110900000.0,509600000.0,,,,361500000.0,144849000000.0,,527600000.0,10543000000.0,,1944900000.0,178699100000.0,47200000.0,379100000.0,,142012800000.0,,,,1054900000.0,151911700000.0,5434500000.0,106000000.0,26763200000.0,178699100000.0,,41000000.0,19200000.0,132500000.0,,,-31100000.0,-21000000.0,,-17300000.0,1102500000.0,4900000.0,5700000.0,,,,68200000.0,,,-68000000.0,,,-1554300000.0,-519800000.0,
2021-09-30,3542400000.0,,,,,1528900000.0,2013500000.0,560800000.0,2574300000.0,562600000.0,2011200000.0,5.61,5.6,358363000.0,358988000.0,1459400000.0,110300000.0,470400000.0,,,,362700000.0,151594400000.0,,521300000.0,10529000000.0,,3361700000.0,186774300000.0,71000000.0,405300000.0,,150417100000.0,,,,987000000.0,159492200000.0,6037400000.0,37300000.0,27282100000.0,186774300000.0,,56600000.0,13800000.0,81800000.0,,,-41600000.0,3600000.0,,-26900000.0,1734100000.0,6200000.0,7400000.0,,1500000.0,,99900000.0,,,-9200000.0,,,-1896400000.0,-171500000.0,
2021-12-31,4689700000.0,,,,,2044500000.0,2645200000.0,728400000.0,3373600000.0,736700000.0,2636400000.0,7.3,7.29,358340000.0,358929000.0,2834900000.0,115000000.0,434500000.0,,4200000.0,,427800000.0,161761800000.0,,505300000.0,10528000000.0,,3277900000.0,196780300000.0,48800000.0,1650600000.0,,160398400000.0,,,,896500000.0,169381000000.0,5151900000.0,53500000.0,27399300000.0,196780300000.0,,75200000.0,34800000.0,45700000.0,,,-61300000.0,-18600000.0,,-44800000.0,2402400000.0,7800000.0,9400000.0,,,,127200000.0,,,58400000.0,,,69908700000.0,72369500000.0,
2022-03-31,1346600000.0,,,,,487500000.0,859100000.0,57200000.0,916300000.0,205300000.0,711000000.0,1.96,1.95,358609000.0,359180000.0,2045700000.0,109600000.0,608900000.0,,,,503400000.0,171004300000.0,,493900000.0,10515800000.0,,3265200000.0,205917700000.0,80800000.0,641100000.0,,168458600000.0,,,,903500000.0,178180900000.0,5498900000.0,28000000.0,27736800000.0,205917700000.0,,20000000.0,-5100000.0,174000000.0,,,-19000000.0,32000000.0,,-14700000.0,799100000.0,2200000.0,2700000.0,,,,23400000.0,,,-22900000.0,,,8221600000.0,8997800000.0,
2022-06-30,2583800000.0,,,,,975000000.0,1608800000.0,174200000.0,1783000000.0,409500000.0,1373500000.0,3.78,3.78,358641000.0,359205000.0,1879500000.0,95100000.0,582300000.0,,,,463700000.0,141451000000.0,,481600000.0,10484100000.0,,3697200000.0,176671300000.0,80900000.0,488800000.0,,139000100000.0,,,,869800000.0,148669600000.0,5797500000.0,-31700000.0,28001700000.0,176671300000.0,,39400000.0,-12000000.0,148000000.0,,,-52100000.0,32000000.0,,-39000000.0,1416700000.0,2900000.0,3900000.0,,1100000.0,,41300000.0,,,-440500000.0,,,-21451100000.0,-20474900000.0,
2022-09-30,3811600000.0,,,,,1464000000.0,2347600000.0,315400000.0,2663000000.0,609900000.0,2053100000.0,5.65,5.64,358715000.0,359288000.0,2130100000.0,91300000.0,580200000.0,,,,476400000.0,143252900000.0,,465500000.0,10447300000.0,,3788300000.0,178431500000.0,95000000.0,488300000.0,,140572700000.0,,,,834700000.0,150180700000.0,6111700000.0,-99800000.0,28250800000.0,178431500000.0,,58800000.0,-22100000.0,147400000.0,,,-76700000.0,46200000.0,,-60800000.0,2074500000.0,3700000.0,5100000.0,,1100000.0,,65300000.0,,,-464100000.0,,,-20290500000.0,-18680100000.0,
2022-12-31,5019400000.0,,,,,2003500000.0,3015900000.0,474400000.0,3490300000.0,799300000.0,2691000000.0,7.41,7.4,358713000.0,359181000.0,2720100000.0,96000000.0,483200000.0,,4100000.0,,529800000.0,139078300000.0,,455500000.0,10482500000.0,,3714400000.0,174175700000.0,121400000.0,2300900000.0,,137687500000.0,,,,826000000.0,147297000000.0,4746800000.0,-133300000.0,26878700000.0,174175700000.0,,84300000.0,-23200000.0,51100000.0,,,-87000000.0,72500000.0,,-67400000.0,3056000000.0,4400000.0,6300000.0,,3100000.0,,89700000.0,,,-489800000.0,,,-25381700000.0,-22815500000.0,
2023-03-31,1441600000.0,,,,,527900000.0,913700000.0,243200000.0,1156900000.0,273100000.0,,2.43,2.43,358933000.0,359313000.0,1565200000.0,105000000.0,723600000.0,,,,547200000.0,131031700000.0,,440300000.0,10490500000.0,,3684000000.0,166039200000.0,97200000.0,839700000.0,,129043900000.0,,,,831000000.0,138654800000.0,5229900000.0,-130600000.0,27384400000.0,166039200000.0,,20200000.0,-8700000.0,241200000.0,,,-19400000.0,-24200000.0,,-7200000.0,902400000.0,300000.0,700000.0,,2400000.0,,15200000.0,,,-17200000.0,,,-9198500000.0,-8313300000.0,
2023-06-30,2801800000.0,,,,,1049500000.0,1752300000.0,421000000.0,2173300000.0,511900000.0,,4.57,4.56,358940000.0,359429000.0,1880100000.0,106700000.0,599400000.0,,,,538300000.0,116366100000.0,,430100000.0,10490700000.0,,3674200000.0,151296700000.0,50900000.0,593200000.0,,113885700000.0,,,,825800000.0,123478900000.0,5606800000.0,-100200000.0,27817800000.0,151296700000.0,,39700000.0,-17200000.0,115700000.0,,,-50800000.0,-70400000.0,,-18400000.0,1552800000.0,2600000.0,3600000.0,,2400000.0,,35700000.0,,,60800000.0,,,-24461000000.0,-22847400000.0,
2023-09-30,4139600000.0,,,,,1567100000.0,2572500000.0,575100000.0,3147600000.0,736000000.0,,6.63,6.62,359020000.0,359619000.0,2300200000.0,104100000.0,558400000.0,,,,622000000.0,90776800000.0,,417300000.0,10477600000.0,,3655800000.0,125598200000.0,53800000.0,634600000.0,,87880500000.0,,,,808700000.0,97446600000.0,5956200000.0,-117300000.0,28151600000.0,125598200000.0,,58600000.0,-25800000.0,74900000.0,,,-58600000.0,-67500000.0,,-34500000.0,2409500000.0,3000000.0,4400000.0,,2400000.0,,55600000.0,,,41300000.0,,,-50927800000.0,-48477000000.0,
2023-12-31,5578900000.0,,,,,2143200000.0,3435700000.0,717900000.0,4153600000.0,927400000.0,3226200000.0,8.87,8.86,359023000.0,359500000.0,2912000000.0,111700000.0,535600000.0,,47200000.0,,1138400000.0,94890200000.0,,409500000.0,10495300000.0,,3685600000.0,129706100000.0,90600000.0,3133800000.0,,93416900000.0,,,,798200000.0,102968200000.0,4455200000.0,-55600000.0,26737900000.0,129706100000.0,,82900000.0,-75000000.0,51500000.0,,,-92000000.0,-30800000.0,,-32700000.0,3453800000.0,4100000.0,5900000.0,,2400000.0,,76400000.0,,,20900000.0,,,-48339300000.0,-44864600000.0,
2024-03-31,1487900000.0,,,,,528300000.0,959600000.0,153800000.0,1113400000.0,258200000.0,,2.35,2.35,359258000.0,359833000.0,1436900000.0,121000000.0,628200000.0,,,,647700000.0,97307700000.0,,396000000.0,10489600000.0,,3695100000.0,132053700000.0,111000000.0,767200000.0,,96101400000.0,,,,804200000.0,104899500000.0,4891100000.0,-86100000.0,27154200000.0,132053700000.0,,23300000.0,-7400000.0,93400000.0,,,200000.0,20500000.0,,-1800000.0,892700000.0,1200000.0,1700000.0,,3500000.0,,19800000.0,,,-22800000.0,,,1936400000.0,2806300000.0,
2024-06-30,3020400000.0,,,,,1060200000.0,1960200000.0,307700000.0,2267900000.0,529500000.0,,4.78,4.77,359330000.0,359869000.0,1789900000.0,121700000.0,599500000.0,,,,567500000.0,88748600000.0,,384500000.0,10488600000.0,,3649800000.0,123379300000.0,99900000.0,454600000.0,,86974000000.0,,,,783200000.0,95743500000.0,5355100000.0,-95000000.0,27635800000.0,123379300000.0,,42100000.0,-14500000.0,65500000.0,,,-19300000.0,9300000.0,,-15200000.0,1669600000.0,3000000.0,3300000.0,,3600000.0,,38000000.0,,,-27800000.0,,,-7286400000.0,-5644600000.0,
2024-09-30,4604800000.0,,,,,1620400000.0,2984400000.0,460400000.0,3444800000.0,793600000.0,,7.29,7.27,359400000.0,359989000.0,2322100000.0,112300000.0,629400000.0,,,,622000000.0,103142800000.0,,386200000.0,10514100000.0,,3684500000.0,137795100000.0,129900000.0,485200000.0,,100821800000.0,,,,769400000.0,109578900000.0,5848200000.0,-10900000.0,28216200000.0,137795100000.0,,62400000.0,-21900000.0,95200000.0,,,-38100000.0,39300000.0,,-17000000.0,2672600000.0,4300000.0,4900000.0,,3600000.0,,67800000.0,,,-57300000.0,,,6060600000.0,8675900000.0,
