Date,Net sales,Cost of sales,Gross margin,Research and development,"Selling, general and administrative",Total operating expenses,Operating income,"Other income/(expense), net",Income before provision for income taxes,Provision for income taxes,Net income,Earnings per share basic,Earnings per share diluted,Weighted-average basic,Weighted-average diluted,Cash and cash equivalents,Short-term marketable securities,"Accounts receivable, net",Inventories,Deferred tax assets,Vendor non-trade receivables,Other current assets,Total current assets,Long-term marketable securities,"Property, Plant and Equipment, Net",Goodwill,"Acquired intangible assets, net","Other Assets, Noncurrent",Total assets,accounts payable,Accrued expenses,Deferred revenue,Total current liabilities,Deferred revenue - non-current,deferred tax liabilities,long term taxes payable,Total other non-current liabilities,Total liabilities,Retained Earnings (Accumulated Deficit),Accumulated other comprehensive (loss)/income,Total shareholders equity,Total liabilities and shareholders' equity,"Depreciation, amortization and accretion",Stock-based compensation expense,Deferred income tax expense,"Increase (Decrease) in Accounts receivable, net",Increase (Decrease) in Inventories,Increase (Decrease) in Other Receivables,Increase (Decrease) in Other Operating Assets,Increase (Decrease) in Accounts Payable,Increase (Decrease) in Deferred Revenue,Increase (Decrease) Other liabilities,Cash generated by operating activities,Purchases of marketable securities,Proceeds from maturities of marketable securities,Proceeds from sales of marketable securities,Purchases of other long-term investments,"Business acquisitions, net of cash acquired",Cash payments for capital asset purchases,Payments for acquisition of intangible assets,Payments for (Proceeds from) Other Investing Activities,Cash used in investing activities,Proceeds from issuance of common stock,Excess tax benefits from stock-based compensation,Cash generated/used in financing activities,Increase/(decrease) in cash and cash equivalents,"Cash paid for income taxes, net"
2010-06-30,,,,,,740272000.0,136255000.0,,136793000.0,52485000.0,84308000.0,2.68,2.65,31428000.0,31808000.0,202042000.0,105000000.0,3787000.0,6358000.0,3759000.0,,,339348000.0,,641600000.0,21939000.0,,6235000.0,1009122000.0,30211000.0,29204000.0,,100574000.0,,32121000.0,,8570000.0,259108000.0,361841000.0,,750014000.0,1009122000.0,33787000.0,11689000.0,-7367000.0,1048000.0,-744000.0,,-534000.0,5326000.0,,1719000.0,128956000.0,80000000.0,,,,,41653000.0,,,-96653000.0,,3340000.0,-49827000.0,-17524000.0,
2010-09-30,,,,,,1139562000.0,213839000.0,,214758000.0,82222000.0,132536000.0,4.24,4.18,31278000.0,31731000.0,210996000.0,90000000.0,4446000.0,7175000.0,3758000.0,,,345399000.0,,658423000.0,21939000.0,,6610000.0,1032371000.0,35641000.0,28590000.0,,103433000.0,,36448000.0,,9374000.0,271342000.0,410069000.0,,761029000.0,1032371000.0,51106000.0,17846000.0,-3039000.0,545000.0,-1560000.0,,-903000.0,4883000.0,,2523000.0,196196000.0,90000000.0,,,,,71179000.0,,,-111179000.0,,5887000.0,-94366000.0,-8570000.0,
2010-12-31,,,,,,1548091000.0,287831000.0,,289061000.0,110080000.0,178981000.0,5.73,5.64,31234000.0,31735000.0,224838000.0,,5658000.0,7098000.0,4317000.0,,,406221000.0,,676881000.0,21939000.0,,16564000.0,1121605000.0,33705000.0,38892000.0,,123054000.0,,50525000.0,,9825000.0,310732000.0,456514000.0,,810873000.0,1121605000.0,68921000.0,21381000.0,10064000.0,743000.0,1481000.0,,8956000.0,6989000.0,,2974000.0,289191000.0,125000000.0,,,,,113215000.0,,,-189881000.0,,14526000.0,-94522000.0,5272000.0,
2011-03-31,,,,,,434563000.0,74821000.0,,75108000.0,28726000.0,46382000.0,1.49,1.46,31082000.0,31717000.0,282939000.0,,7623000.0,8738000.0,4697000.0,,,377160000.0,,683392000.0,21939000.0,,16108000.0,1158055000.0,35929000.0,32143000.0,,99344000.0,,53608000.0,,11341000.0,295309000.0,502896000.0,,862746000.0,1158055000.0,18494000.0,8923000.0,2703000.0,1968000.0,1639000.0,,-456000.0,2501000.0,,1516000.0,68305000.0,,,,,,26438000.0,,,-6124000.0,,8700000.0,-4480000.0,58101000.0,
2011-06-30,,,,,,922261000.0,158684000.0,,156965000.0,59926000.0,97039000.0,3.12,3.06,31167000.0,31761000.0,349801000.0,,6179000.0,8447000.0,5114000.0,,,441712000.0,,695609000.0,21939000.0,,14609000.0,1263581000.0,40258000.0,31647000.0,,117416000.0,,60023000.0,,11892000.0,324519000.0,553553000.0,,939062000.0,1263581000.0,36999000.0,21978000.0,8701000.0,524000.0,1347000.0,,-64000.0,6369000.0,,2067000.0,174716000.0,,,,,,57681000.0,,,-57962000.0,,29673000.0,7588000.0,124963000.0,
2011-09-30,,,,,,1416105000.0,256694000.0,,255423000.0,97951000.0,157472000.0,5.05,4.96,31331000.0,31832000.0,409875000.0,,5765000.0,8768000.0,5883000.0,,,487729000.0,,719346000.0,21939000.0,,14641000.0,1343373000.0,49011000.0,33382000.0,,128443000.0,,63561000.0,,11769000.0,343932000.0,613986000.0,,999441000.0,1343373000.0,55740000.0,32621000.0,11470000.0,136000.0,1670000.0,,-9000.0,6738000.0,,1943000.0,290869000.0,,,,,,92867000.0,,,-103148000.0,,38483000.0,-2881000.0,185037000.0,
2011-12-31,,,,,,1918986000.0,350562000.0,,349705000.0,134760000.0,214945000.0,6.89,6.76,31217000.0,31775000.0,401243000.0,,8389000.0,8913000.0,-58143000.0,,,501192000.0,,751951000.0,21939000.0,,21985000.0,1425308000.0,46382000.0,46456000.0,,157453000.0,,128696000.0,,12435000.0,381082000.0,671459000.0,,1044226000.0,1425308000.0,74938000.0,41382000.0,11319000.0,2970000.0,1816000.0,,7350000.0,9432000.0,,2609000.0,411096000.0,,,,,,151147000.0,,,-210218000.0,,38786000.0,-24268000.0,176405000.0,
2012-03-31,,,,,,538379000.0,102224000.0,,102658000.0,39994000.0,62664000.0,2.0,1.97,31410000.0,31846000.0,370191000.0,,9087000.0,10017000.0,6662000.0,,,551487000.0,,773116000.0,21939000.0,,31954000.0,1527568000.0,49154000.0,38098000.0,,124547000.0,,,,14705000.0,357773000.0,734123000.0,,1169795000.0,1527568000.0,20084000.0,20240000.0,1803000.0,710000.0,1102000.0,,9946000.0,2909000.0,,2269000.0,29376000.0,,,,,,41864000.0,,,-102246000.0,,68392000.0,41429000.0,-31052000.0,
2012-06-30,,,,,,1095521000.0,236014000.0,,236825000.0,92478000.0,144347000.0,4.57,4.53,31696000.0,31951000.0,404797000.0,,10351000.0,10504000.0,7310000.0,,,620442000.0,,804655000.0,21939000.0,,32196000.0,1648409000.0,55960000.0,37812000.0,,150109000.0,,63794000.0,,15096000.0,387184000.0,815806000.0,,1261225000.0,1648409000.0,40627000.0,37677000.0,-1659000.0,2147000.0,1593000.0,,10213000.0,4899000.0,,2660000.0,170875000.0,,,,,,90332000.0,,,-201202000.0,,73652000.0,34157000.0,3554000.0,
2012-09-30,,,,,,1678386000.0,353677000.0,,355035000.0,138388000.0,216647000.0,6.86,6.8,31643000.0,31881000.0,421149000.0,,14566000.0,9964000.0,7394000.0,,,656679000.0,,835654000.0,21939000.0,,32922000.0,1706205000.0,65094000.0,44031000.0,,159333000.0,,59742000.0,,15959000.0,398589000.0,888106000.0,,1307616000.0,1706205000.0,61989000.0,52252000.0,-5792000.0,7059000.0,1047000.0,,10867000.0,8368000.0,,3523000.0,293937000.0,,,,,,137505000.0,,,-266375000.0,,74576000.0,-7835000.0,19906000.0,
2012-12-31,,,,,,2275359000.0,455865000.0,,457685000.0,179685000.0,278000000.0,8.82,8.75,31513000.0,31783000.0,322553000.0,,,11096000.0,-40085000.0,,,546607000.0,,866703000.0,21939000.0,,42550000.0,1668667000.0,58700000.0,56278000.0,,186852000.0,,137206000.0,,16499000.0,422741000.0,949459000.0,,1245926000.0,1668667000.0,84130000.0,64276000.0,-18057000.0,,2180000.0,,20539000.0,7849000.0,,4062000.0,419963000.0,,,,,,197037000.0,,,-355499000.0,,73210000.0,-143534000.0,-78690000.0,138385000.0
2013-03-31,,,,,,606707000.0,120044000.0,,120310000.0,43726000.0,76584000.0,2.47,2.45,31012000.0,31229000.0,346930000.0,,15475000.0,11431000.0,9382000.0,,,575514000.0,,875597000.0,21939000.0,,44100000.0,1712670000.0,56629000.0,49468000.0,,182116000.0,,,,21971000.0,424579000.0,1026043000.0,,1288091000.0,1712670000.0,22936000.0,15387000.0,-1923000.0,-1309000.0,340000.0,,1588000.0,773000.0,,2123000.0,125250000.0,,,,,,36495000.0,,,-51593000.0,,1869000.0,-48976000.0,24377000.0,
2013-06-30,,,,,,1277075000.0,266462000.0,,267058000.0,102621000.0,164437000.0,5.31,5.27,30956000.0,31202000.0,281632000.0,,14961000.0,11270000.0,10045000.0,,,555010000.0,,895819000.0,21939000.0,,45879000.0,1808931000.0,63305000.0,46013000.0,,182707000.0,,,,22508000.0,441488000.0,1113896000.0,,1367443000.0,1808931000.0,46533000.0,34333000.0,7301000.0,-1795000.0,181000.0,,3365000.0,6078000.0,,2698000.0,267753000.0,,,,,,80130000.0,,,-231777000.0,,4251000.0,-76623000.0,-40921000.0,
2013-09-30,,,,,,1966828000.0,403616000.0,,404977000.0,157161000.0,247816000.0,8.01,7.93,30937000.0,31296000.0,308076000.0,,14575000.0,12509000.0,9829000.0,,,603782000.0,,936023000.0,21939000.0,,45988000.0,1911432000.0,70267000.0,47800000.0,,179698000.0,,,,23490000.0,445690000.0,1197275000.0,,1465742000.0,1911432000.0,71151000.0,50622000.0,6585000.0,-2200000.0,1415000.0,,3428000.0,3389000.0,,3718000.0,388715000.0,,,,,,136665000.0,,,-323844000.0,,17694000.0,-79776000.0,-14477000.0,
2013-12-31,,,,,,2681871000.0,532720000.0,,534471000.0,207033000.0,327438000.0,10.58,10.47,30957000.0,31281000.0,323203000.0,,24016000.0,13044000.0,-42222000.0,,,666307000.0,,963238000.0,21939000.0,,43933000.0,2009280000.0,59022000.0,73011000.0,,199228000.0,,159683000.0,,23591000.0,470992000.0,1276897000.0,,1538288000.0,2009280000.0,96054000.0,63657000.0,2103000.0,7238000.0,1950000.0,,1354000.0,2052000.0,,3857000.0,528780000.0,,,,,,199926000.0,,,-428315000.0,,38379000.0,-100351000.0,650000.0,160973000.0
2014-03-31,,,,,,768513000.0,135650000.0,,136339000.0,53270000.0,83069000.0,2.67,2.64,31061000.0,31486000.0,411592000.0,,16582000.0,15202000.0,13799000.0,,,790791000.0,,983047000.0,21939000.0,,46302000.0,2155680000.0,66729000.0,68703000.0,,227242000.0,,,,26349000.0,510647000.0,1359966000.0,,1645033000.0,2155680000.0,25754000.0,27359000.0,1551000.0,-7439000.0,2160000.0,,2365000.0,8006000.0,,2798000.0,179778000.0,,,,,,47230000.0,,,-87512000.0,,8955000.0,-3837000.0,88389000.0,
2014-06-30,,,,,,1638744000.0,315492000.0,,317325000.0,123986000.0,193339000.0,6.23,6.14,31055000.0,31480000.0,470050000.0,,20242000.0,15522000.0,14739000.0,,,892099000.0,,1011916000.0,21939000.0,,47520000.0,2277582000.0,77648000.0,69638000.0,,241536000.0,,,,26870000.0,524548000.0,1470236000.0,,1753034000.0,2277582000.0,52763000.0,61401000.0,-6124000.0,-3754000.0,2476000.0,,3574000.0,17696000.0,,3360000.0,360431000.0,,,,,,102840000.0,,,-172871000.0,,9516000.0,-40831000.0,146847000.0,
2014-09-30,,,,,,2515530000.0,522928000.0,,525546000.0,201406000.0,324140000.0,10.44,10.29,31043000.0,31547000.0,442618000.0,,18949000.0,15885000.0,15795000.0,,,873870000.0,,1052684000.0,21939000.0,,47611000.0,2437053000.0,88398000.0,73781000.0,,264986000.0,,,,27407000.0,543289000.0,1601037000.0,,1893764000.0,2437053000.0,80724000.0,82156000.0,-19045000.0,-5250000.0,2851000.0,,3723000.0,14706000.0,,3941000.0,549756000.0,,,,,,160400000.0,,,-379782000.0,,12971000.0,-50503000.0,119415000.0,
2014-12-31,,,,,,3397469000.0,710800000.0,,714303000.0,268929000.0,445374000.0,14.35,14.13,31038000.0,31512000.0,419465000.0,,34839000.0,15332000.0,-21561000.0,,,878479000.0,,1106984000.0,21939000.0,,42777000.0,2546285000.0,69613000.0,102203000.0,,245710000.0,,180016000.0,,28263000.0,533916000.0,1722271000.0,,2012369000.0,2546285000.0,110474000.0,96440000.0,-20671000.0,10966000.0,2307000.0,,-1071000.0,2168000.0,,4845000.0,682067000.0,,,,,,252590000.0,,,-518844000.0,,21667000.0,-66737000.0,96262000.0,280687000.0
2015-03-31,,,,,,891242000.0,197801000.0,,199024000.0,76383000.0,122641000.0,3.95,3.88,31036000.0,31592000.0,542957000.0,,21480000.0,16052000.0,19377000.0,,,984695000.0,,1119469000.0,21939000.0,,46534000.0,2703719000.0,76066000.0,85850000.0,,277121000.0,,,,30968000.0,569385000.0,1844912000.0,,2134334000.0,2703719000.0,30643000.0,16986000.0,-5551000.0,-13300000.0,737000.0,,3825000.0,14831000.0,,2755000.0,242719000.0,,,,,,59363000.0,,,-103477000.0,,10827000.0,-12541000.0,123492000.0,
2015-06-30,,,,,,1861609000.0,425217000.0,,428182000.0,165337000.0,262845000.0,8.47,8.34,31120000.0,31526000.0,587685000.0,,25711000.0,16529000.0,20224000.0,,,989231000.0,,1147059000.0,21939000.0,,47228000.0,2806224000.0,81453000.0,86167000.0,,261016000.0,,,,32047000.0,554514000.0,1985116000.0,,2251710000.0,2806224000.0,63083000.0,38729000.0,-13032000.0,-9093000.0,1205000.0,,4483000.0,14111000.0,,3883000.0,401130000.0,,,,,,114395000.0,,,-172302000.0,,58058000.0,-58439000.0,168220000.0,
2015-09-30,,,,,,2843740000.0,659976000.0,,664459000.0,256731000.0,407728000.0,13.1,12.92,31187000.0,31556000.0,604162000.0,,24157000.0,17524000.0,20563000.0,,,1073233000.0,,1180957000.0,21939000.0,,46695000.0,2947922000.0,77250000.0,86660000.0,,244244000.0,,,,31919000.0,546434000.0,2129999000.0,,2401488000.0,2947922000.0,96228000.0,59725000.0,-12542000.0,-10637000.0,2212000.0,,3967000.0,7101000.0,,3808000.0,588563000.0,,,,,,181840000.0,,,-328219000.0,,74862000.0,-72485000.0,184697000.0,
2015-12-31,,,,,,3737634000.0,763589000.0,,769867000.0,294265000.0,475602000.0,15.3,15.1,31092000.0,31494000.0,248005000.0,415199000.0,38283000.0,15043000.0,,,,814647000.0,622939000.0,1217220000.0,21939000.0,,48321000.0,2725066000.0,85709000.0,129275000.0,,279942000.0,,202118000.0,,32883000.0,597092000.0,2197873000.0,-8273000.0,2127974000.0,2725066000.0,130368000.0,57911000.0,11666000.0,3504000.0,-262000.0,,5619000.0,19525000.0,,4826000.0,683316000.0,,,,,,257418000.0,,,-464140000.0,,74442000.0,-386440000.0,-171460000.0,248547000.0
2016-03-31,,,,,,881063000.0,-46604000.0,,-44478000.0,-18046000.0,-26432000.0,-0.88,-0.88,29893000.0,29893000.0,250805000.0,0.0,23692000.0,16885000.0,,,,374740000.0,455679000.0,1241602000.0,21939000.0,,46860000.0,2140820000.0,76606000.0,114751000.0,,271963000.0,,,,32216000.0,600566000.0,2171441000.0,-4451000.0,1540254000.0,2140820000.0,34788000.0,10505000.0,2259000.0,-14642000.0,1833000.0,,-1468000.0,-8852000.0,8569000.0,-613000.0,61679000.0,,,540648000.0,,,62921000.0,,,522727000.0,,680000.0,-583132000.0,2800000.0,
2016-06-30,,,,,,1838551000.0,40895000.0,,41681000.0,16085000.0,25596000.0,0.88,0.87,29550000.0,29550000.0,189960000.0,80184000.0,23208000.0,16966000.0,,,,387707000.0,376364000.0,1269335000.0,21939000.0,,46455000.0,2101800000.0,75255000.0,91660000.0,,276528000.0,,,,32630000.0,615757000.0,2197037000.0,-4707000.0,1486043000.0,2101800000.0,70862000.0,30038000.0,3789000.0,-15201000.0,1921000.0,,-1832000.0,-13675000.0,16944000.0,-143000.0,179665000.0,,,540648000.0,,,126712000.0,,,458936000.0,,1982000.0,-698042000.0,-58045000.0,
2016-09-30,,,,,,2865807000.0,9726000.0,,10398000.0,2599000.0,7799000.0,0.27,0.27,29387000.0,29792000.0,154128000.0,205021000.0,22103000.0,18382000.0,,,,468897000.0,250659000.0,1278672000.0,21939000.0,,46866000.0,2067033000.0,74682000.0,107808000.0,,279499000.0,,,,33293000.0,626013000.0,2204836000.0,-5446000.0,1441020000.0,2067033000.0,108296000.0,48389000.0,380000.0,-16084000.0,3442000.0,,-1509000.0,-11938000.0,27319000.0,576000.0,281072000.0,,,540648000.0,,,192252000.0,,,393396000.0,,1888000.0,-769443000.0,-93877000.0,
2016-12-31,,,,,,3869817000.0,34567000.0,,38739000.0,15801000.0,22938000.0,0.78,0.77,29265000.0,29770000.0,87880000.0,329836000.0,40451000.0,15019000.0,,,,522374000.0,125055000.0,1303558000.0,21939000.0,,53177000.0,2026103000.0,78363000.0,127129000.0,,281793000.0,,212508000.0,,33946000.0,623610000.0,2220811000.0,-8162000.0,1402493000.0,2026103000.0,146368000.0,64166000.0,-14207000.0,1923000.0,91000.0,,4855000.0,-6734000.0,37030000.0,1287000.0,349242000.0,,,540648000.0,,,258842000.0,,,326806000.0,,1320000.0,-836283000.0,-160125000.0,23862000.0
2017-03-31,,,,,,995656000.0,73173000.0,,74361000.0,28241000.0,46120000.0,1.6,1.6,28750000.0,28850000.0,122413000.0,454627000.0,21582000.0,18319000.0,,,,663964000.0,0.0,1322622000.0,21939000.0,,53737000.0,2062262000.0,83840000.0,101114000.0,,306323000.0,,15741000.0,,34633000.0,654540000.0,2266931000.0,-7669000.0,1407722000.0,2062262000.0,39279000.0,16456000.0,-3107000.0,-18693000.0,3737000.0,,412000.0,708000.0,8882000.0,745000.0,150579000.0,,,0.0,,,57088000.0,,,-57088000.0,,0.0,-59131000.0,34533000.0,
2017-06-30,,,,,,2058340000.0,179898000.0,,182135000.0,69285000.0,112850000.0,3.93,3.92,28699000.0,28825000.0,175137000.0,394466000.0,24940000.0,19126000.0,,,,663965000.0,0.0,1328280000.0,21939000.0,,54367000.0,2068551000.0,80976000.0,98311000.0,,267785000.0,,12866000.0,,35879000.0,618355000.0,2333661000.0,-5591000.0,1450196000.0,2068551000.0,80360000.0,36846000.0,-5939000.0,-15372000.0,4530000.0,,984000.0,8271000.0,,2052000.0,243582000.0,,,0.0,,,113715000.0,,,-53637000.0,,0.0,-103818000.0,87257000.0,
2017-09-30,,,,,,3155547000.0,210765000.0,,214277000.0,81817000.0,132460000.0,4.63,4.62,28604000.0,28696000.0,113480000.0,434877000.0,23870000.0,21634000.0,,,,655936000.0,0.0,1331786000.0,21939000.0,,54716000.0,2064377000.0,86705000.0,128577000.0,,323402000.0,,7577000.0,,36826000.0,677251000.0,2353271000.0,-3645000.0,1387126000.0,2064377000.0,121906000.0,54596000.0,-11323000.0,-16477000.0,7023000.0,,1382000.0,14771000.0,,3060000.0,378834000.0,,,0.0,,,165506000.0,,,-145590000.0,,0.0,-209575000.0,25600000.0,
2017-12-31,,,,,,4205618000.0,270794000.0,,275743000.0,99490000.0,176253000.0,6.19,6.17,28491000.0,28561000.0,184569000.0,324382000.0,40453000.0,19860000.0,,,,629535000.0,0.0,1338366000.0,21939000.0,,55852000.0,2045692000.0,82028000.0,159324000.0,,323893000.0,,814000.0,,40042000.0,681247000.0,2397064000.0,-3659000.0,1364445000.0,2045692000.0,163348000.0,65255000.0,-18026000.0,140000.0,5250000.0,,2587000.0,10908000.0,,6316000.0,467105000.0,,,0.0,,,216777000.0,,,-86578000.0,,0.0,-285894000.0,96689000.0,119787000.0
2018-03-31,,,,,,1055589000.0,92808000.0,,94202000.0,34756000.0,59446000.0,2.13,2.13,27911000.0,27950000.0,231838000.0,298764000.0,26691000.0,17404000.0,,,,630439000.0,49375000.0,1343717000.0,21939000.0,,51974000.0,2097444000.0,99001000.0,149409000.0,48369000.0,367320000.0,,6549000.0,,37630000.0,733399000.0,2456510000.0,-3628000.0,1364045000.0,2097444000.0,46915000.0,12097000.0,5683000.0,-13767000.0,-2451000.0,,-3855000.0,17242000.0,,-2349000.0,201116000.0,,,,,,57524000.0,,,-81273000.0,,,-72648000.0,47171000.0,
2018-06-30,,,,,,2254152000.0,160765000.0,,164482000.0,58152000.0,106330000.0,3.82,3.81,27865000.0,27942000.0,225658000.0,348269000.0,23702000.0,20851000.0,,,,720674000.0,,1333949000.0,21939000.0,,52060000.0,2128622000.0,95597000.0,161991000.0,45129000.0,355161000.0,,17845000.0,,36457000.0,736615000.0,2503394000.0,-5126000.0,1392007000.0,2128622000.0,96108000.0,23645000.0,16948000.0,-16621000.0,1007000.0,,-3776000.0,14451000.0,,-3459000.0,295418000.0,,,,,,128505000.0,,,-151799000.0,,,-101856000.0,41048000.0,
2018-09-30,3639924000.0,,,,,3421168000.0,218756000.0,,224966000.0,80432000.0,144534000.0,5.19,5.17,27844000.0,28017000.0,343028000.0,327787000.0,26868000.0,18285000.0,,,,793071000.0,,1361440000.0,21939000.0,,24842000.0,2230872000.0,103486000.0,171998000.0,43128000.0,402786000.0,,27322000.0,,37123000.0,795035000.0,2541598000.0,-4855000.0,1435837000.0,2230872000.0,148762000.0,48219000.0,26424000.0,-13442000.0,-1562000.0,,-1500000.0,18183000.0,,-2728000.0,492497000.0,,,,,,209999000.0,,,-212216000.0,,,-121178000.0,158438000.0,
2018-12-31,4864985000.0,,,,,4606617000.0,258368000.0,,268436000.0,91883000.0,176553000.0,6.35,6.31,27823000.0,27962000.0,249953000.0,426845000.0,62312000.0,21555000.0,,,,814794000.0,,1379254000.0,21939000.0,,19332000.0,2265518000.0,113071000.0,147849000.0,70474000.0,449990000.0,,11566000.0,,31638000.0,824179000.0,2573617000.0,-6236000.0,1441339000.0,2265518000.0,201979000.0,69164000.0,10585000.0,8298000.0,1722000.0,,2005000.0,32080000.0,6829000.0,869000.0,621552000.0,,,0.0,,,287390000.0,,,-387578000.0,,,-166535000.0,65982000.0,67053000.0
2019-03-31,1308217000.0,,,,,1198056000.0,110161000.0,,113290000.0,25158000.0,88132000.0,3.18,3.13,27696000.0,28118000.0,277661000.0,457363000.0,49725000.0,18780000.0,,,,837746000.0,,1366684000.0,21939000.0,,20738000.0,4625482000.0,106214000.0,119813000.0,57088000.0,581667000.0,,12528000.0,,33587000.0,3141683000.0,2659422000.0,-5858000.0,1483799000.0,4625482000.0,53781000.0,19154000.0,1772000.0,-15946000.0,-2781000.0,,-242000.0,-4256000.0,-13386000.0,358000.0,182581000.0,,,,,,64226000.0,,,-93337000.0,,,-63531000.0,25891000.0,
2019-06-30,2742448000.0,,,,,2512267000.0,230181000.0,,237257000.0,58097000.0,179160000.0,6.47,6.35,27720000.0,28300000.0,299913000.0,417867000.0,49362000.0,21144000.0,,,,832402000.0,,1387896000.0,21939000.0,,17817000.0,4659307000.0,99007000.0,126879000.0,61794000.0,548268000.0,,4407000.0,,33814000.0,3121258000.0,2750450000.0,-5261000.0,1538049000.0,4659307000.0,105423000.0,40321000.0,-6349000.0,-18275000.0,-421000.0,,-2907000.0,-10319000.0,-8681000.0,901000.0,300515000.0,,,,,,142002000.0,,,-130255000.0,,,-122450000.0,48304000.0,69075000.0
2019-09-30,4146145000.0,,,,,3800343000.0,345802000.0,,357289000.0,79547000.0,277742000.0,10.02,9.83,27775000.0,28388000.0,386565000.0,428796000.0,49489000.0,23871000.0,,,,954756000.0,,1425446000.0,21939000.0,,18001000.0,4937937000.0,118483000.0,141159000.0,61809000.0,634019000.0,,0.0,,38734000.0,3315490000.0,2849032000.0,-5887000.0,1622447000.0,4937937000.0,157629000.0,65657000.0,-15146000.0,-19039000.0,2312000.0,,-2864000.0,-4162000.0,-8665000.0,472000.0,535043000.0,,,,,,237965000.0,,,-237624000.0,,,-162706000.0,135110000.0,103439000.0
2019-12-31,5586369000.0,,,,,5142411000.0,443958000.0,,458285000.0,108127000.0,350158000.0,12.62,12.38,27740000.0,28295000.0,480626000.0,400156000.0,80545000.0,26096000.0,813637000.0,,,1072204000.0,,1458690000.0,21939000.0,,18450000.0,5104604000.0,115816000.0,155843000.0,95195000.0,666593000.0,,,,38797000.0,3421578000.0,2921448000.0,-5363000.0,1683026000.0,5104604000.0,212778000.0,91396000.0,29962000.0,2630000.0,4530000.0,,-2818000.0,-973000.0,30400000.0,1862000.0,721632000.0,,,,,,333912000.0,,,-291974000.0,,,-201735000.0,228329000.0,109571000.0
2020-03-31,1410772000.0,,,,,1339651000.0,71121000.0,,73864000.0,-2524000.0,76388000.0,2.75,2.7,27792000.0,28323000.0,500315000.0,380978000.0,63461000.0,23335000.0,,,,1075501000.0,,1465666000.0,21939000.0,,24010000.0,5206488000.0,130423000.0,147242000.0,77499000.0,665795000.0,,,,39044000.0,3534468000.0,2996785000.0,-7204000.0,1672020000.0,5206488000.0,58374000.0,17395000.0,27343000.0,-25967000.0,-2734000.0,,5133000.0,20245000.0,-15924000.0,104000.0,182071000.0,,,,,,77653000.0,,,-59362000.0,,,-102100000.0,19790000.0,
2020-06-30,2775510000.0,,,,,2709328000.0,66182000.0,,69548000.0,-15015000.0,84563000.0,3.04,2.99,27911000.0,28333000.0,605622000.0,301041000.0,68006000.0,24178000.0,,,,1150343000.0,,1498048000.0,21939000.0,,37655000.0,5370129000.0,160523000.0,146229000.0,88924000.0,723178000.0,,,,36775000.0,3665633000.0,3004960000.0,-6149000.0,1704496000.0,5370129000.0,118398000.0,40762000.0,55122000.0,-22598000.0,-2029000.0,,8574000.0,40530000.0,-4027000.0,587000.0,304933000.0,,,,,,165455000.0,,,-75506000.0,,,-104203000.0,125120000.0,
2020-09-30,4376924000.0,,,,,4203646000.0,173278000.0,,176049000.0,26257000.0,164807000.0,5.91,5.81,27973000.0,28454000.0,662401000.0,342819000.0,69366000.0,25464000.0,,,,1211280000.0,61474000.0,1547217000.0,21939000.0,,53921000.0,5631640000.0,157324000.0,158234000.0,91467000.0,801717000.0,,,,37976000.0,3826054000.0,3085204000.0,-5444000.0,1805586000.0,5631640000.0,178578000.0,60579000.0,53857000.0,-29233000.0,-614000.0,,21754000.0,5776000.0,-593000.0,1351000.0,548723000.0,,,,,,246758000.0,,,-263347000.0,,,-104242000.0,181511000.0,
2020-12-31,5984634000.0,,,,,5694470000.0,290164000.0,,293781000.0,61985000.0,355766000.0,12.74,12.52,27917000.0,28416000.0,607987000.0,343616000.0,104500000.0,26445000.0,902945000.0,,,1420237000.0,102328000.0,1584311000.0,21939000.0,,59047000.0,5982896000.0,121990000.0,164649000.0,127750000.0,822199000.0,,,,38844000.0,3962761000.0,3276163000.0,-4229000.0,2020135000.0,5982896000.0,238534000.0,82626000.0,108350000.0,-3010000.0,394000.0,,26577000.0,-3859000.0,36958000.0,1782000.0,663847000.0,,,,,,373352000.0,,,-432717000.0,,,-104851000.0,127355000.0,
2021-03-31,1741575000.0,,,,,1580133000.0,161442000.0,,159274000.0,32173000.0,127101000.0,4.52,4.45,28125000.0,28582000.0,694776000.0,363585000.0,68449000.0,24304000.0,,,,1456851000.0,110928000.0,1613670000.0,21939000.0,,59463000.0,6149059000.0,147417000.0,145627000.0,110197000.0,834004000.0,,,,41419000.0,4051528000.0,3403264000.0,-4492000.0,2097531000.0,6149059000.0,63122000.0,55390000.0,-13482000.0,-32175000.0,-2148000.0,,186000.0,19446000.0,-15606000.0,453000.0,305973000.0,,,,,,86619000.0,,,-116503000.0,,,-102260000.0,86803000.0,
2021-06-30,3634113000.0,,,,,3227146000.0,406967000.0,,405650000.0,90575000.0,315075000.0,11.2,11.04,28134000.0,28542000.0,668269000.0,322460000.0,75697000.0,25159000.0,,,,1447810000.0,150814000.0,1666184000.0,21939000.0,,59918000.0,6320454000.0,140251000.0,143469000.0,113016000.0,835486000.0,,,,42745000.0,4146296000.0,3591238000.0,-4187000.0,2174158000.0,6320454000.0,125204000.0,102680000.0,-15884000.0,-37286000.0,-1309000.0,,-117000.0,12525000.0,-11487000.0,955000.0,562858000.0,,,,,,212123000.0,,,-238113000.0,,,-264219000.0,60310000.0,
2021-09-30,5586428000.0,,,,,4939781000.0,646647000.0,,645204000.0,125695000.0,519509000.0,18.46,18.22,28150000.0,28520000.0,721109000.0,301534000.0,76099000.0,28450000.0,,,,1518606000.0,188344000.0,1719224000.0,21939000.0,,57518000.0,6627567000.0,171712000.0,153233000.0,120423000.0,850964000.0,,,,42425000.0,4316659000.0,3795672000.0,-5143000.0,2310908000.0,6627567000.0,188395000.0,138741000.0,-1024000.0,-21882000.0,1996000.0,,-1901000.0,28712000.0,-2978000.0,474000.0,843661000.0,,,,,,320569000.0,,,-363142000.0,,,-366567000.0,113164000.0,
2021-12-31,7547061000.0,,,,,6742118000.0,804943000.0,,812763000.0,159779000.0,652984000.0,23.21,22.9,28132000.0,28511000.0,815374000.0,260945000.0,99599000.0,32826000.0,990979000.0,,,1381564000.0,,1769278000.0,21939000.0,,56716000.0,6652958000.0,163161000.0,173052000.0,156351000.0,873682000.0,,,,38536000.0,4355584000.0,3929147000.0,-5354000.0,2297374000.0,6652958000.0,254657000.0,176392000.0,-12357000.0,1687000.0,6392000.0,,-3993000.0,21440000.0,34387000.0,-3984000.0,1282081000.0,,,,,,442475000.0,,,-522042000.0,,,-548606000.0,210394000.0,
2022-03-31,2020539000.0,,,,,1830318000.0,190221000.0,,190008000.0,31714000.0,158294000.0,5.64,5.59,28043000.0,28301000.0,615863000.0,240379000.0,89295000.0,29852000.0,,,,1096493000.0,,1779521000.0,21939000.0,,58283000.0,6467257000.0,168905000.0,136655000.0,132421000.0,833738000.0,,,,40511000.0,4333297000.0,4087441000.0,-5159000.0,2133960000.0,6467257000.0,71665000.0,23590000.0,-14024000.0,-10394000.0,-2970000.0,,1132000.0,15702000.0,-21604000.0,595000.0,282902000.0,,,,,,96162000.0,,,-133066000.0,,,-349478000.0,-199495000.0,
2022-06-30,4233878000.0,,,,,3706059000.0,527819000.0,,538178000.0,119942000.0,418236000.0,14.95,14.83,27974000.0,28196000.0,520933000.0,240684000.0,83636000.0,29456000.0,,,,1046299000.0,,1813348000.0,21939000.0,,63010000.0,6545336000.0,158581000.0,148614000.0,132446000.0,831623000.0,,,,39852000.0,4391137000.0,4347383000.0,-6639000.0,2154199000.0,6545336000.0,141398000.0,52221000.0,-15537000.0,-12353000.0,-3320000.0,,3014000.0,-2972000.0,-20062000.0,958000.0,569688000.0,,,,,,196495000.0,,,-249197000.0,,,-614403000.0,-294402000.0,
2022-09-30,6454053000.0,,,,,5589981000.0,864072000.0,,878143000.0,202769000.0,675374000.0,24.2,24.02,27907000.0,28116000.0,366623000.0,417278000.0,71276000.0,33752000.0,,,,1077432000.0,,1871623000.0,21939000.0,,63798000.0,6817437000.0,167842000.0,156455000.0,133118000.0,817857000.0,,,,41723000.0,4490056000.0,4604521000.0,-8896000.0,2327381000.0,6817437000.0,212814000.0,77371000.0,-8567000.0,-22891000.0,1056000.0,,1537000.0,10774000.0,-18141000.0,2968000.0,921606000.0,,,,,,335518000.0,,,-646334000.0,,,-722735000.0,-448633000.0,
2022-12-31,8634652000.0,,,,,7474249000.0,1160403000.0,,1181531000.0,282430000.0,899101000.0,32.28,32.04,27851000.0,28062000.0,384000000.0,515136000.0,106880000.0,35668000.0,1062948000.0,,,1175837000.0,355200000.0,1951147000.0,21939000.0,,63158000.0,6927504000.0,184566000.0,147539000.0,183071000.0,921880000.0,,,,43816000.0,4559481000.0,4828248000.0,-7888000.0,2368023000.0,6927504000.0,286826000.0,98030000.0,-43195000.0,14026000.0,3011000.0,,346000.0,18208000.0,33374000.0,3853000.0,1323179000.0,,,,,,479164000.0,,,-830032000.0,,,-929404000.0,-437264000.0,
2023-03-31,2368580000.0,,,,,2000974000.0,367606000.0,,376555000.0,84911000.0,291644000.0,10.56,10.5,27624000.0,27788000.0,409727000.0,652858000.0,65869000.0,34599000.0,,,,1261442000.0,,1981329000.0,21939000.0,,61229000.0,7053372000.0,182606000.0,160436000.0,157898000.0,894092000.0,,,,46892000.0,4571687000.0,5119892000.0,-7431000.0,2481685000.0,7053372000.0,76585000.0,20084000.0,-486000.0,-39659000.0,-1086000.0,,-3277000.0,-2732000.0,-22653000.0,767000.0,455036000.0,,,,,,120369000.0,,,-235549000.0,,,-193883000.0,25894000.0,-245000.0
2023-06-30,4883381000.0,,,,,4083965000.0,799416000.0,,824811000.0,191377000.0,633434000.0,22.94,22.81,27614000.0,27768000.0,504866000.0,851142000.0,60985000.0,36004000.0,,,,1556419000.0,,2021964000.0,21939000.0,,62526000.0,7552435000.0,162041000.0,141291000.0,158959000.0,982250000.0,,,,52928000.0,4785549000.0,5461682000.0,-6952000.0,2766886000.0,7552435000.0,155356000.0,50756000.0,7827000.0,-44027000.0,313000.0,,-3455000.0,-10783000.0,-19894000.0,5521000.0,1037546000.0,,,,,,257601000.0,,,-627692000.0,,,-289113000.0,121006000.0,33252000.0
2023-09-30,7355329000.0,,,,,6160963000.0,1194366000.0,,1238153000.0,291502000.0,946651000.0,34.31,34.13,27593000.0,27739000.0,602307000.0,851699000.0,71122000.0,40177000.0,,,,1669343000.0,,2093011000.0,21939000.0,,72830000.0,7911493000.0,207541000.0,151148000.0,156320000.0,1087707000.0,,,,53296000.0,5025179000.0,5774899000.0,-8080000.0,2886314000.0,7911493000.0,233902000.0,86557000.0,12465000.0,-33666000.0,4508000.0,,6939000.0,4886000.0,-21190000.0,5910000.0,1518018000.0,,,,,,388801000.0,,,-793994000.0,,,-505372000.0,218656000.0,54615000.0
2023-12-31,9871649000.0,,,,,8313836000.0,1557813000.0,,1620506000.0,391769000.0,1228737000.0,44.59,44.34,27555000.0,27710000.0,560609000.0,734838000.0,115535000.0,39309000.0,1157486000.0,,19792000.0,1620713000.0,,2170038000.0,21939000.0,,63082000.0,8044362000.0,197646000.0,147688000.0,209680000.0,1030625000.0,,,,58870000.0,4982155000.0,6056985000.0,-6657000.0,3062207000.0,8044362000.0,319394000.0,124016000.0,-9505000.0,11216000.0,3649000.0,,-4204000.0,5313000.0,35685000.0,9431000.0,1783477000.0,,,,,,560731000.0,,,-946009000.0,,,-660652000.0,177197000.0,400229000.0
2024-03-31,2701848000.0,,,,,2260556000.0,441292000.0,,460656000.0,101369000.0,359287000.0,13.09,13.01,27444000.0,27624000.0,727394000.0,692474000.0,89836000.0,37947000.0,,,,1645769000.0,,2202739000.0,21939000.0,,66866000.0,8411249000.0,196866000.0,171612000.0,187317000.0,997353000.0,,,,64985000.0,5049920000.0,6416272000.0,-7950000.0,3361329000.0,8411249000.0,83243000.0,36003000.0,-4890000.0,-26146000.0,-1331000.0,,-1561000.0,12588000.0,-19358000.0,1147000.0,569234000.0,,,,,,132703000.0,,,-301039000.0,,,-100074000.0,167369000.0,7859000.0
2024-06-30,5674966000.0,,,,,4647621000.0,1027345000.0,,1068570000.0,253612000.0,814958000.0,0.59,0.59,1372800000.0,1381518000.0,806528000.0,683287000.0,97542000.0,35560000.0,,,,1786298000.0,,2265694000.0,21939000.0,,74599000.0,8919835000.0,203480000.0,169631000.0,182331000.0,1043156000.0,,,,67107000.0,5208015000.0,1682819000.0,-8514000.0,3711820000.0,8919835000.0,166805000.0,81243000.0,-5826000.0,-18331000.0,-3763000.0,,-1769000.0,7802000.0,-22260000.0,2020000.0,1131812000.0,,,,,,273193000.0,,,-637254000.0,,,-245408000.0,248029000.0,277427000.0
2024-09-30,8468543000.0,,,,,6967942000.0,1500601000.0,,1571133000.0,368787000.0,1202346000.0,0.88,0.87,1370671000.0,1379099000.0,698547000.0,668676000.0,93202000.0,49848000.0,,,,1680256000.0,,2320395000.0,21939000.0,,113935000.0,9011670000.0,221301000.0,181354000.0,180288000.0,1037884000.0,,,,67501000.0,5397772000.0,1577525000.0,-7440000.0,3613898000.0,9011670000.0,251154000.0,85903000.0,-9599000.0,-22069000.0,10540000.0,,17990000.0,22290000.0,-22745000.0,149000.0,1578306000.0,,,,,,420718000.0,,,-701494000.0,,,-734964000.0,140353000.0,408553000.0
,,,,,,,,,,,,,,,,,,,,,,,,,,,,,,,,,,,,,,,,,,,,,,,,,,,,,,,,,,,,,,,,,,,
,,,,,,,,,,,,,,,,,,,,,,,,,,,,,,,,,,,,,,,,,,,,,,,,,,,,,,,,,,,,,,,,,,,
