Date,Net sales,Cost of sales,Gross margin,Research and development,"Selling, general and administrative",Total operating expenses,Operating income,"Other income/(expense), net",Income before provision for income taxes,Provision for income taxes,Net income,Earnings per share basic,Earnings per share diluted,Weighted-average basic,Weighted-average diluted,Cash and cash equivalents,Short-term marketable securities,"Accounts receivable, net",Inventories,Deferred tax assets,Vendor non-trade receivables,Other current assets,Total current assets,Long-term marketable securities,"Property, Plant and Equipment, Net",Goodwill,"Acquired intangible assets, net","Other Assets, Noncurrent",Total assets,accounts payable,Accrued expenses,Deferred revenue,Total current liabilities,Deferred revenue - non-current,deferred tax liabilities,long term taxes payable,Total other non-current liabilities,Total liabilities,Retained Earnings (Accumulated Deficit),Accumulated other comprehensive (loss)/income,Total shareholders equity,Total liabilities and shareholders' equity,"Depreciation, amortization and accretion",Stock-based compensation expense,Deferred income tax expense,"Increase (Decrease) in Accounts receivable, net",Increase (Decrease) in Inventories,Increase (Decrease) in Other Receivables,Increase (Decrease) in Other Operating Assets,Increase (Decrease) in Accounts Payable,Increase (Decrease) in Deferred Revenue,Increase (Decrease) Other liabilities,Cash generated by operating activities,Purchases of marketable securities,Proceeds from maturities of marketable securities,Proceeds from sales of marketable securities,Purchases of other long-term investments,"Business acquisitions, net of cash acquired",Cash payments for capital asset purchases,Payments for acquisition of intangible assets,Payments for (Proceeds from) Other Investing Activities,Cash used in investing activities,Proceeds from issuance of common stock,Excess tax benefits from stock-based compensation,Cash generated/used in financing activities,Increase/(decrease) in cash and cash equivalents,"Cash paid for income taxes, net"
2009-12-31,10800000000.0,8631000000.0,2169000000.0,362000000.0,1239000000.0,,682000000.0,,,156000000.0,428000000.0,2.17,2.16,,,930000000.0,190000000.0,,1341000000.0,295000000.0,,,5003000000.0,,1886000000.0,364000000.0,228000000.0,325000000.0,8816000000.0,957000000.0,,128000000.0,2432000000.0,,,,,4796000000.0,3575000000.0,-895000000.0,3773000000.0,8816000000.0,,20000000.0,,,,,,,,155000000.0,1137000000.0,,,,62000000.0,2000000.0,310000000.0,,-7000000.0,-509000000.0,,-1000000.0,-141000000.0,504000000.0,
2010-03-28,2478000000.0,1877000000.0,601000000.0,92000000.0,335000000.0,,246000000.0,,,87000000.0,149000000.0,0.75,0.75,198400000.0,198700000.0,885000000.0,217000000.0,,1549000000.0,302000000.0,,,4920000000.0,,1862000000.0,365000000.0,239000000.0,332000000.0,8769000000.0,1030000000.0,,144000000.0,2486000000.0,,,,,4717000000.0,3689000000.0,-955000000.0,3791000000.0,8769000000.0,,6000000.0,,,189000000.0,,-3000000.0,54000000.0,,29000000.0,126000000.0,,,,,71000000.0,47000000.0,,,-144000000.0,,,-7000000.0,-45000000.0,
2010-06-27,5686000000.0,4332000000.0,1354000000.0,188000000.0,689000000.0,,642000000.0,,,209000000.0,395000000.0,2.0,2.0,197600000.0,197900000.0,924000000.0,269000000.0,,1652000000.0,312000000.0,,,5445000000.0,,1838000000.0,363000000.0,225000000.0,340000000.0,9210000000.0,1213000000.0,,142000000.0,2807000000.0,,,,,5050000000.0,3900000000.0,-960000000.0,3883000000.0,9210000000.0,,11000000.0,,,301000000.0,,-1000000.0,239000000.0,,66000000.0,427000000.0,,,,,71000000.0,91000000.0,,2000000.0,-243000000.0,,,-173000000.0,-6000000.0,
2010-09-26,9087000000.0,6903000000.0,2184000000.0,291000000.0,1064000000.0,,1077000000.0,,,338000000.0,678000000.0,3.44,3.43,197000000.0,197400000.0,937000000.0,308000000.0,,1910000000.0,328000000.0,,,5978000000.0,,1891000000.0,365000000.0,219000000.0,417000000.0,9872000000.0,1339000000.0,,166000000.0,3071000000.0,,,,,5378000000.0,4135000000.0,-864000000.0,4199000000.0,9872000000.0,,17000000.0,,,524000000.0,,16000000.0,336000000.0,,97000000.0,619000000.0,,,,54000000.0,77000000.0,170000000.0,,,-406000000.0,,,-210000000.0,7000000.0,
2010-12-31,13226000000.0,10058000000.0,3168000000.0,414000000.0,1487000000.0,,1602000000.0,,,477000000.0,1040000000.0,5.29,5.28,196699155.0,197148407.0,1023000000.0,,,1977000000.0,511000000.0,,,6289000000.0,,2041000000.0,367000000.0,222000000.0,546000000.0,10402000000.0,1362000000.0,,182000000.0,3260000000.0,231000000.0,6000000.0,,148000000.0,5406000000.0,4445000000.0,-720000000.0,4670000000.0,10402000000.0,,22000000.0,56000000.0,,574000000.0,,54000000.0,345000000.0,,,1006000000.0,,,,62000000.0,104000000.0,364000000.0,,,-651000000.0,,10000000.0,-267000000.0,93000000.0,312000000.0
2011-03-27,3860000000.0,2903000000.0,957000000.0,129000000.0,389000000.0,,529000000.0,,,157000000.0,343000000.0,1.75,1.75,195500000.0,196100000.0,779000000.0,,,2202000000.0,307000000.0,,,6494000000.0,,2064000000.0,368000000.0,217000000.0,574000000.0,10726000000.0,1626000000.0,,189000000.0,3451000000.0,,,,,5527000000.0,4737000000.0,-642000000.0,4867000000.0,10726000000.0,,5000000.0,,,210000000.0,,2000000.0,251000000.0,,,88000000.0,,,,,,91000000.0,,-2000000.0,-78000000.0,,2000000.0,-262000000.0,-244000000.0,
2011-06-26,8501000000.0,6341000000.0,2160000000.0,286000000.0,852000000.0,,1297000000.0,,1284000000.0,382000000.0,848000000.0,4.36,4.34,194600000.0,195200000.0,1111000000.0,,,2275000000.0,305000000.0,,,7137000000.0,,2117000000.0,348000000.0,216000000.0,619000000.0,11313000000.0,1686000000.0,,202000000.0,3713000000.0,,,,,5796000000.0,5191000000.0,-645000000.0,5158000000.0,11313000000.0,159000000.0,18000000.0,,,290000000.0,,-11000000.0,307000000.0,,,744000000.0,,,,,,215000000.0,,-2000000.0,-151000000.0,,4000000.0,-513000000.0,88000000.0,
2011-09-25,13127000000.0,9779000000.0,3348000000.0,450000000.0,1341000000.0,,1936000000.0,,1913000000.0,539000000.0,,6.71,6.69,193800000.0,194400000.0,1165000000.0,,,2295000000.0,277000000.0,,,7026000000.0,,2168000000.0,346000000.0,215000000.0,628000000.0,11338000000.0,1659000000.0,,208000000.0,3742000000.0,,,,,5794000000.0,5567000000.0,-811000000.0,5211000000.0,11338000000.0,243000000.0,28000000.0,,,367000000.0,,5000000.0,317000000.0,,,1368000000.0,,,,,,377000000.0,,-2000000.0,-356000000.0,,4000000.0,-840000000.0,,
2011-12-31,18048000000.0,13459000000.0,4589000000.0,629000000.0,1837000000.0,,2681000000.0,,2671000000.0,725000000.0,,9.58,9.55,192972211.0,193597878.0,1484000000.0,,,2141000000.0,417000000.0,,,7091000000.0,,2288000000.0,339000000.0,227000000.0,885000000.0,11668000000.0,1546000000.0,,208000000.0,3657000000.0,252000000.0,18000000.0,,189000000.0,5837000000.0,6038000000.0,-938000000.0,5492000000.0,11668000000.0,325000000.0,42000000.0,85000000.0,,225000000.0,,21000000.0,208000000.0,,,2073000000.0,,,,,,622000000.0,,-1000000.0,-552000000.0,,5000000.0,-1025000000.0,,532000000.0
2012-04-01,4472000000.0,3274000000.0,1198000000.0,181000000.0,475000000.0,,648000000.0,,650000000.0,175000000.0,,2.39,2.38,190400000.0,190800000.0,1317000000.0,,,2382000000.0,,,,7317000000.0,,2391000000.0,342000000.0,250000000.0,916000000.0,12119000000.0,1731000000.0,,211000000.0,3630000000.0,,,,,5761000000.0,6416000000.0,-813000000.0,6010000000.0,12119000000.0,85000000.0,7000000.0,,,209000000.0,,28000000.0,148000000.0,,,21000000.0,,,,,5000000.0,126000000.0,,-1000000.0,-102000000.0,,11000000.0,-113000000.0,,
2012-07-01,8924000000.0,6516000000.0,2408000000.0,368000000.0,962000000.0,,1296000000.0,,1311000000.0,341000000.0,,4.86,4.85,190100000.0,190500000.0,1145000000.0,,,2581000000.0,,,,7246000000.0,,2424000000.0,345000000.0,268000000.0,996000000.0,12169000000.0,1634000000.0,,208000000.0,3570000000.0,,,,,5732000000.0,6810000000.0,-946000000.0,6103000000.0,12169000000.0,171000000.0,21000000.0,,,439000000.0,,47000000.0,61000000.0,,,397000000.0,,,,,12000000.0,266000000.0,,-3000000.0,-350000000.0,,11000000.0,-386000000.0,,
2012-09-30,13042000000.0,9592000000.0,3450000000.0,554000000.0,1418000000.0,,1789000000.0,,1798000000.0,458000000.0,,6.73,6.72,189600000.0,190000000.0,1033000000.0,,,2570000000.0,,,,7115000000.0,,2557000000.0,443000000.0,365000000.0,972000000.0,12414000000.0,1460000000.0,,208000000.0,3309000000.0,,,,,5580000000.0,7068000000.0,-808000000.0,6478000000.0,12414000000.0,262000000.0,29000000.0,,,367000000.0,,54000000.0,-145000000.0,,,787000000.0,,,,,215000000.0,424000000.0,,-9000000.0,-719000000.0,,12000000.0,-550000000.0,,
2012-12-31,17334000000.0,12826000000.0,4508000000.0,728000000.0,1900000000.0,,2254000000.0,,2271000000.0,533000000.0,,8.69,8.67,189286821.0,189668704.0,1369000000.0,,,2221000000.0,396000000.0,,,7167000000.0,,2724000000.0,445000000.0,369000000.0,946000000.0,12548000000.0,1339000000.0,,215000000.0,3136000000.0,368000000.0,13000000.0,,246000000.0,5574000000.0,7343000000.0,-950000000.0,6603000000.0,12548000000.0,361000000.0,36000000.0,116000000.0,,32000000.0,,60000000.0,-256000000.0,,,1532000000.0,,,,,215000000.0,690000000.0,,,-982000000.0,,14000000.0,-694000000.0,,691000000.0
2013-03-31,3922000000.0,2965000000.0,957000000.0,182000000.0,444000000.0,,414000000.0,,431000000.0,119000000.0,,1.5,1.49,188400000.0,188800000.0,1483000000.0,,,2387000000.0,,,,7220000000.0,,2769000000.0,444000000.0,366000000.0,1013000000.0,12756000000.0,1554000000.0,,230000000.0,3257000000.0,,,,,5711000000.0,7530000000.0,-1095000000.0,6655000000.0,12756000000.0,98000000.0,7000000.0,,,177000000.0,,-158000000.0,204000000.0,,,428000000.0,,,,,17000000.0,114000000.0,,,-143000000.0,,7000000.0,-103000000.0,,
2013-06-30,8447000000.0,6337000000.0,2110000000.0,359000000.0,928000000.0,,1024000000.0,,1044000000.0,291000000.0,,3.7,3.69,188100000.0,188500000.0,1382000000.0,,,2475000000.0,,,,7404000000.0,,2882000000.0,450000000.0,360000000.0,1028000000.0,13048000000.0,1669000000.0,,243000000.0,3462000000.0,,,,,5955000000.0,7850000000.0,-1099000000.0,6704000000.0,13048000000.0,200000000.0,19000000.0,,,184000000.0,,-214000000.0,310000000.0,,,960000000.0,,,,,134000000.0,275000000.0,,-12000000.0,-411000000.0,,8000000.0,-473000000.0,,
2013-09-29,12713000000.0,9494000000.0,3219000000.0,532000000.0,1420000000.0,,1548000000.0,,1572000000.0,445000000.0,,5.61,5.6,187400000.0,187800000.0,2499000000.0,,,2513000000.0,,,,8526000000.0,,2948000000.0,457000000.0,362000000.0,1077000000.0,14336000000.0,1613000000.0,,269000000.0,3390000000.0,,,,,6872000000.0,8089000000.0,-968000000.0,7096000000.0,14336000000.0,305000000.0,29000000.0,,,206000000.0,,-182000000.0,252000000.0,,,1333000000.0,,,,,145000000.0,417000000.0,,-14000000.0,-545000000.0,,13000000.0,344000000.0,,
2013-12-31,17301000000.0,12918000000.0,4383000000.0,713000000.0,1920000000.0,,2101000000.0,,2119000000.0,531000000.0,,7.93,7.91,186994382.0,187417841.0,2699000000.0,,,2381000000.0,177000000.0,,,8639000000.0,,3156000000.0,461000000.0,357000000.0,670000000.0,14728000000.0,1557000000.0,,285000000.0,3368000000.0,414000000.0,116000000.0,,357000000.0,6858000000.0,8406000000.0,-784000000.0,7510000000.0,14728000000.0,407000000.0,37000000.0,100000000.0,,46000000.0,,-212000000.0,163000000.0,,,2089000000.0,,,,40000000.0,147000000.0,676000000.0,,-1000000.0,-846000000.0,,13000000.0,52000000.0,,380000000.0
2014-03-30,4406000000.0,3290000000.0,1116000000.0,190000000.0,502000000.0,,513000000.0,,511000000.0,153000000.0,,1.83,1.83,184300000.0,184700000.0,2178000000.0,,,2580000000.0,,,,8499000000.0,,3232000000.0,464000000.0,357000000.0,611000000.0,14751000000.0,1887000000.0,,295000000.0,3555000000.0,,,,,7017000000.0,8629000000.0,-755000000.0,7360000000.0,14751000000.0,105000000.0,10000000.0,,,135000000.0,,-2000000.0,302000000.0,,,263000000.0,,,,,90000000.0,107000000.0,,-1000000.0,-187000000.0,,5000000.0,-602000000.0,,
2014-06-29,9241000000.0,6898000000.0,2343000000.0,369000000.0,1037000000.0,,1125000000.0,,1153000000.0,323000000.0,,4.27,4.26,183500000.0,183900000.0,2219000000.0,,,2745000000.0,,,,9080000000.0,,3329000000.0,465000000.0,353000000.0,668000000.0,15500000000.0,1905000000.0,,316000000.0,3809000000.0,,,,,7342000000.0,8961000000.0,-669000000.0,7787000000.0,15500000000.0,217000000.0,21000000.0,,,223000000.0,,-4000000.0,289000000.0,,,701000000.0,,,,,193000000.0,245000000.0,,-8000000.0,-463000000.0,,5000000.0,-756000000.0,,
2014-09-28,14131000000.0,10543000000.0,3588000000.0,567000000.0,1527000000.0,,1784000000.0,,1822000000.0,553000000.0,,6.59,6.58,183100000.0,183500000.0,2328000000.0,,,2833000000.0,,,,9068000000.0,,3464000000.0,465000000.0,346000000.0,619000000.0,15644000000.0,1930000000.0,,328000000.0,4038000000.0,,,,,7547000000.0,9243000000.0,-827000000.0,7748000000.0,15644000000.0,330000000.0,27000000.0,,,302000000.0,,6000000.0,316000000.0,,,1388000000.0,,,,,266000000.0,409000000.0,,-11000000.0,-640000000.0,,5000000.0,-1099000000.0,,
2014-12-31,19221000000.0,14360000000.0,4861000000.0,754000000.0,2095000000.0,,2365000000.0,,2434000000.0,698000000.0,,9.04,9.02,182637568.0,183079295.0,2301000000.0,,,2866000000.0,184000000.0,,,9055000000.0,,3686000000.0,479000000.0,343000000.0,595000000.0,15776000000.0,1881000000.0,,401000000.0,4021000000.0,513000000.0,130000000.0,,375000000.0,7683000000.0,9545000000.0,-1078000000.0,7749000000.0,15776000000.0,455000000.0,36000000.0,31000000.0,,256000000.0,,-1000000.0,244000000.0,,,2266000000.0,,,,0.0,436000000.0,743000000.0,,-13000000.0,-1234000000.0,,,-1343000000.0,,659000000.0
2015-03-29,4709000000.0,3514000000.0,1195000000.0,195000000.0,517000000.0,,548000000.0,,548000000.0,144000000.0,,2.14,2.14,180600000.0,181000000.0,1997000000.0,,,2936000000.0,,,,9000000000.0,,3637000000.0,470000000.0,340000000.0,607000000.0,15736000000.0,2013000000.0,,393000000.0,4057000000.0,,,,,7667000000.0,9792000000.0,-1245000000.0,7706000000.0,15736000000.0,128000000.0,5000000.0,,,98000000.0,,-20000000.0,147000000.0,,,173000000.0,,,,,11000000.0,100000000.0,,-4000000.0,-125000000.0,,,-296000000.0,,
2015-06-28,9724000000.0,7197000000.0,2527000000.0,361000000.0,1054000000.0,,1271000000.0,,1252000000.0,352000000.0,,4.77,4.76,179900000.0,180300000.0,1760000000.0,,,2986000000.0,,,,9003000000.0,,3653000000.0,473000000.0,339000000.0,631000000.0,15878000000.0,1974000000.0,,402000000.0,4053000000.0,,,,,7664000000.0,10123000000.0,-1071000000.0,7854000000.0,15878000000.0,254000000.0,17000000.0,,,127000000.0,,-18000000.0,97000000.0,,,569000000.0,,,,,15000000.0,247000000.0,,-14000000.0,-300000000.0,,,-829000000.0,,
2015-09-27,14344000000.0,10609000000.0,3735000000.0,558000000.0,1584000000.0,,1828000000.0,,1813000000.0,521000000.0,,6.92,6.9,178900000.0,179300000.0,1688000000.0,,,3059000000.0,,,,8862000000.0,,3717000000.0,481000000.0,337000000.0,656000000.0,15797000000.0,1824000000.0,,414000000.0,3968000000.0,,,,,7716000000.0,10331000000.0,-1258000000.0,7749000000.0,15797000000.0,383000000.0,24000000.0,,,179000000.0,,-133000000.0,-52000000.0,,,1131000000.0,,,,,102000000.0,393000000.0,,5000000.0,-477000000.0,,,-1215000000.0,,
2015-12-31,19110000000.0,14163000000.0,4947000000.0,735000000.0,2092000000.0,,2057000000.0,,2025000000.0,555000000.0,,7.86,7.84,178037581.0,178406828.0,1711000000.0,,,2707000000.0,356000000.0,,,7947000000.0,,3745000000.0,482000000.0,328000000.0,922000000.0,15134000000.0,1706000000.0,,403000000.0,3803000000.0,583000000.0,34000000.0,,249000000.0,7384000000.0,10322000000.0,-1348000000.0,7406000000.0,15134000000.0,514000000.0,24000000.0,-108000000.0,,-150000000.0,,151000000.0,-136000000.0,,,2059000000.0,,,,,117000000.0,744000000.0,,-9000000.0,-918000000.0,,,-1644000000.0,,732000000.0
2016-04-03,4291000000.0,3235000000.0,1056000000.0,166000000.0,490000000.0,,470000000.0,,465000000.0,132000000.0,,1.87,1.87,171800000.0,172000000.0,915000000.0,,,2759000000.0,,,,7468000000.0,,3712000000.0,485000000.0,344000000.0,1002000000.0,14827000000.0,1809000000.0,,425000000.0,3917000000.0,,,,,7567000000.0,10473000000.0,-1417000000.0,6920000000.0,14827000000.0,128000000.0,5000000.0,,,54000000.0,,-188000000.0,103000000.0,,,263000000.0,,,,,1000000.0,71000000.0,,-4000000.0,-388000000.0,,,-632000000.0,,
2016-07-03,8819000000.0,6566000000.0,2253000000.0,321000000.0,1014000000.0,,1037000000.0,,1040000000.0,280000000.0,,4.27,4.26,170300000.0,170500000.0,1045000000.0,,,2778000000.0,,,,7630000000.0,,3703000000.0,481000000.0,328000000.0,1041000000.0,15020000000.0,1825000000.0,,433000000.0,4150000000.0,,,,,7825000000.0,10716000000.0,-1620000000.0,6861000000.0,15020000000.0,259000000.0,20000000.0,,,101000000.0,,-189000000.0,139000000.0,,,734000000.0,,,,,1000000.0,189000000.0,,-6000000.0,-391000000.0,,,-892000000.0,,
2016-10-02,13006000000.0,9674000000.0,3332000000.0,478000000.0,1527000000.0,,1421000000.0,,1422000000.0,362000000.0,,5.99,5.99,169500000.0,169700000.0,1251000000.0,,,2820000000.0,,,,7794000000.0,,3677000000.0,482000000.0,319000000.0,1014000000.0,15136000000.0,1781000000.0,,460000000.0,4308000000.0,,,,,7872000000.0,10833000000.0,-1632000000.0,6934000000.0,15136000000.0,391000000.0,28000000.0,,,150000000.0,,-138000000.0,97000000.0,,,1310000000.0,,,,,1000000.0,312000000.0,,-14000000.0,-590000000.0,,,-1041000000.0,,
2016-12-31,17509000000.0,13057000000.0,4452000000.0,636000000.0,2046000000.0,,1928000000.0,,1930000000.0,474000000.0,,8.25,8.23,169038410.0,169336616.0,1120000000.0,,,2675000000.0,344000000.0,,,7707000000.0,,3800000000.0,480000000.0,332000000.0,1015000000.0,15011000000.0,1854000000.0,,468000000.0,4325000000.0,589000000.0,76000000.0,,213000000.0,7837000000.0,11040000000.0,-1821000000.0,6875000000.0,15011000000.0,530000000.0,32000000.0,50000000.0,,4000000.0,,-14000000.0,184000000.0,,,1935000000.0,,,,,94000000.0,531000000.0,,-26000000.0,-917000000.0,,,-1409000000.0,,430000000.0
2017-04-02,4589000000.0,3461000000.0,1128000000.0,158000000.0,537000000.0,,546000000.0,,548000000.0,143000000.0,,2.36,2.36,167500000.0,168000000.0,1322000000.0,,,2894000000.0,,,,8159000000.0,,3802000000.0,482000000.0,345000000.0,1002000000.0,15634000000.0,2168000000.0,,498000000.0,4662000000.0,,,,,8158000000.0,11265000000.0,-1732000000.0,7165000000.0,15634000000.0,139000000.0,7000000.0,,,202000000.0,,-73000000.0,296000000.0,,,379000000.0,,,,,,81000000.0,,-4000000.0,-27000000.0,,,-164000000.0,,
2017-07-02,9667000000.0,7290000000.0,2377000000.0,332000000.0,1133000000.0,,1141000000.0,,1147000000.0,301000000.0,,4.9,4.88,167400000.0,167900000.0,1293000000.0,,,2982000000.0,,,,8602000000.0,,3787000000.0,488000000.0,339000000.0,1030000000.0,16260000000.0,2300000000.0,,520000000.0,4894000000.0,,,,,8438000000.0,11517000000.0,-1615000000.0,7493000000.0,16260000000.0,284000000.0,23000000.0,,,264000000.0,,-21000000.0,403000000.0,,,826000000.0,,,,,,182000000.0,,-14000000.0,-160000000.0,,,-544000000.0,,
2017-10-01,14952000000.0,11236000000.0,3716000000.0,545000000.0,1757000000.0,,1770000000.0,,1769000000.0,466000000.0,,7.62,7.6,167000000.0,167600000.0,1290000000.0,,,3146000000.0,,,,9056000000.0,,3816000000.0,1036000000.0,964000000.0,995000000.0,17992000000.0,2486000000.0,,528000000.0,5758000000.0,,,,,9431000000.0,11791000000.0,-1504000000.0,7629000000.0,17992000000.0,433000000.0,34000000.0,,,401000000.0,,28000000.0,567000000.0,,,1471000000.0,,,,,600000000.0,282000000.0,,-1000000.0,-786000000.0,,,-600000000.0,,
2017-12-31,20428000000.0,15338000000.0,5090000000.0,752000000.0,2390000000.0,,2365000000.0,,2365000000.0,1371000000.0,,5.99,5.97,166625320.0,167270865.0,1369000000.0,,,3166000000.0,751000000.0,,,8928000000.0,,3927000000.0,1082000000.0,973000000.0,966000000.0,18075000000.0,2579000000.0,,500000000.0,5677000000.0,604000000.0,391000000.0,,134000000.0,9911000000.0,11464000000.0,-1503000000.0,7259000000.0,18075000000.0,583000000.0,41000000.0,378000000.0,,407000000.0,,12000000.0,639000000.0,,,2277000000.0,,,,,662000000.0,506000000.0,,-5000000.0,-1052000000.0,,,-1074000000.0,,622000000.0
2018-04-01,5570000000.0,4370000000.0,1200000000.0,210000000.0,577000000.0,,530000000.0,,523000000.0,198000000.0,,1.97,1.96,164900000.0,165700000.0,1207000000.0,,,3411000000.0,,,,9201000000.0,,3892000000.0,1085000000.0,960000000.0,908000000.0,18392000000.0,2854000000.0,,489000000.0,5832000000.0,,,,,10096000000.0,11641000000.0,-1397000000.0,7394000000.0,18392000000.0,154000000.0,9000000.0,,,259000000.0,,-56000000.0,246000000.0,,,-117000000.0,,,,,,72000000.0,,-25000000.0,-36000000.0,,,-52000000.0,-162000000.0,
2018-07-01,11702000000.0,9062000000.0,2640000000.0,429000000.0,1190000000.0,,1252000000.0,,1238000000.0,359000000.0,,5.3,5.27,164300000.0,165000000.0,1318000000.0,,,3559000000.0,,,,9835000000.0,,3824000000.0,1079000000.0,940000000.0,912000000.0,18915000000.0,2981000000.0,357000000.0,479000000.0,6104000000.0,880000000.0,,,135000000.0,10721000000.0,12009000000.0,-1667000000.0,7299000000.0,18915000000.0,308000000.0,28000000.0,,,475000000.0,,42000000.0,442000000.0,,,473000000.0,,,81000000.0,,,186000000.0,,-36000000.0,-236000000.0,,,-253000000.0,-51000000.0,
2018-09-30,17645000000.0,13454000000.0,4191000000.0,658000000.0,1794000000.0,,2055000000.0,,2043000000.0,466000000.0,,9.57,9.53,163300000.0,163900000.0,1222000000.0,185000000.0,,3831000000.0,,,,9863000000.0,,3870000000.0,1110000000.0,950000000.0,922000000.0,18992000000.0,2980000000.0,834000000.0,500000000.0,6416000000.0,637000000.0,,,161000000.0,10932000000.0,12519000000.0,-1799000000.0,7191000000.0,18992000000.0,456000000.0,38000000.0,,,773000000.0,,100000000.0,467000000.0,,,1388000000.0,,,234000000.0,,70000000.0,361000000.0,,-36000000.0,-519000000.0,,,-960000000.0,-147000000.0,
2018-12-31,23771000000.0,18034000000.0,5737000000.0,902000000.0,2437000000.0,,2786000000.0,,2753000000.0,566000000.0,,13.2,13.15,162172831.0,162773347.0,1303000000.0,222000000.0,,3759000000.0,147000000.0,,,9818000000.0,,4096000000.0,1126000000.0,909000000.0,962000000.0,19062000000.0,2822000000.0,852000000.0,498000000.0,6384000000.0,658000000.0,263000000.0,,163000000.0,10803000000.0,12917000000.0,-1807000000.0,7348000000.0,19062000000.0,611000000.0,53000000.0,-238000000.0,,695000000.0,,162000000.0,302000000.0,,,2378000000.0,,,253000000.0,,70000000.0,709000000.0,,-36000000.0,-974000000.0,,,-1400000000.0,,699000000.0
2019-03-31,6004000000.0,4472000000.0,1532000000.0,237000000.0,593000000.0,,799000000.0,,845000000.0,176000000.0,,4.22,4.2,157200000.0,157700000.0,1328000000.0,246000000.0,,3893000000.0,,,,10091000000.0,,4066000000.0,1125000000.0,895000000.0,1427000000.0,19846000000.0,3018000000.0,958000000.0,509000000.0,6427000000.0,697000000.0,,,1188000000.0,11119000000.0,13401000000.0,-1739000000.0,7820000000.0,19846000000.0,157000000.0,9000000.0,,,107000000.0,,-67000000.0,166000000.0,,,412000000.0,,,63000000.0,,,109000000.0,,-31000000.0,-71000000.0,,,-347000000.0,25000000.0,
2019-06-30,12225000000.0,9052000000.0,3173000000.0,488000000.0,1222000000.0,,1647000000.0,,1716000000.0,362000000.0,,8.51,8.47,157400000.0,158000000.0,1397000000.0,335000000.0,,3896000000.0,,,,10450000000.0,,4077000000.0,1125000000.0,901000000.0,1467000000.0,20254000000.0,2991000000.0,920000000.0,505000000.0,6289000000.0,726000000.0,,,1234000000.0,11058000000.0,13897000000.0,-1840000000.0,8278000000.0,20254000000.0,315000000.0,28000000.0,,,125000000.0,,-15000000.0,148000000.0,,,1220000000.0,,,97000000.0,,,242000000.0,,-15000000.0,-411000000.0,,,-711000000.0,94000000.0,
2019-09-29,17993000000.0,13326000000.0,4667000000.0,730000000.0,1822000000.0,,2346000000.0,,2471000000.0,501000000.0,,12.5,12.45,156800000.0,157400000.0,1560000000.0,303000000.0,,3821000000.0,,,,10228000000.0,,4056000000.0,1288000000.0,1022000000.0,1532000000.0,20346000000.0,2830000000.0,997000000.0,545000000.0,6725000000.0,,,,1314000000.0,11593000000.0,14315000000.0,-2040000000.0,7810000000.0,20346000000.0,493000000.0,37000000.0,,,62000000.0,,-48000000.0,-3000000.0,,,2343000000.0,,,179000000.0,,237000000.0,395000000.0,,-26000000.0,-829000000.0,,,-1198000000.0,257000000.0,
2019-12-31,23571000000.0,17591000000.0,5980000000.0,1001000000.0,2454000000.0,,2700000000.0,,2834000000.0,566000000.0,,14.54,14.48,155400000.0,156100000.0,1129000000.0,341000000.0,,3486000000.0,135000000.0,,,9387000000.0,,4245000000.0,1286000000.0,1003000000.0,1578000000.0,19737000000.0,2534000000.0,1039000000.0,533000000.0,6260000000.0,,306000000.0,,1379000000.0,11272000000.0,14416000000.0,-2028000000.0,7507000000.0,19737000000.0,672000000.0,49000000.0,-4000000.0,,-291000000.0,,95000000.0,-310000000.0,,,3181000000.0,,,258000000.0,,237000000.0,700000000.0,,-9000000.0,-1150000000.0,,,-2095000000.0,-174000000.0,691000000.0
2020-03-29,5011000000.0,3717000000.0,1294000000.0,238000000.0,546000000.0,,634000000.0,,655000000.0,127000000.0,,3.42,3.41,149300000.0,149700000.0,1691000000.0,339000000.0,,3579000000.0,,,,9790000000.0,,4128000000.0,1283000000.0,965000000.0,1617000000.0,20076000000.0,2648000000.0,971000000.0,527000000.0,6982000000.0,,,,1431000000.0,12058000000.0,14728000000.0,-2250000000.0,7068000000.0,20076000000.0,168000000.0,4000000.0,,,171000000.0,,-79000000.0,171000000.0,,,379000000.0,,,53000000.0,,,75000000.0,,-6000000.0,-99000000.0,,,234000000.0,562000000.0,
2020-06-28,8863000000.0,6679000000.0,2184000000.0,427000000.0,1016000000.0,,970000000.0,,1017000000.0,220000000.0,,5.3,5.29,148400000.0,148800000.0,1751000000.0,353000000.0,,3655000000.0,,,,9834000000.0,,4067000000.0,1284000000.0,1017000000.0,1752000000.0,20314000000.0,2281000000.0,920000000.0,523000000.0,6916000000.0,,,,1586000000.0,12184000000.0,14811000000.0,-2242000000.0,7192000000.0,20314000000.0,333000000.0,12000000.0,,,224000000.0,,-95000000.0,-220000000.0,,,357000000.0,,,164000000.0,,,152000000.0,,-9000000.0,-234000000.0,,,460000000.0,622000000.0,
2020-09-27,13981000000.0,10448000000.0,3533000000.0,651000000.0,1549000000.0,,1640000000.0,,1703000000.0,402000000.0,,8.69,8.65,148300000.0,148900000.0,2967000000.0,345000000.0,,3470000000.0,,,,11062000000.0,,4087000000.0,1288000000.0,990000000.0,1713000000.0,21568000000.0,2597000000.0,990000000.0,540000000.0,5709000000.0,,,,1566000000.0,12927000000.0,15118000000.0,-2107000000.0,7700000000.0,21568000000.0,499000000.0,22000000.0,,,50000000.0,,-73000000.0,109000000.0,,,1580000000.0,,,283000000.0,,0.0,268000000.0,,-23000000.0,-337000000.0,,,564000000.0,1838000000.0,
2020-12-31,19811000000.0,14917000000.0,4894000000.0,906000000.0,2125000000.0,,2269000000.0,,2338000000.0,527000000.0,,12.07,12.01,148200000.0,149000000.0,3401000000.0,461000000.0,,3425000000.0,154000000.0,,,11897000000.0,,4255000000.0,1293000000.0,963000000.0,1733000000.0,22624000000.0,2820000000.0,1112000000.0,691000000.0,6335000000.0,,,,1548000000.0,13635000000.0,15419000000.0,-1982000000.0,8062000000.0,22624000000.0,673000000.0,31000000.0,7000000.0,,-46000000.0,,39000000.0,288000000.0,,,2722000000.0,,,343000000.0,,0.0,528000000.0,,-27000000.0,-719000000.0,88000000.0,,280000000.0,2272000000.0,432000000.0
2021-04-04,6092000000.0,4606000000.0,1486000000.0,260000000.0,574000000.0,,810000000.0,,783000000.0,172000000.0,,4.1,4.07,147000000.0,148300000.0,2958000000.0,397000000.0,,3753000000.0,,,,12122000000.0,,4196000000.0,1290000000.0,964000000.0,1713000000.0,22962000000.0,3279000000.0,1121000000.0,773000000.0,6660000000.0,,,,1510000000.0,13931000000.0,15825000000.0,-1937000000.0,8109000000.0,22962000000.0,170000000.0,8000000.0,,,336000000.0,,24000000.0,465000000.0,,,339000000.0,,,163000000.0,,,87000000.0,,-19000000.0,-25000000.0,18000000.0,,-745000000.0,-443000000.0,
2021-07-04,12203000000.0,9239000000.0,2964000000.0,536000000.0,1174000000.0,,1545000000.0,,1562000000.0,339000000.0,,8.24,8.16,146000000.0,147400000.0,2481000000.0,438000000.0,,4076000000.0,,,,11931000000.0,,4174000000.0,1291000000.0,942000000.0,1680000000.0,22608000000.0,3172000000.0,1086000000.0,805000000.0,6604000000.0,,,,1472000000.0,13815000000.0,16228000000.0,-1929000000.0,7866000000.0,22608000000.0,337000000.0,18000000.0,,,628000000.0,,18000000.0,377000000.0,,,955000000.0,,,273000000.0,,,212000000.0,,-27000000.0,-146000000.0,26000000.0,,-1722000000.0,-920000000.0,
2021-10-03,18171000000.0,13793000000.0,4378000000.0,802000000.0,1745000000.0,,2211000000.0,,2237000000.0,473000000.0,,11.96,11.86,145200000.0,146500000.0,2588000000.0,430000000.0,,4322000000.0,,,,12320000000.0,,4185000000.0,1289000000.0,921000000.0,1705000000.0,23063000000.0,3210000000.0,1185000000.0,806000000.0,6861000000.0,,,,1435000000.0,14060000000.0,16555000000.0,-1911000000.0,8082000000.0,23063000000.0,497000000.0,25000000.0,,,919000000.0,,45000000.0,416000000.0,,,1524000000.0,,,,,,362000000.0,,-45000000.0,-278000000.0,27000000.0,,-2079000000.0,-813000000.0,
2021-12-31,24021000000.0,18326000000.0,5695000000.0,1090000000.0,2374000000.0,,2706000000.0,,2751000000.0,587000000.0,,14.74,14.61,144600000.0,145900000.0,2592000000.0,595000000.0,,4355000000.0,25000000.0,,,12309000000.0,,4422000000.0,1287000000.0,900000000.0,1766000000.0,23710000000.0,3021000000.0,1190000000.0,855000000.0,7084000000.0,,,,1508000000.0,14309000000.0,16741000000.0,-1571000000.0,8474000000.0,23710000000.0,662000000.0,37000000.0,7000000.0,,945000000.0,,-2000000.0,217000000.0,,,2256000000.0,,,,,0.0,734000000.0,,-25000000.0,-873000000.0,56000000.0,,-2227000000.0,-809000000.0,521000000.0
2022-03-31,6385000000.0,4853000000.0,1532000000.0,298000000.0,615000000.0,,604000000.0,,578000000.0,155000000.0,,2.94,2.92,142200000.0,143100000.0,,527000000.0,,4586000000.0,,,,12596000000.0,,4381000000.0,1286000000.0,917000000.0,1844000000.0,24122000000.0,3497000000.0,1300000000.0,883000000.0,7512000000.0,,,,1566000000.0,14759000000.0,16952000000.0,-1515000000.0,8436000000.0,24122000000.0,161000000.0,5000000.0,,,289000000.0,,57000000.0,484000000.0,,,164000000.0,,,,,-83000000.0,104000000.0,,1000000.0,-10000000.0,9000000.0,,-497000000.0,-316000000.0,
2022-06-30,12971000000.0,9713000000.0,3258000000.0,597000000.0,1237000000.0,,1501000000.0,,1433000000.0,303000000.0,,7.9,7.86,141700000.0,142500000.0,,536000000.0,,4765000000.0,,,,12762000000.0,,4389000000.0,1391000000.0,1054000000.0,1876000000.0,24477000000.0,3405000000.0,1221000000.0,871000000.0,7671000000.0,,,,1506000000.0,14822000000.0,17450000000.0,-1696000000.0,8738000000.0,24477000000.0,328000000.0,14000000.0,,,498000000.0,,65000000.0,426000000.0,,,763000000.0,,,,,245000000.0,251000000.0,,-1000000.0,-576000000.0,19000000.0,,-391000000.0,-130000000.0,
2022-09-30,20304000000.0,15404000000.0,4900000000.0,945000000.0,1945000000.0,,2127000000.0,,2041000000.0,502000000.0,,10.74,10.68,141500000.0,142300000.0,,466000000.0,,5543000000.0,,,,14398000000.0,,5201000000.0,2229000000.0,2602000000.0,1977000000.0,29769000000.0,4000000000.0,1568000000.0,921000000.0,10530000000.0,,,,1892000000.0,20159000000.0,17628000000.0,-2013000000.0,8380000000.0,29769000000.0,544000000.0,24000000.0,,,597000000.0,,18000000.0,353000000.0,,,1145000000.0,,,,,3008000000.0,453000000.0,,-7000000.0,-3496000000.0,36000000.0,,2111000000.0,-93000000.0,
2022-12-31,28074000000.0,21355000000.0,6719000000.0,1278000000.0,2687000000.0,,2929000000.0,,2819000000.0,636000000.0,,15.2,15.12,141500000.0,142300000.0,2101000000.0,472000000.0,,5603000000.0,1459000000.0,,,14451000000.0,,5521000000.0,2343000000.0,2687000000.0,2140000000.0,30299000000.0,4252000000.0,1465000000.0,1004000000.0,11421000000.0,,,,3311000000.0,20074000000.0,18037000000.0,-1890000000.0,8975000000.0,30299000000.0,784000000.0,,-274000000.0,,567000000.0,,109000000.0,538000000.0,,,1962000000.0,,,,,3191000000.0,916000000.0,,143000000.0,-4172000000.0,,,1669000000.0,-491000000.0,903000000.0
2023-03-31,8453000000.0,6424000000.0,2029000000.0,350000000.0,753000000.0,,1026000000.0,,1029000000.0,223000000.0,,5.58,5.55,141500000.0,142400000.0,,459000000.0,,5878000000.0,,,,15368000000.0,,5590000000.0,2365000000.0,2640000000.0,2114000000.0,31433000000.0,4636000000.0,1648000000.0,1040000000.0,11923000000.0,,,,3283000000.0,20552000000.0,18605000000.0,-1823000000.0,9623000000.0,31433000000.0,246000000.0,,,,263000000.0,,142000000.0,381000000.0,,,495000000.0,,,,,0.0,193000000.0,,54000000.0,-228000000.0,,,-363000000.0,-121000000.0,
2023-06-30,17091000000.0,12914000000.0,4177000000.0,734000000.0,1626000000.0,,2023000000.0,,1978000000.0,435000000.0,,10.66,10.6,141700000.0,142500000.0,,512000000.0,,6026000000.0,,,,15410000000.0,,5723000000.0,2404000000.0,2584000000.0,2230000000.0,31735000000.0,4308000000.0,1637000000.0,1017000000.0,11045000000.0,,,,3306000000.0,20379000000.0,19102000000.0,-1917000000.0,10337000000.0,31735000000.0,503000000.0,,,,403000000.0,,137000000.0,65000000.0,,,978000000.0,,,,,134000000.0,414000000.0,,30000000.0,-606000000.0,,,-603000000.0,-299000000.0,
2023-09-30,25522000000.0,19274000000.0,6248000000.0,1110000000.0,2457000000.0,,2973000000.0,,2856000000.0,623000000.0,,15.29,15.19,141800000.0,142800000.0,2387000000.0,452000000.0,,5906000000.0,,,,15912000000.0,,5801000000.0,2379000000.0,2518000000.0,2202000000.0,32097000000.0,4262000000.0,1706000000.0,1029000000.0,11126000000.0,,,,3332000000.0,20419000000.0,19520000000.0,-2051000000.0,10658000000.0,32097000000.0,760000000.0,,,,318000000.0,,191000000.0,43000000.0,,,2507000000.0,,,,,127000000.0,694000000.0,,65000000.0,-860000000.0,,,-1069000000.0,511000000.0,
2023-12-31,34065000000.0,25816000000.0,8249000000.0,1500000000.0,3333000000.0,,1761000000.0,,1626000000.0,786000000.0,,5.19,5.15,141700000.0,142700000.0,,562000000.0,,5677000000.0,552000000.0,,,15198000000.0,,6249000000.0,2500000000.0,2519000000.0,2543000000.0,32005000000.0,4260000000.0,3754000000.0,1220000000.0,12903000000.0,,,,3430000000.0,22101000000.0,17851000000.0,-2206000000.0,8850000000.0,32005000000.0,1024000000.0,,-457000000.0,,0.0,,120000000.0,-66000000.0,,,3966000000.0,,,,,292000000.0,1213000000.0,,63000000.0,-1643000000.0,,,-2177000000.0,78000000.0,1181000000.0
2024-03-31,8403000000.0,6362000000.0,2041000000.0,369000000.0,839000000.0,,923000000.0,,2221000000.0,193000000.0,,14.1,14.03,141300000.0,142100000.0,2541000000.0,510000000.0,,5758000000.0,,,,15620000000.0,,6011000000.0,2406000000.0,2455000000.0,2374000000.0,31827000000.0,4476000000.0,3697000000.0,1236000000.0,11686000000.0,,,,3208000000.0,21726000000.0,19605000000.0,-2264000000.0,9067000000.0,31827000000.0,265000000.0,,,,354000000.0,,175000000.0,327000000.0,,,276000000.0,,,,,59000000.0,169000000.0,,56000000.0,-406000000.0,,,499000000.0,362000000.0,
2024-06-30,17199000000.0,12965000000.0,4234000000.0,748000000.0,1667000000.0,,1968000000.0,,3198000000.0,418000000.0,,19.53,19.42,139200000.0,140000000.0,1590000000.0,593000000.0,,5857000000.0,,,,14962000000.0,,6053000000.0,2394000000.0,2502000000.0,2389000000.0,31320000000.0,4405000000.0,1890000000.0,1311000000.0,11144000000.0,,,,3128000000.0,20744000000.0,20101000000.0,-2335000000.0,9551000000.0,31320000000.0,528000000.0,,,,469000000.0,,151000000.0,263000000.0,,,-575000000.0,,,,,58000000.0,409000000.0,,137000000.0,-806000000.0,,,807000000.0,-589000000.0,
2024-09-30,25655000000.0,19250000000.0,6405000000.0,1107000000.0,2474000000.0,,3018000000.0,,4241000000.0,618000000.0,,25.47,25.31,138500000.0,139400000.0,1733000000.0,518000000.0,,6134000000.0,,,,15316000000.0,,6176000000.0,2412000000.0,2462000000.0,2556000000.0,32052000000.0,4206000000.0,1745000000.0,1225000000.0,11603000000.0,,,,3162000000.0,20711000000.0,20660000000.0,-2174000000.0,10315000000.0,32052000000.0,794000000.0,,,,726000000.0,,370000000.0,27000000.0,,,65000000.0,,,,,58000000.0,668000000.0,,220000000.0,-1069000000.0,,,564000000.0,-446000000.0,
