Date,Net sales,Cost of sales,Gross margin,Research and development,"Selling, general and administrative",Total operating expenses,Operating income,"Other income/(expense), net",Income before provision for income taxes,Provision for income taxes,Net income,Earnings per share basic,Earnings per share diluted,Weighted-average basic,Weighted-average diluted,Cash and cash equivalents,Short-term marketable securities,"Accounts receivable, net",Inventories,Deferred tax assets,Vendor non-trade receivables,Other current assets,Total current assets,Long-term marketable securities,"Property, Plant and Equipment, Net",Goodwill,"Acquired intangible assets, net","Other Assets, Noncurrent",Total assets,accounts payable,Accrued expenses,Deferred revenue,Total current liabilities,Deferred revenue - non-current,deferred tax liabilities,long term taxes payable,Total other non-current liabilities,Total liabilities,Retained Earnings (Accumulated Deficit),Accumulated other comprehensive (loss)/income,Total shareholders equity,Total liabilities and shareholders' equity,"Depreciation, amortization and accretion",Stock-based compensation expense,Deferred income tax expense,"Increase (Decrease) in Accounts receivable, net",Increase (Decrease) in Inventories,Increase (Decrease) in Other Receivables,Increase (Decrease) in Other Operating Assets,Increase (Decrease) in Accounts Payable,Increase (Decrease) in Deferred Revenue,Increase (Decrease) Other liabilities,Cash generated by operating activities,Purchases of marketable securities,Proceeds from maturities of marketable securities,Proceeds from sales of marketable securities,Purchases of other long-term investments,"Business acquisitions, net of cash acquired",Cash payments for capital asset purchases,Payments for acquisition of intangible assets,Payments for (Proceeds from) Other Investing Activities,Cash used in investing activities,Proceeds from issuance of common stock,Excess tax benefits from stock-based compensation,Cash generated/used in financing activities,Increase/(decrease) in cash and cash equivalents,"Cash paid for income taxes, net"
2010-06-30,2145493000.0,,,,,2074173000.0,71320000.0,,74837000.0,29779000.0,46775000.0,0.97,0.94,49135552.0,50866318.0,265600000.0,,,,,,83843000.0,545837000.0,,313839000.0,244304000.0,24589000.0,35557000.0,1733537000.0,,,5695000.0,636819000.0,,,,64870000.0,954369000.0,405682000.0,,763230000.0,1733537000.0,,6888000.0,,,,,948000.0,,-85950000.0,,-98256000.0,,,,,21473000.0,63602000.0,,,-86044000.0,,295000.0,46148000.0,-138152000.0,27940000.0
2010-09-30,3267354000.0,,,,,3155786000.0,111568000.0,,110940000.0,42942000.0,69437000.0,1.43,1.38,49238406.0,50938357.0,397666000.0,,,,,,63408000.0,675988000.0,,311195000.0,247757000.0,24608000.0,28398000.0,1795177000.0,,,52936000.0,661092000.0,,,,66355000.0,991245000.0,428344000.0,,790294000.0,1795177000.0,,10224000.0,,,,,-2932000.0,,-38708000.0,,-25693000.0,,,,,26847000.0,91960000.0,,,-35989000.0,,424000.0,55596000.0,-6086000.0,44407000.0
2010-12-31,4448323000.0,,,,,4291254000.0,157069000.0,,154282000.0,59900000.0,94836000.0,1.95,1.88,48754947.0,50447888.0,434166000.0,,,,,,64154000.0,656821000.0,,326341000.0,278051000.0,29109000.0,30057000.0,1943882000.0,,,117344000.0,765246000.0,,,,53378000.0,1146827000.0,453743000.0,,793939000.0,1943882000.0,,13874000.0,,,,,-3240000.0,,25700000.0,,168932000.0,,,,,60388000.0,63304000.0,,,-210607000.0,,963000.0,72089000.0,30414000.0,53938000.0
2011-03-31,1216357000.0,,,,,1177260000.0,39097000.0,,37151000.0,14328000.0,23745000.0,0.48,0.46,49750430.0,51811721.0,492045000.0,,,,,,67062000.0,743829000.0,,334180000.0,278105000.0,27813000.0,36470000.0,2003685000.0,,,127451000.0,817047000.0,,,,53116000.0,1172489000.0,477488000.0,,829002000.0,2003685000.0,,4394000.0,,,,,-1636000.0,,10106000.0,,93991000.0,,,,,0.0,15725000.0,,,-11978000.0,,1132000.0,-24134000.0,57879000.0,9567000.0
2011-06-30,2531371000.0,,,,,2436971000.0,94400000.0,,81643000.0,30757000.0,52119000.0,1.04,1.0,50167052.0,52489414.0,474450000.0,,,,,,69143000.0,774536000.0,,340392000.0,281981000.0,30342000.0,38041000.0,2010444000.0,,,111110000.0,749773000.0,,,,53899000.0,1140140000.0,505862000.0,,868466000.0,2010444000.0,,8839000.0,,,,,4001000.0,,-12465000.0,,53154000.0,,,,,3192000.0,31744000.0,,,-21111000.0,,1369000.0,8241000.0,40284000.0,40111000.0
2011-09-30,3833406000.0,,,,,3690459000.0,142947000.0,,128315000.0,49216000.0,81106000.0,1.62,1.55,50345512.0,52620350.0,451657000.0,,,,,,68908000.0,766376000.0,,345600000.0,281981000.0,28795000.0,57526000.0,2037498000.0,,,54764000.0,730380000.0,,,,54926000.0,1133399000.0,534849000.0,,902710000.0,2037498000.0,,13263000.0,-223000.0,,,,6667000.0,,-65183000.0,,89673000.0,,,,,3192000.0,52931000.0,,,-81151000.0,,1632000.0,8969000.0,17491000.0,49996000.0
2011-12-31,5340582000.0,,,,,5150258000.0,190324000.0,,174885000.0,66522000.0,111218000.0,2.22,2.12,50198954.0,52474238.0,,,,,14980000.0,,78363000.0,940010000.0,,349622000.0,281981000.0,27430000.0,58335000.0,2190336000.0,,,9890000.0,837613000.0,,47651000.0,,67960000.0,1253917000.0,564961000.0,,935634000.0,2190336000.0,,18171000.0,2031000.0,,,,11812000.0,,-109082000.0,,261696000.0,,,,,,68993000.0,,,-129076000.0,,4435000.0,6912000.0,139532000.0,50444000.0
2012-03-31,1712148000.0,,,,,1677950000.0,34198000.0,,34690000.0,12087000.0,23978000.0,0.47,0.45,51125674.0,53509243.0,432998000.0,,,,,,82925000.0,920377000.0,,352710000.0,281981000.0,26122000.0,58730000.0,2283147000.0,,,17977000.0,888322000.0,,,,68544000.0,1304028000.0,588939000.0,,979709000.0,2283147000.0,,6375000.0,5855000.0,,,,10723000.0,,8576000.0,,-32096000.0,,,,,,14980000.0,,,-120851000.0,,5472000.0,12247000.0,-140700000.0,20514000.0
2012-06-30,3822894000.0,,,,,3835442000.0,-46746000.0,,-47440000.0,-8608000.0,-34999000.0,-0.68,-0.68,51515895.0,51515895.0,421894000.0,,,,,,98805000.0,1073438000.0,,379970000.0,256288000.0,22481000.0,53011000.0,2449550000.0,,,29133000.0,1034236000.0,,,,61865000.0,1501563000.0,553940000.0,,951428000.0,2449550000.0,,11993000.0,9364000.0,,,,34105000.0,,19885000.0,,-9900000.0,,,,,,57442000.0,,,-210624000.0,,5810000.0,68720000.0,-151804000.0,32394000.0
2012-09-30,6271015000.0,,,,,6311204000.0,-40189000.0,,-22002000.0,-9547000.0,-7202000.0,-0.14,-0.14,51584860.0,53806197.0,796621000.0,,,,,,123841000.0,1376505000.0,,381781000.0,256288000.0,21375000.0,61764000.0,2690936000.0,,,131967000.0,1280114000.0,,,,61785000.0,1733872000.0,557759000.0,,963979000.0,2690936000.0,,18417000.0,-19318000.0,,,,23487000.0,,122077000.0,,307282000.0,,,,,,70601000.0,,,-138550000.0,,6049000.0,54191000.0,222923000.0,34001000.0
2012-12-31,8667612000.0,,,,,8694733000.0,-27121000.0,,-11624000.0,-329000.0,1859000.0,0.04,0.03,51509366.0,53714375.0,843952000.0,,,,31951000.0,,127080000.0,1373602000.0,,377726000.0,256288000.0,20268000.0,64282000.0,2741682000.0,,,34597000.0,1197090000.0,,,,55344000.0,1787915000.0,566820000.0,,953056000.0,2741682000.0,,25332000.0,-14438000.0,,,,36818000.0,,24707000.0,,278691000.0,,,,,,82144000.0,,,-187910000.0,,10996000.0,179473000.0,270254000.0,42877000.0
2013-03-31,2645892000.0,,,,,2605788000.0,40104000.0,,37950000.0,15039000.0,23002000.0,0.44,0.42,52357119.0,54266928.0,730791000.0,,,,,,178002000.0,1375271000.0,,382853000.0,256288000.0,19287000.0,65807000.0,2887157000.0,,,38175000.0,1307094000.0,,,,60799000.0,1900627000.0,589822000.0,,985708000.0,2887157000.0,,8375000.0,986000.0,,,,50537000.0,,3578000.0,,42993000.0,,,,,,10654000.0,,,-156277000.0,,515000.0,123000.0,-113161000.0,2205000.0
2013-06-30,5371837000.0,,,,,5264707000.0,107130000.0,,102229000.0,40307000.0,62486000.0,1.17,1.13,54529036.0,56601660.0,688712000.0,,,,,,164410000.0,1342360000.0,,388965000.0,344822000.0,52219000.0,107673000.0,3045235000.0,,,21811000.0,1320572000.0,,,,53916000.0,1922961000.0,629306000.0,,1118207000.0,3045235000.0,,16955000.0,10715000.0,,,,35879000.0,,-12068000.0,,80939000.0,,,,,,30057000.0,,,-275508000.0,,1113000.0,39329000.0,-155240000.0,21694000.0
2013-09-30,8175489000.0,,,,,7986128000.0,189361000.0,,182803000.0,71967000.0,111859000.0,2.08,2.0,54679660.0,56933056.0,741281000.0,,,,,,148576000.0,1368435000.0,,390200000.0,347548000.0,50541000.0,124492000.0,3139037000.0,,,41873000.0,1386972000.0,,,,49043000.0,1953946000.0,678679000.0,,1179539000.0,3139037000.0,,27252000.0,1626000.0,,,,19133000.0,,7976000.0,,211670000.0,,,,,,46383000.0,,,-324138000.0,,1140000.0,9797000.0,-102671000.0,40921000.0
2013-12-31,10863329000.0,,,,,10585912000.0,277417000.0,,268917000.0,107080000.0,165099000.0,3.05,2.94,54126545.0,56247173.0,974304000.0,,,,43851000.0,,217661000.0,1800173000.0,,395407000.0,348432000.0,48780000.0,59357000.0,3529300000.0,,,38191000.0,1559121000.0,,,,60015000.0,2285861000.0,731919000.0,,1234041000.0,3529300000.0,,36656000.0,-2293000.0,,,,79588000.0,,2724000.0,,382526000.0,,,,,,67835000.0,,,-342100000.0,,6380000.0,153695000.0,194121000.0,84681000.0
2014-03-31,3459888000.0,,,,,3389854000.0,70034000.0,,67735000.0,34555000.0,32983000.0,0.57,0.56,57483876.0,59361266.0,1218004000.0,,,,,,320393000.0,2281849000.0,,412699000.0,657551000.0,85134000.0,80961000.0,4446447000.0,,,74260000.0,2021443000.0,,,,70166000.0,2903588000.0,764902000.0,,1412666000.0,4446447000.0,,11297000.0,-7873000.0,,,,-3411000.0,,34662000.0,,252445000.0,,,,,,18116000.0,,,-150484000.0,,312000.0,130758000.0,232719000.0,21265000.0
2014-06-30,7483588000.0,,,,,7320882000.0,162706000.0,,159055000.0,79429000.0,81846000.0,1.42,1.37,57758683.0,59717258.0,1199784000.0,,,,,,313946000.0,2324886000.0,,423905000.0,642613000.0,81359000.0,107967000.0,4682567000.0,,,22472000.0,2117707000.0,,,,73897000.0,3076945000.0,813765000.0,,1476165000.0,4682567000.0,,22750000.0,-11258000.0,,,,-28826000.0,,-18066000.0,,411889000.0,,,,,,41568000.0,,,-389577000.0,,1115000.0,198412000.0,220724000.0,110118000.0
2014-09-30,11835449000.0,,,,,11564811000.0,270638000.0,,263381000.0,106125000.0,164466000.0,2.84,2.74,58613484.0,60681875.0,1523596000.0,,,,,,319700000.0,2767711000.0,,424229000.0,753060000.0,127297000.0,140429000.0,5446345000.0,,,94961000.0,2634293000.0,,,,80371000.0,3664795000.0,896385000.0,-605000.0,1632903000.0,5446345000.0,,34613000.0,-64931000.0,,,,24678000.0,,54000000.0,,853734000.0,,,,,,68528000.0,,,-581445000.0,,6903000.0,273099000.0,544899000.0,167283000.0
2014-12-31,16560000000.0,,,,,16096000000.0,464000000.0,,457000000.0,196000000.0,271000000.0,2.33,2.25,116345764.0,120360212.0,1546000000.0,,,,83000000.0,,324000000.0,3034000000.0,,445000000.0,754000000.0,120000000.0,80000000.0,5838000000.0,,,168000000.0,2900000000.0,,,,158000000.0,3947000000.0,1003000000.0,-1000000.0,1744000000.0,5838000000.0,,48000000.0,-42000000.0,,,,5000000.0,,129000000.0,,1223000000.0,,,,,,103000000.0,,,-848000000.0,,19000000.0,198000000.0,572000000.0,237000000.0
2015-03-31,5131000000.0,,,,,5002000000.0,129000000.0,,128000000.0,63000000.0,63000000.0,0.53,0.51,118783755.0,122572366.0,1666000000.0,,,,,,528000000.0,3590000000.0,,450000000.0,786000000.0,131000000.0,114000000.0,6696000000.0,,,117000000.0,3343000000.0,,,,238000000.0,4704000000.0,1066000000.0,-1000000.0,1837000000.0,6696000000.0,,16000000.0,-6000000.0,,,,3000000.0,,-51000000.0,68000000.0,45000000.0,,,,,,27000000.0,,,-225000000.0,,3000000.0,236000000.0,56000000.0,24000000.0
2015-06-30,10637000000.0,,,,,10335000000.0,302000000.0,,300000000.0,147000000.0,151000000.0,1.27,1.23,119003569.0,122965011.0,1967000000.0,,,,,,483000000.0,3838000000.0,,462000000.0,811000000.0,148000000.0,121000000.0,7022000000.0,,,68000000.0,3458000000.0,,,,330000000.0,4927000000.0,1154000000.0,-4000000.0,1940000000.0,7022000000.0,,33000000.0,-13000000.0,,,,28000000.0,,-102000000.0,144000000.0,395000000.0,,,,,,58000000.0,,,-299000000.0,,6000000.0,261000000.0,357000000.0,145000000.0
2015-09-30,16458000000.0,,,,,15973000000.0,485000000.0,,480000000.0,234000000.0,244000000.0,2.05,1.99,119121524.0,123131810.0,1665000000.0,,,,,,488000000.0,3596000000.0,,488000000.0,849000000.0,161000000.0,130000000.0,7322000000.0,,,66000000.0,3563000000.0,,,,274000000.0,5113000000.0,1247000000.0,-2000000.0,2051000000.0,7322000000.0,,48000000.0,-14000000.0,,,,103000000.0,,-104000000.0,101000000.0,457000000.0,,,,,,101000000.0,,,-769000000.0,,7000000.0,367000000.0,55000000.0,229000000.0
2015-12-31,22760000000.0,,,,,22055000000.0,705000000.0,,697000000.0,339000000.0,355000000.0,2.98,2.88,119100744.0,123066370.0,1760000000.0,,,,87000000.0,,390000000.0,3605000000.0,,518000000.0,842000000.0,155000000.0,177000000.0,7339000000.0,,,143000000.0,3629000000.0,,,,170000000.0,5015000000.0,1358000000.0,-10000000.0,2157000000.0,7339000000.0,,71000000.0,-17000000.0,,,,96000000.0,,-27000000.0,51000000.0,658000000.0,,,,,,150000000.0,,,-813000000.0,,25000000.0,305000000.0,150000000.0,328000000.0
2016-03-31,6953000000.0,,,,,6933000000.0,20000000.0,,2000000.0,17000000.0,-17000000.0,-0.14,-0.14,125543076.0,125543076.0,3436000000.0,,,,,,1317000000.0,7551000000.0,,580000000.0,4442000000.0,1646000000.0,317000000.0,18652000000.0,,,197000000.0,7871000000.0,,,,1052000000.0,13199000000.0,1341000000.0,10000000.0,5297000000.0,18652000000.0,,51000000.0,-17000000.0,,,,35000000.0,,-64000000.0,192000000.0,195000000.0,,,,,,45000000.0,,0.0,-836000000.0,,,2317000000.0,1676000000.0,33000000.0
2016-06-30,17850000000.0,,,,,17453000000.0,397000000.0,,359000000.0,205000000.0,169000000.0,1.03,1.01,170558778.0,173778537.0,2710000000.0,,,,,,1212000000.0,7853000000.0,,626000000.0,4707000000.0,1609000000.0,334000000.0,19496000000.0,,,212000000.0,8814000000.0,,,,1346000000.0,13809000000.0,1510000000.0,43000000.0,5529000000.0,19496000000.0,,83000000.0,-13000000.0,,,,26000000.0,,-50000000.0,463000000.0,-225000000.0,,,,,,94000000.0,,0.0,-1319000000.0,,,2494000000.0,950000000.0,222000000.0
2016-09-30,28696000000.0,,,,,27957000000.0,739000000.0,,677000000.0,376000000.0,297000000.0,1.91,1.87,170774587.0,174312416.0,2982000000.0,,,,,,922000000.0,7755000000.0,,725000000.0,4730000000.0,1566000000.0,153000000.0,19634000000.0,,,573000000.0,9023000000.0,,,,995000000.0,13762000000.0,1655000000.0,46000000.0,5710000000.0,19634000000.0,,112000000.0,-17000000.0,,,,,,301000000.0,,255000000.0,,,,,,211000000.0,,0.0,-1632000000.0,,,2598000000.0,1222000000.0,394000000.0
2016-12-31,40607000000.0,,,,3676000000.0,39347000000.0,1260000000.0,,1157000000.0,599000000.0,562000000.0,3.52,3.43,159567607.0,163975407.0,3930000000.0,,,,369000000.0,,832000000.0,8365000000.0,,797000000.0,4712000000.0,1545000000.0,95000000.0,20197000000.0,,,313000000.0,8623000000.0,,,,869000000.0,14143000000.0,1920000000.0,-36000000.0,5895000000.0,20197000000.0,,148000000.0,92000000.0,,,,-167000000.0,,43000000.0,,1851000000.0,,,,,,306000000.0,,0.0,-2397000000.0,,,2717000000.0,2170000000.0,556000000.0
2017-03-31,11724000000.0,,,,1091000000.0,11484000000.0,240000000.0,,219000000.0,87000000.0,139000000.0,0.81,0.79,172073968.0,175836290.0,4839000000.0,,,,,,723000000.0,9408000000.0,,841000000.0,4712000000.0,1504000000.0,121000000.0,21362000000.0,,,633000000.0,9202000000.0,,,,1295000000.0,15140000000.0,2059000000.0,-21000000.0,6070000000.0,21362000000.0,,32000000.0,-51000000.0,,,,-89000000.0,,320000000.0,,1248000000.0,,,,,,83000000.0,,1000000.0,-329000000.0,,,-10000000.0,909000000.0,2000000.0
2017-06-30,23678000000.0,,,,2156000000.0,23000000000.0,678000000.0,,640000000.0,256000000.0,393000000.0,2.28,2.23,172357000.0,176420000.0,4425000000.0,,,,,,736000000.0,9648000000.0,,912000000.0,4712000000.0,1466000000.0,149000000.0,21840000000.0,,,554000000.0,8966000000.0,,,,1630000000.0,15312000000.0,2313000000.0,1000000.0,6378000000.0,21840000000.0,,62000000.0,-58000000.0,,,,-65000000.0,,241000000.0,,942000000.0,,,,,,181000000.0,,1000000.0,-486000000.0,,,39000000.0,495000000.0,205000000.0
2017-09-30,35576000000.0,,,,3186000000.0,34558000000.0,1018000000.0,,966000000.0,381000000.0,598000000.0,3.47,3.39,172508000.0,176915000.0,4281000000.0,,,,,,829000000.0,9660000000.0,,1003000000.0,4712000000.0,1428000000.0,132000000.0,22000000000.0,,,568000000.0,9709000000.0,,,,901000000.0,15327000000.0,2518000000.0,9000000.0,6640000000.0,22000000000.0,,99000000.0,-32000000.0,,,,39000000.0,,255000000.0,,1039000000.0,,,,,,301000000.0,,,-686000000.0,,,-3000000.0,351000000.0,358000000.0
2017-12-31,48382000000.0,,,,4446000000.0,47183000000.0,1199000000.0,,1134000000.0,326000000.0,828000000.0,4.8,4.69,172427000.0,176702000.0,4072000000.0,,,,285000000.0,,687000000.0,8703000000.0,,1104000000.0,4749000000.0,1398000000.0,454000000.0,21855000000.0,,,328000000.0,9332000000.0,,,,952000000.0,14979000000.0,2748000000.0,-3000000.0,6850000000.0,21855000000.0,,135000000.0,-108000000.0,,,,146000000.0,,19000000.0,,1489000000.0,,,,,,422000000.0,,-12000000.0,-1265000000.0,,,-82000000.0,142000000.0,496000000.0
2018-03-31,13194000000.0,,,,1316000000.0,12654000000.0,540000000.0,,513000000.0,175000000.0,340000000.0,1.95,1.91,173921000.0,177690000.0,5668000000.0,,,,,,1153000000.0,10976000000.0,,1250000000.0,5295000000.0,1519000000.0,455000000.0,25170000000.0,,,638000000.0,10890000000.0,,,,1520000000.0,17582000000.0,3104000000.0,-54000000.0,7503000000.0,25170000000.0,,33000000.0,30000000.0,,,,-51000000.0,,317000000.0,,1846000000.0,,,,,,218000000.0,,0.0,-764000000.0,,,513000000.0,,1000000.0
2018-06-30,25431000000.0,1201000000.0,,,2553000000.0,26346000000.0,1029000000.0,,987000000.0,350000000.0,640000000.0,3.46,3.39,195518000.0,199451000.0,6707000000.0,,,,,,1001000000.0,12377000000.0,,1327000000.0,5346000000.0,1501000000.0,503000000.0,28743000000.0,,,523000000.0,9862000000.0,,,,1898000000.0,18035000000.0,3403000000.0,-67000000.0,10610000000.0,28743000000.0,,67000000.0,4000000.0,,,,-2000000.0,,202000000.0,,1320000000.0,,,,,,362000000.0,,0.0,-1253000000.0,2780000000.0,,4378000000.0,,195000000.0
2018-09-30,40786000000.0,1823000000.0,,,4487000000.0,42487000000.0,1070000000.0,,1011000000.0,358000000.0,659000000.0,3.44,3.37,205295000.0,209522000.0,6847000000.0,,,,,,1000000000.0,13088000000.0,,1584000000.0,6803000000.0,2423000000.0,437000000.0,31157000000.0,,,286000000.0,12741000000.0,,,,1276000000.0,20396000000.0,3422000000.0,-79000000.0,10653000000.0,31157000000.0,,105000000.0,-103000000.0,,,,-65000000.0,,-150000000.0,,1868000000.0,,,,,,489000000.0,,,-3563000000.0,2779000000.0,,4460000000.0,2765000000.0,340000000.0
2018-12-31,56435000000.0,2386000000.0,,,6043000000.0,58658000000.0,1458000000.0,,1368000000.0,474000000.0,900000000.0,2.31,2.26,390248000.0,398506000.0,5342000000.0,,,,476000000.0,,784000000.0,11998000000.0,,1706000000.0,7015000000.0,2239000000.0,527000000.0,30901000000.0,,,385000000.0,11971000000.0,,,,1259000000.0,19878000000.0,3663000000.0,-56000000.0,10917000000.0,30901000000.0,,145000000.0,-129000000.0,,,,38000000.0,,-52000000.0,,1234000000.0,,,,,,675000000.0,,0.0,-4585000000.0,2779000000.0,,4612000000.0,1261000000.0,448000000.0
2019-03-31,16838000000.0,544000000.0,,,1609000000.0,17759000000.0,685000000.0,,685000000.0,166000000.0,522000000.0,1.26,1.24,412924000.0,419752000.0,6345000000.0,,,,,,755000000.0,13616000000.0,,1800000000.0,6981000000.0,2208000000.0,1196000000.0,33569000000.0,,,363000000.0,13143000000.0,,,,2007000000.0,21925000000.0,4185000000.0,38000000.0,11540000000.0,33569000000.0,,38000000.0,23000000.0,,,,-20000000.0,,-22000000.0,,1316000000.0,,,,,,176000000.0,,,-373000000.0,,,58000000.0,1001000000.0,6000000.0
2019-06-30,34137000000.0,1159000000.0,,,3183000000.0,35472000000.0,1328000000.0,,1347000000.0,336000000.0,1017000000.0,2.46,2.42,413370000.0,419707000.0,6875000000.0,,,,,,762000000.0,13596000000.0,,1878000000.0,7126000000.0,2163000000.0,1343000000.0,34368000000.0,,,253000000.0,12653000000.0,,,,2398000000.0,22098000000.0,4680000000.0,119000000.0,12154000000.0,34368000000.0,,72000000.0,-10000000.0,,,,47000000.0,,-138000000.0,,2233000000.0,,,,,,336000000.0,,,-929000000.0,0.0,,236000000.0,1542000000.0,381000000.0
2019-09-30,52352000000.0,1778000000.0,,,4800000000.0,54272000000.0,1504000000.0,,1522000000.0,415000000.0,1112000000.0,2.69,2.65,413616000.0,419956000.0,6215000000.0,,,,,,832000000.0,13457000000.0,,1993000000.0,6872000000.0,2086000000.0,1274000000.0,34252000000.0,,,381000000.0,13280000000.0,,,,1561000000.0,21816000000.0,4775000000.0,145000000.0,12311000000.0,34252000000.0,,106000000.0,-75000000.0,,,,14000000.0,,-10000000.0,,2134000000.0,,,,,,530000000.0,,,-1388000000.0,0.0,,128000000.0,878000000.0,511000000.0
2019-12-31,70364000000.0,2465000000.0,,,6533000000.0,72858000000.0,1781000000.0,,1782000000.0,473000000.0,1321000000.0,3.19,3.14,413487000.0,420409000.0,12123000000.0,,,,603000000.0,,1090000000.0,20323000000.0,,2121000000.0,6863000000.0,2063000000.0,1249000000.0,40994000000.0,,,383000000.0,12932000000.0,,,,1732000000.0,28302000000.0,4984000000.0,134000000.0,12551000000.0,40994000000.0,,177000000.0,55000000.0,,,,234000000.0,,-9000000.0,,1483000000.0,,,,,36000000.0,730000000.0,,0.0,-1532000000.0,0.0,,6832000000.0,,612000000.0
2020-03-31,24172000000.0,825000000.0,,,2384000000.0,25837000000.0,188000000.0,,131000000.0,85000000.0,46000000.0,0.08,0.08,544436000.0,552062000.0,9308000000.0,,,,,,2698000000.0,24696000000.0,,2439000000.0,17417000000.0,8898000000.0,1446000000.0,66431000000.0,,,526000000.0,21651000000.0,,,,3938000000.0,42739000000.0,5030000000.0,-5000000.0,23549000000.0,66431000000.0,,117000000.0,112000000.0,,,,-97000000.0,,-88000000.0,,-240000000.0,,,,,3048000000.0,177000000.0,,5000000.0,-3272000000.0,,,839000000.0,-2674000000.0,3000000.0
2020-06-30,49896000000.0,1658000000.0,,,4639000000.0,51531000000.0,2206000000.0,,2075000000.0,827000000.0,1252000000.0,2.23,2.2,579189000.0,587498000.0,12798000000.0,,,,,,2127000000.0,26822000000.0,,2544000000.0,17434000000.0,8702000000.0,1564000000.0,68347000000.0,,,448000000.0,21918000000.0,,,,4516000000.0,43142000000.0,6236000000.0,245000000.0,25056000000.0,68347000000.0,,164000000.0,17000000.0,,,,-202000000.0,,-127000000.0,,3474000000.0,,,,,3000000000.0,412000000.0,,5000000.0,-3032000000.0,,,379000000.0,824000000.0,75000000.0
2020-09-30,77355000000.0,2519000000.0,,,7146000000.0,79760000000.0,3067000000.0,,2847000000.0,1034000000.0,1820000000.0,3.21,3.16,579510000.0,587971000.0,12198000000.0,,,,,,1910000000.0,27275000000.0,,2669000000.0,17964000000.0,8130000000.0,1412000000.0,68364000000.0,,,582000000.0,21795000000.0,,,,3953000000.0,42485000000.0,6804000000.0,293000000.0,25725000000.0,68364000000.0,,218000000.0,-154000000.0,,,,-185000000.0,,-212000000.0,,2522000000.0,,,,,3000000000.0,663000000.0,,,-2700000000.0,,,383000000.0,213000000.0,920000000.0
2020-12-31,103800000000.0,3303000000.0,,,9867000000.0,108033000000.0,3082000000.0,,2773000000.0,979000000.0,1808000000.0,3.17,3.12,570722000.0,579135000.0,10800000000.0,,,,1124000000.0,,1317000000.0,23393000000.0,,2774000000.0,18652000000.0,8388000000.0,1599000000.0,68719000000.0,,,523000000.0,21585000000.0,,,,2956000000.0,42757000000.0,6792000000.0,337000000.0,25773000000.0,68719000000.0,,281000000.0,-51000000.0,,,,30000000.0,,-528000000.0,,5503000000.0,,,,,4049000000.0,869000000.0,,22000000.0,-6955000000.0,0.0,,260000000.0,-1174000000.0,1191000000.0
2021-03-31,28114000000.0,1048000000.0,,,2367000000.0,28929000000.0,1054000000.0,,941000000.0,244000000.0,699000000.0,1.2,1.19,581869000.0,589343000.0,9627000000.0,,,,,,1550000000.0,24440000000.0,,2822000000.0,18788000000.0,8235000000.0,1642000000.0,70285000000.0,,,574000000.0,22279000000.0,,,,3134000000.0,43749000000.0,7491000000.0,176000000.0,26342000000.0,70285000000.0,,51000000.0,156000000.0,,,,287000000.0,,48000000.0,,43000000.0,,,,,158000000.0,187000000.0,,0.0,-607000000.0,,,-73000000.0,-653000000.0,20000000.0
2021-06-30,56976000000.0,2155000000.0,,,4640000000.0,60372000000.0,636000000.0,,-542000000.0,237000000.0,-535000000.0,-0.92,-0.92,582804000.0,589799000.0,11018000000.0,,,,,,1678000000.0,25464000000.0,,2912000000.0,18805000000.0,8069000000.0,1705000000.0,71539000000.0,,,446000000.0,23642000000.0,,,,3795000000.0,45411000000.0,6956000000.0,239000000.0,25911000000.0,71539000000.0,,87000000.0,-76000000.0,,,,458000000.0,,-83000000.0,,1728000000.0,,,,,140000000.0,437000000.0,,0.0,-1420000000.0,,,-46000000.0,238000000.0,406000000.0
2021-09-30,87490000000.0,3510000000.0,,,7324000000.0,92233000000.0,1181000000.0,,1119000000.0,376000000.0,748000000.0,1.28,1.27,583244000.0,590702000.0,13423000000.0,,,,,,1600000000.0,28056000000.0,,3302000000.0,19699000000.0,8143000000.0,3868000000.0,77743000000.0,,,371000000.0,25042000000.0,,,,5993000000.0,51069000000.0,7540000000.0,176000000.0,26466000000.0,77743000000.0,,127000000.0,-143000000.0,,,,124000000.0,,-169000000.0,,3530000000.0,,,,,534000000.0,662000000.0,,,-2442000000.0,,,1597000000.0,2677000000.0,477000000.0
2021-12-31,117983000000.0,4894000000.0,,,10166000000.0,124198000000.0,1784000000.0,,1813000000.0,477000000.0,1347000000.0,2.31,2.28,582832000.0,590516000.0,13118000000.0,,,,1385000000.0,,1602000000.0,28497000000.0,,3391000000.0,19771000000.0,7824000000.0,3781000000.0,78375000000.0,,,434000000.0,25765000000.0,,,,5610000000.0,51353000000.0,8139000000.0,77000000.0,26795000000.0,78375000000.0,,203000000.0,-132000000.0,,,,99000000.0,,-109000000.0,,4205000000.0,,,,,534000000.0,910000000.0,,-19000000.0,-3299000000.0,,,1362000000.0,2257000000.0,678000000.0
2022-03-31,34232000000.0,1988000000.0,,,2745000000.0,35932000000.0,1253000000.0,,1148000000.0,296000000.0,849000000.0,1.46,1.44,583230000.0,590658000.0,11237000000.0,,,,,,2036000000.0,31110000000.0,,3583000000.0,20903000000.0,8138000000.0,3828000000.0,82901000000.0,,,526000000.0,29685000000.0,,,,5854000000.0,55471000000.0,8988000000.0,-485000000.0,27169000000.0,82901000000.0,,70000000.0,12000000.0,,,,299000000.0,,81000000.0,,1151000000.0,,,,,1504000000.0,242000000.0,,2000000.0,-2401000000.0,,,-498000000.0,-1715000000.0,11000000.0
2022-06-30,68200000000.0,4087000000.0,,,5545000000.0,71997000000.0,1124000000.0,,912000000.0,231000000.0,677000000.0,1.16,1.15,583644000.0,590226000.0,13435000000.0,,,,,,3024000000.0,32406000000.0,,2557000000.0,20310000000.0,7671000000.0,3220000000.0,81060000000.0,,,523000000.0,29086000000.0,,,,6209000000.0,54497000000.0,8816000000.0,-913000000.0,26289000000.0,81060000000.0,,129000000.0,-417000000.0,,,,245000000.0,,75000000.0,,4505000000.0,,,,,1512000000.0,524000000.0,,,-3145000000.0,,,-984000000.0,367000000.0,411000000.0
2022-09-30,101926000000.0,5658000000.0,,,8391000000.0,107386000000.0,1600000000.0,,1921000000.0,500000000.0,1415000000.0,2.44,2.41,580277000.0,587084000.0,14987000000.0,,,,,,2327000000.0,33275000000.0,,2479000000.0,20040000000.0,7523000000.0,2597000000.0,81172000000.0,,,2416000000.0,31330000000.0,,,,5678000000.0,55572000000.0,9554000000.0,-1394000000.0,25378000000.0,81172000000.0,,180000000.0,-682000000.0,,,,-152000000.0,,1964000000.0,,7837000000.0,,,,,1457000000.0,771000000.0,,,-3142000000.0,,,-2465000000.0,2193000000.0,448000000.0
2022-12-31,135479000000.0,7032000000.0,,,11589000000.0,143229000000.0,1318000000.0,,1962000000.0,760000000.0,1202000000.0,2.09,2.07,575191000.0,582040000.0,12074000000.0,,,,1668000000.0,,2461000000.0,30128000000.0,,2432000000.0,18812000000.0,6911000000.0,2686000000.0,76870000000.0,,,478000000.0,28464000000.0,,,,5616000000.0,52633000000.0,9341000000.0,-1132000000.0,24057000000.0,76870000000.0,,234000000.0,-631000000.0,,,,-128000000.0,,31000000.0,,6261000000.0,,,,,1460000000.0,1004000000.0,,0.0,-2921000000.0,70000000.0,,-4197000000.0,-868000000.0,1222000000.0
2023-03-31,34952000000.0,870000000.0,4648000000.0,,3011000000.0,37671000000.0,1218000000.0,,1391000000.0,261000000.0,1130000000.0,2.05,2.04,550779000.0,553845000.0,15853000000.0,,,,,,1811000000.0,35009000000.0,,2478000000.0,18836000000.0,6730000000.0,2783000000.0,82982000000.0,,,2398000000.0,32857000000.0,,,,6194000000.0,57796000000.0,10471000000.0,-915000000.0,25042000000.0,82982000000.0,,61000000.0,-159000000.0,,,,315000000.0,,1919000000.0,,4269000000.0,,,,,0.0,225000000.0,,0.0,-253000000.0,0.0,,-183000000.0,3835000000.0,11000000.0
2023-06-30,69790000000.0,1747000000.0,9262000000.0,,6027000000.0,74108000000.0,2389000000.0,,2806000000.0,621000000.0,2188000000.0,3.98,3.96,549850000.0,551996000.0,17170000000.0,,,,,,1883000000.0,34866000000.0,,2416000000.0,18716000000.0,6520000000.0,2872000000.0,82853000000.0,,,2373000000.0,31306000000.0,,,,7369000000.0,57066000000.0,11529000000.0,-998000000.0,25671000000.0,82853000000.0,,117000000.0,-160000000.0,,,,325000000.0,,1895000000.0,,6815000000.0,,,,,0.0,440000000.0,,,-677000000.0,21000000.0,,-933000000.0,5198000000.0,592000000.0
2023-09-30,104757000000.0,2603000000.0,13894000000.0,,9075000000.0,111415000000.0,3124000000.0,,3574000000.0,914000000.0,2657000000.0,4.86,4.85,546374000.0,548412000.0,18190000000.0,,,,,,5471000000.0,41405000000.0,,2004000000.0,17558000000.0,6277000000.0,560000000.0,84381000000.0,,,2356000000.0,36851000000.0,,,,3649000000.0,58965000000.0,11998000000.0,-1122000000.0,25295000000.0,84381000000.0,,167000000.0,14000000.0,,,,103000000.0,,1878000000.0,,7836000000.0,,,,,0.0,576000000.0,,,-242000000.0,32000000.0,,-1457000000.0,6156000000.0,759000000.0
2023-12-31,140095000000.0,3564000000.0,17637000000.0,,12563000000.0,151069000000.0,2930000000.0,,3598000000.0,899000000.0,2702000000.0,4.97,4.95,543319000.0,545704000.0,17193000000.0,,,,1257000000.0,,5572000000.0,40756000000.0,,2019000000.0,17558000000.0,6101000000.0,535000000.0,84641000000.0,,,715000000.0,36716000000.0,,,,3618000000.0,58685000000.0,12043000000.0,-652000000.0,25840000000.0,84641000000.0,,216000000.0,-78000000.0,,,,-5000000.0,,238000000.0,,8053000000.0,,,,,0.0,799000000.0,,0.0,-1191000000.0,44000000.0,,-1658000000.0,5172000000.0,883000000.0
2024-03-31,36337000000.0,669000000.0,4736000000.0,,3218000000.0,39301000000.0,1106000000.0,,1473000000.0,315000000.0,1163000000.0,2.17,2.16,535109000.0,538060000.0,17585000000.0,,,,,,1957000000.0,38448000000.0,,1988000000.0,17558000000.0,5928000000.0,823000000.0,82624000000.0,,,681000000.0,32784000000.0,,,,4155000000.0,55560000000.0,13206000000.0,-630000000.0,26958000000.0,82624000000.0,,70000000.0,104000000.0,,,,474000000.0,,-34000000.0,,-456000000.0,,,,,,151000000.0,,,852000000.0,14000000.0,,23000000.0,425000000.0,13000000.0
2024-06-30,72310000000.0,1349000000.0,9264000000.0,,6112000000.0,77908000000.0,2335000000.0,,2989000000.0,685000000.0,2309000000.0,4.34,4.32,532385000.0,534517000.0,17605000000.0,,,,,,1605000000.0,38406000000.0,,2041000000.0,17558000000.0,5755000000.0,1092000000.0,83137000000.0,,,597000000.0,32729000000.0,,,,4770000000.0,55680000000.0,14352000000.0,-646000000.0,27351000000.0,83137000000.0,,132000000.0,40000000.0,,,,404000000.0,,-118000000.0,,1719000000.0,,,,,,337000000.0,,,-315000000.0,25000000.0,,-1148000000.0,263000000.0,610000000.0
2024-09-30,109209000000.0,2041000000.0,13270000000.0,,9169000000.0,119266000000.0,3000000000.0,,3910000000.0,896000000.0,3022000000.0,5.71,5.69,528912000.0,530915000.0,14577000000.0,,,,,,1559000000.0,37409000000.0,,2042000000.0,17558000000.0,5582000000.0,617000000.0,82351000000.0,,,658000000.0,34061000000.0,,,,2618000000.0,54942000000.0,15065000000.0,-226000000.0,27307000000.0,82351000000.0,,181000000.0,14000000.0,,,,-78000000.0,,-58000000.0,,741000000.0,,,,,,490000000.0,,,-1154000000.0,37000000.0,,-2393000000.0,-2799000000.0,821000000.0
,,,,,,,,,,,,,,,,,,,,,,,,,,,,,,,,,,,,,,,,,,,,,,,,,,,,,,,,,,,,,,,,,,,
,,,,,,,,,,,,,,,,,,,,,,,,,,,,,,,,,,,,,,,,,,,,,,,,,,,,,,,,,,,,,,,,,,,
