Date,Net sales,Cost of sales,Gross margin,Research and development,"Selling, general and administrative",Total operating expenses,Operating income,"Other income/(expense), net",Income before provision for income taxes,Provision for income taxes,Net income,Earnings per share basic,Earnings per share diluted,Weighted-average basic,Weighted-average diluted,Cash and cash equivalents,Short-term marketable securities,"Accounts receivable, net",Inventories,Deferred tax assets,Vendor non-trade receivables,Other current assets,Total current assets,Long-term marketable securities,"Property, Plant and Equipment, Net",Goodwill,"Acquired intangible assets, net","Other Assets, Noncurrent",Total assets,accounts payable,Accrued expenses,Deferred revenue,Total current liabilities,Deferred revenue - non-current,deferred tax liabilities,long term taxes payable,Total other non-current liabilities,Total liabilities,Retained Earnings (Accumulated Deficit),Accumulated other comprehensive (loss)/income,Total shareholders equity,Total liabilities and shareholders' equity,"Depreciation, amortization and accretion",Stock-based compensation expense,Deferred income tax expense,"Increase (Decrease) in Accounts receivable, net",Increase (Decrease) in Inventories,Increase (Decrease) in Other Receivables,Increase (Decrease) in Other Operating Assets,Increase (Decrease) in Accounts Payable,Increase (Decrease) in Deferred Revenue,Increase (Decrease) Other liabilities,Cash generated by operating activities,Purchases of marketable securities,Proceeds from maturities of marketable securities,Proceeds from sales of marketable securities,Purchases of other long-term investments,"Business acquisitions, net of cash acquired",Cash payments for capital asset purchases,Payments for acquisition of intangible assets,Payments for (Proceeds from) Other Investing Activities,Cash used in investing activities,Proceeds from issuance of common stock,Excess tax benefits from stock-based compensation,Cash generated/used in financing activities,Increase/(decrease) in cash and cash equivalents,"Cash paid for income taxes, net"
2009-12-31,8281000000.0,,,,,7157000000.0,1124000000.0,-576000000.0,548000000.0,176000000.0,372000000.0,1.02,1.01,,,740000000.0,300000000.0,790000000.0,327000000.0,,,223000000.0,2904000000.0,,10788000000.0,1696000000.0,,230000000.0,19773000000.0,,445000000.0,,3038000000.0,,2776000000.0,,361000000.0,,,,2639000000.0,19773000000.0,,,269000000.0,,236000000.0,,,-237000000.0,,,1841000000.0,,,,,,1160000000.0,,-30000000.0,-896000000.0,504000000.0,,-372000000.0,573000000.0,-9000000.0
2010-03-31,3023000000.0,,,,,2666000000.0,357000000.0,-141000000.0,216000000.0,102000000.0,114000000.0,0.29,0.29,393000000.0,395000000.0,329000000.0,338000000.0,933000000.0,,,,262000000.0,2384000000.0,,10928000000.0,1696000000.0,,228000000.0,19351000000.0,,497000000.0,,3202000000.0,,2799000000.0,,375000000.0,,-875000000.0,-121000000.0,2709000000.0,19351000000.0,,,-34000000.0,,161000000.0,,,-125000000.0,,,435000000.0,,,,,,258000000.0,,26000000.0,-303000000.0,29000000.0,,-543000000.0,-411000000.0,-8000000.0
2010-06-30,4779000000.0,,,,,4159000000.0,620000000.0,-278000000.0,342000000.0,147000000.0,195000000.0,0.49,0.49,400.0,402.0,583000000.0,316000000.0,716000000.0,,,,219000000.0,2352000000.0,,11217000000.0,1696000000.0,,220000000.0,19521000000.0,,450000000.0,,3032000000.0,,2773000000.0,,374000000.0,,-871000000.0,-119000000.0,3061000000.0,19521000000.0,,,-37000000.0,,24000000.0,,,-215000000.0,,,818000000.0,,,,,,727000000.0,,4000000.0,-719000000.0,370000000.0,,-256000000.0,-157000000.0,144000000.0
2010-09-30,6687000000.0,,,,,5740000000.0,947000000.0,-406000000.0,541000000.0,223000000.0,318000000.0,0.79,0.78,422.0,425.0,99000000.0,335000000.0,691000000.0,,,,277000000.0,2143000000.0,,11420000000.0,1696000000.0,,194000000.0,19399000000.0,,464000000.0,,2881000000.0,,2839000000.0,,405000000.0,,-830000000.0,-116000000.0,3129000000.0,19399000000.0,,,112000000.0,,-83000000.0,,,-283000000.0,,,983000000.0,,,,,,1053000000.0,,-3000000.0,-1014000000.0,392000000.0,,-610000000.0,-641000000.0,210000000.0
2011-03-31,2587000000.0,,,,,2223000000.0,364000000.0,-129000000.0,235000000.0,87000000.0,148000000.0,0.35,0.35,425018000.0,427415000.0,95000000.0,399000000.0,852000000.0,,,,199000000.0,2014000000.0,,11857000000.0,1696000000.0,,157000000.0,19594000000.0,449000000.0,350000000.0,,2201000000.0,,,,473000000.0,,-725000000.0,-115000000.0,3266000000.0,19594000000.0,,,80000000.0,,-181000000.0,,,-168000000.0,,,627000000.0,,,,,,333000000.0,,4000000.0,-308000000.0,2000000.0,,-423000000.0,-104000000.0,-160000000.0
2011-06-30,4424000000.0,,,,,3757000000.0,667000000.0,-242000000.0,425000000.0,158000000.0,267000000.0,0.63,0.62,425638000.0,428284000.0,190000000.0,417000000.0,750000000.0,,,,181000000.0,2042000000.0,,11981000000.0,1696000000.0,,158000000.0,19677000000.0,394000000.0,322000000.0,,2361000000.0,,,,407000000.0,,-690000000.0,-112000000.0,3313000000.0,19677000000.0,,,209000000.0,,-66000000.0,,,-220000000.0,,,1137000000.0,,,,,,633000000.0,,8000000.0,-572000000.0,4000000.0,,-574000000.0,-9000000.0,-206000000.0
2011-12-31,8450000000.0,,,,,7152000000.0,1298000000.0,-124000000.0,1174000000.0,404000000.0,1357000000.0,3.19,3.17,425636000.0,428724000.0,220000000.0,386000000.0,773000000.0,353000000.0,-4339000000.0,,192000000.0,2337000000.0,,12402000000.0,1696000000.0,,157000000.0,21703000000.0,560000000.0,366000000.0,,2593000000.0,,4473000000.0,,305000000.0,,,,4222000000.0,21703000000.0,,,443000000.0,,-11000000.0,,9000000.0,-81000000.0,,-33000000.0,1888000000.0,,,,,,1303000000.0,,-2000000.0,-1206000000.0,6000000.0,,-661000000.0,21000000.0,-205000000.0
2012-03-31,2084000000.0,,,,,1746000000.0,338000000.0,-119000000.0,219000000.0,72000000.0,147000000.0,0.34,0.34,426499000.0,428492000.0,1096000000.0,432000000.0,713000000.0,,,,,2968000000.0,,12512000000.0,1696000000.0,,159000000.0,22351000000.0,366000000.0,281000000.0,,2735000000.0,,3944000000.0,,239000000.0,,291000000.0,-131000000.0,4286000000.0,22351000000.0,,,64000000.0,,-94000000.0,,,-172000000.0,,,424000000.0,,,,,,264000000.0,,9000000.0,-292000000.0,2000000.0,,744000000.0,876000000.0,-8000000.0
2012-06-30,3609000000.0,,,,,2969000000.0,640000000.0,-221000000.0,419000000.0,146000000.0,273000000.0,0.64,0.64,427349000.0,429629000.0,1123000000.0,445000000.0,643000000.0,,,,,2955000000.0,,12739000000.0,1696000000.0,,193000000.0,22475000000.0,331000000.0,327000000.0,,3206000000.0,,3974000000.0,,263000000.0,,331000000.0,-128000000.0,4332000000.0,22475000000.0,,,128000000.0,,-80000000.0,,,-217000000.0,,,927000000.0,,,,,,524000000.0,,27000000.0,-657000000.0,2000000.0,,633000000.0,903000000.0,39000000.0
2012-09-30,5314000000.0,,,,,4586000000.0,728000000.0,-181000000.0,547000000.0,264000000.0,283000000.0,0.66,0.66,427406000.0,429983000.0,722000000.0,522000000.0,698000000.0,,,,,2752000000.0,,13337000000.0,1468000000.0,,183000000.0,22477000000.0,371000000.0,347000000.0,,3364000000.0,,4070000000.0,,276000000.0,,255000000.0,-125000000.0,4257000000.0,22477000000.0,,,237000000.0,,3000000.0,,,-186000000.0,,,1379000000.0,,,,,,818000000.0,,25000000.0,-1209000000.0,3000000.0,,332000000.0,502000000.0,46000000.0
2012-12-31,7452000000.0,,,,,6414000000.0,1038000000.0,-281000000.0,757000000.0,340000000.0,417000000.0,0.98,0.97,427189000.0,429794000.0,646000000.0,540000000.0,768000000.0,322000000.0,-4757000000.0,,216000000.0,2874000000.0,,13597000000.0,1468000000.0,,197000000.0,22871000000.0,561000000.0,380000000.0,,3575000000.0,,4153000000.0,,247000000.0,,,,4301000000.0,22871000000.0,1050000000.0,,328000000.0,,-27000000.0,,18000000.0,-6000000.0,,16000000.0,1860000000.0,,,,,,1212000000.0,,13000000.0,-1603000000.0,4000000.0,,169000000.0,426000000.0,46000000.0
2013-03-31,2388000000.0,,,,,2056000000.0,332000000.0,-99000000.0,233000000.0,86000000.0,147000000.0,0.34,0.34,427961000.0,429672000.0,245000000.0,614000000.0,860000000.0,,,,,2363000000.0,,13708000000.0,1468000000.0,,197000000.0,22370000000.0,510000000.0,347000000.0,,3126000000.0,,4211000000.0,,258000000.0,,360000000.0,-132000000.0,4371000000.0,22370000000.0,240000000.0,,57000000.0,,-119000000.0,,,-33000000.0,,,533000000.0,,,,,,271000000.0,,4000000.0,-274000000.0,1000000.0,,-660000000.0,-401000000.0,-3000000.0
2013-06-30,4282000000.0,,,,,3727000000.0,555000000.0,-178000000.0,377000000.0,330000000.0,-100000000.0,-0.23,-0.23,428571000.0,430554000.0,497000000.0,635000000.0,694000000.0,,,,,2480000000.0,,9184000000.0,840000000.0,,187000000.0,21658000000.0,404000000.0,358000000.0,,2675000000.0,,4408000000.0,,232000000.0,,171000000.0,-130000000.0,4191000000.0,21658000000.0,493000000.0,,257000000.0,,12000000.0,,,-108000000.0,,,790000000.0,,,,,,586000000.0,,12000000.0,-625000000.0,1000000.0,,-314000000.0,-149000000.0,67000000.0
2013-09-30,5922000000.0,,,,,5123000000.0,799000000.0,-193000000.0,606000000.0,408000000.0,198000000.0,0.46,0.46,428628000.0,430867000.0,219000000.0,689000000.0,617000000.0,,,,,2319000000.0,,9386000000.0,840000000.0,,140000000.0,21575000000.0,364000000.0,343000000.0,,2595000000.0,,4504000000.0,,251000000.0,,233000000.0,-127000000.0,4261000000.0,21575000000.0,741000000.0,,356000000.0,,111000000.0,,,-151000000.0,,,1132000000.0,,,,,,912000000.0,,-2000000.0,-926000000.0,2000000.0,,-633000000.0,-427000000.0,77000000.0
2013-12-31,8106000000.0,,,,,7096000000.0,1010000000.0,-229000000.0,781000000.0,470000000.0,311000000.0,0.73,0.72,428466000.0,430930000.0,208000000.0,767000000.0,851000000.0,285000000.0,413000000.0,,,2658000000.0,,9593000000.0,840000000.0,,162000000.0,21870000000.0,689000000.0,402000000.0,,3019000000.0,,4542000000.0,,205000000.0,,,,4329000000.0,21870000000.0,954000000.0,,356000000.0,,22000000.0,,24000000.0,152000000.0,,20000000.0,1613000000.0,,,,,,1286000000.0,,2000000.0,-1300000000.0,4000000.0,,-751000000.0,-438000000.0,35000000.0
2014-03-31,3163000000.0,,,,,2868000000.0,295000000.0,-1000000.0,294000000.0,109000000.0,185000000.0,0.43,0.43,429163000.0,430559000.0,379000000.0,737000000.0,1142000000.0,,,,,2955000000.0,,9763000000.0,840000000.0,,159000000.0,22264000000.0,802000000.0,365000000.0,,3059000000.0,,4528000000.0,,203000000.0,,341000000.0,-89000000.0,4414000000.0,22264000000.0,235000000.0,,4000000.0,,-113000000.0,,,128000000.0,,,380000000.0,,,,,,301000000.0,,13000000.0,-316000000.0,1000000.0,,107000000.0,171000000.0,-1000000.0
2014-06-30,5047000000.0,,,,,4566000000.0,481000000.0,-18000000.0,463000000.0,171000000.0,292000000.0,0.68,0.68,429773000.0,431409000.0,206000000.0,809000000.0,834000000.0,,,,,2529000000.0,,9979000000.0,840000000.0,,161000000.0,21920000000.0,519000000.0,355000000.0,,3026000000.0,,4508000000.0,,206000000.0,,346000000.0,-87000000.0,4425000000.0,21920000000.0,491000000.0,,13000000.0,,10000000.0,,,-174000000.0,,,712000000.0,,,,,,625000000.0,,23000000.0,-659000000.0,,,-55000000.0,-2000000.0,140000000.0
2014-09-30,6854000000.0,,,,,6140000000.0,714000000.0,-38000000.0,676000000.0,241000000.0,435000000.0,1.01,1.01,429796000.0,431573000.0,230000000.0,840000000.0,712000000.0,,,,,2576000000.0,,10205000000.0,840000000.0,,150000000.0,22048000000.0,441000000.0,373000000.0,,3008000000.0,,4606000000.0,,207000000.0,,387000000.0,-85000000.0,4473000000.0,22048000000.0,784000000.0,,94000000.0,,126000000.0,,,-237000000.0,,,1124000000.0,,,,,,998000000.0,,19000000.0,-1026000000.0,,,-76000000.0,22000000.0,157000000.0
2014-12-31,9226000000.0,,,,,8291000000.0,935000000.0,-50000000.0,885000000.0,274000000.0,611000000.0,1.42,1.42,429634000.0,431668000.0,298000000.0,930000000.0,837000000.0,,506000000.0,,,3268000000.0,,10502000000.0,840000000.0,,147000000.0,23200000000.0,716000000.0,383000000.0,,3475000000.0,,4757000000.0,,251000000.0,,,,4548000000.0,23200000000.0,1013000000.0,,280000000.0,,102000000.0,,,-3000000.0,,,1397000000.0,,,,,0.0,1372000000.0,,4000000.0,-1384000000.0,1000000.0,,77000000.0,90000000.0,192000000.0
2015-03-31,2433000000.0,,,,,2177000000.0,256000000.0,-47000000.0,209000000.0,78000000.0,131000000.0,0.3,0.3,429955000.0,431183000.0,234000000.0,913000000.0,897000000.0,,,,,2691000000.0,,10670000000.0,840000000.0,,144000000.0,22670000000.0,476000000.0,394000000.0,,3187000000.0,,4716000000.0,,253000000.0,,486000000.0,-84000000.0,4574000000.0,22670000000.0,217000000.0,,7000000.0,,-179000000.0,,,-208000000.0,,,666000000.0,,,,,,341000000.0,,1000000.0,-337000000.0,0.0,,-393000000.0,-64000000.0,-166000000.0
2015-06-30,3965000000.0,,,,,3523000000.0,442000000.0,-119000000.0,323000000.0,115000000.0,208000000.0,0.48,0.48,430235000.0,431733000.0,245000000.0,960000000.0,640000000.0,,,,,2509000000.0,,10911000000.0,840000000.0,,151000000.0,22602000000.0,367000000.0,385000000.0,,3125000000.0,,4863000000.0,,250000000.0,,456000000.0,-82000000.0,4550000000.0,22602000000.0,456000000.0,,4000000.0,,-103000000.0,,,-327000000.0,,,1122000000.0,,,,,,712000000.0,,4000000.0,-671000000.0,,,-504000000.0,-53000000.0,-38000000.0
2015-09-30,5595000000.0,,,,,4888000000.0,707000000.0,-1019000000.0,-635000000.0,-244000000.0,-391000000.0,-0.91,-0.91,430262000.0,430262000.0,227000000.0,826000000.0,568000000.0,,,,,2400000000.0,,11185000000.0,840000000.0,,148000000.0,21778000000.0,367000000.0,384000000.0,,3191000000.0,,4445000000.0,,259000000.0,,-41000000.0,-81000000.0,4058000000.0,21778000000.0,724000000.0,,-264000000.0,,-33000000.0,,,-332000000.0,,,1518000000.0,,,,,,1131000000.0,,8000000.0,-1024000000.0,,,-565000000.0,-71000000.0,12000000.0
2015-12-31,7386000000.0,,,,,6453000000.0,933000000.0,-2063000000.0,-1130000000.0,-438000000.0,-692000000.0,-1.61,-1.61,430180000.0,430180000.0,264000000.0,805000000.0,593000000.0,,565000000.0,,,2689000000.0,,11537000000.0,840000000.0,,146000000.0,21334000000.0,483000000.0,343000000.0,,2467000000.0,,5047000000.0,,273000000.0,,,,3461000000.0,21334000000.0,970000000.0,,-413000000.0,,-28000000.0,,,-224000000.0,,,1865000000.0,,,,,,1584000000.0,,-5000000.0,-1387000000.0,0.0,,-512000000.0,-34000000.0,-45000000.0
2016-03-31,1984000000.0,,,,,1734000000.0,250000000.0,-10000000.0,240000000.0,86000000.0,154000000.0,0.36,0.36,430407000.0,432594000.0,218000000.0,894000000.0,577000000.0,,,,,2335000000.0,,11718000000.0,840000000.0,,109000000.0,21004000000.0,378000000.0,317000000.0,,2534000000.0,,5116000000.0,,276000000.0,,-613000000.0,-65000000.0,3506000000.0,21004000000.0,260000000.0,,65000000.0,,-112000000.0,,,-82000000.0,,,634000000.0,,,,,,332000000.0,,7000000.0,-269000000.0,,,-411000000.0,-46000000.0,-158000000.0
2016-06-30,3558000000.0,,,,,3126000000.0,432000000.0,-184000000.0,248000000.0,96000000.0,152000000.0,0.35,0.35,430653000.0,432973000.0,271000000.0,737000000.0,605000000.0,,,,,2272000000.0,,11898000000.0,861000000.0,,147000000.0,21012000000.0,407000000.0,334000000.0,,2241000000.0,,5121000000.0,,279000000.0,,-726000000.0,-67000000.0,3397000000.0,21012000000.0,549000000.0,,69000000.0,,-63000000.0,,,-109000000.0,,,1058000000.0,,,,,,682000000.0,,12000000.0,-467000000.0,,,-584000000.0,7000000.0,-126000000.0
2016-09-30,5447000000.0,,,,,4731000000.0,716000000.0,-192000000.0,524000000.0,193000000.0,331000000.0,0.77,0.76,430682000.0,433396000.0,270000000.0,814000000.0,682000000.0,,,,,2529000000.0,,12083000000.0,862000000.0,,134000000.0,21286000000.0,422000000.0,353000000.0,,2398000000.0,,5206000000.0,,282000000.0,,-658000000.0,-64000000.0,3472000000.0,21286000000.0,873000000.0,,150000000.0,,5000000.0,,,-90000000.0,,,1452000000.0,,,,,,1047000000.0,,-11000000.0,-739000000.0,,,-707000000.0,6000000.0,-105000000.0
2016-12-31,7528000000.0,,,,,6569000000.0,959000000.0,-273000000.0,686000000.0,254000000.0,432000000.0,1.0,1.0,430606000.0,433603000.0,341000000.0,953000000.0,740000000.0,,488000000.0,,,2923000000.0,,12307000000.0,862000000.0,,173000000.0,21829000000.0,657000000.0,325000000.0,,3080000000.0,,5263000000.0,,278000000.0,,-668000000.0,-71000000.0,3460000000.0,21829000000.0,1126000000.0,,213000000.0,,-34000000.0,,,133000000.0,,,1928000000.0,,,,,,1414000000.0,,0.0,-1046000000.0,,,-805000000.0,77000000.0,-104000000.0
2017-03-31,2735000000.0,,,,,2461000000.0,274000000.0,25000000.0,299000000.0,107000000.0,192000000.0,0.45,0.44,430794000.0,433348000.0,254000000.0,997000000.0,840000000.0,,,,,2896000000.0,,12452000000.0,867000000.0,,204000000.0,21931000000.0,634000000.0,267000000.0,,2642000000.0,,5351000000.0,,287000000.0,,-591000000.0,-71000000.0,3537000000.0,21931000000.0,226000000.0,,85000000.0,,-74000000.0,,,-122000000.0,,,319000000.0,,,,,132000000.0,312000000.0,,4000000.0,-370000000.0,,,-36000000.0,-87000000.0,
2017-06-30,4878000000.0,,,,,4381000000.0,497000000.0,13000000.0,510000000.0,183000000.0,327000000.0,0.76,0.75,430996000.0,433797000.0,248000000.0,1020000000.0,762000000.0,,,,,2865000000.0,,12644000000.0,867000000.0,,207000000.0,22045000000.0,631000000.0,269000000.0,,3038000000.0,,5364000000.0,,292000000.0,,-571000000.0,-70000000.0,3563000000.0,22045000000.0,480000000.0,,95000000.0,,20000000.0,,,-158000000.0,,,680000000.0,,,,,132000000.0,649000000.0,,11000000.0,-635000000.0,,,-138000000.0,-93000000.0,11000000.0
2017-09-30,6976000000.0,,,,,6200000000.0,776000000.0,-12000000.0,777000000.0,281000000.0,496000000.0,1.15,1.14,431026000.0,434086000.0,201000000.0,1057000000.0,783000000.0,,,,,2935000000.0,,12700000000.0,867000000.0,,194000000.0,22135000000.0,657000000.0,339000000.0,,3221000000.0,,5458000000.0,,284000000.0,,-518000000.0,-72000000.0,3618000000.0,22135000000.0,749000000.0,,185000000.0,,52000000.0,,,-137000000.0,,,1031000000.0,,,,,132000000.0,994000000.0,,-3000000.0,-892000000.0,,,-279000000.0,-140000000.0,14000000.0
2017-12-31,9614000000.0,,,,,8542000000.0,1072000000.0,-9000000.0,1063000000.0,-729000000.0,1792000000.0,4.16,4.13,430964000.0,434308000.0,260000000.0,960000000.0,1000000000.0,,676000000.0,,,3395000000.0,,13057000000.0,867000000.0,,191000000.0,22736000000.0,963000000.0,368000000.0,,3069000000.0,,3174000000.0,,357000000.0,,543000000.0,-68000000.0,4688000000.0,22736000000.0,1036000000.0,,-770000000.0,,7000000.0,,,136000000.0,,,1421000000.0,,,,,132000000.0,1426000000.0,,1000000.0,-1257000000.0,,,-245000000.0,-81000000.0,15000000.0
2018-03-31,2126000000.0,,,,,2904000000.0,251000000.0,-39000000.0,212000000.0,47000000.0,165000000.0,0.38,0.38,431231000.0,434008000.0,219000000.0,944000000.0,1081000000.0,,,,,3049000000.0,,13205000000.0,867000000.0,,194000000.0,22410000000.0,712000000.0,343000000.0,,2616000000.0,,3160000000.0,,361000000.0,,708000000.0,-63000000.0,4857000000.0,22410000000.0,314000000.0,,-17000000.0,,-139000000.0,,,-209000000.0,,,484000000.0,,,,,0.0,362000000.0,,-1000000.0,-331000000.0,,,-192000000.0,,-4000000.0
2018-06-30,3575000000.0,,,,,4903000000.0,438000000.0,-314000000.0,124000000.0,34000000.0,90000000.0,0.21,0.21,431523000.0,434407000.0,328000000.0,584000000.0,958000000.0,,,,,2701000000.0,,13397000000.0,867000000.0,,216000000.0,22108000000.0,706000000.0,344000000.0,,2842000000.0,,3168000000.0,,412000000.0,,513000000.0,-62000000.0,4670000000.0,22108000000.0,656000000.0,,-12000000.0,,-52000000.0,,,-246000000.0,,,1093000000.0,,,,,0.0,697000000.0,,-2000000.0,-267000000.0,,,-756000000.0,,88000000.0
2018-09-30,4960000000.0,2927000000.0,,,,6889000000.0,664000000.0,-331000000.0,333000000.0,85000000.0,248000000.0,0.56,0.56,431554000.0,434891000.0,293000000.0,627000000.0,918000000.0,,,,,2726000000.0,,13653000000.0,867000000.0,,190000000.0,22228000000.0,708000000.0,392000000.0,,2581000000.0,,3220000000.0,,433000000.0,,551000000.0,-58000000.0,5508000000.0,22228000000.0,982000000.0,,33000000.0,,10000000.0,,,-262000000.0,,,1679000000.0,,,,,0.0,1121000000.0,,-19000000.0,-674000000.0,,,-970000000.0,,89000000.0
2018-12-31,6745000000.0,4364000000.0,,,,9758000000.0,831000000.0,-317000000.0,514000000.0,146000000.0,368000000.0,0.74,0.74,448829000.0,452465000.0,4231000000.0,540000000.0,1190000000.0,,673000000.0,,,7025000000.0,,14044000000.0,867000000.0,,223000000.0,27009000000.0,1240000000.0,341000000.0,,3302000000.0,,3239000000.0,,402000000.0,,349000000.0,-108000000.0,8058000000.0,27009000000.0,1243000000.0,,48000000.0,,-1000000.0,,,220000000.0,,,2136000000.0,,,,,0.0,1651000000.0,,-16000000.0,-1207000000.0,1844000000.0,,3053000000.0,,89000000.0
2019-03-31,2539000000.0,1251000000.0,,,,3286000000.0,245000000.0,-54000000.0,191000000.0,22000000.0,169000000.0,0.28,0.28,501521000.0,503944000.0,255000000.0,623000000.0,1415000000.0,,,,,3419000000.0,,19512000000.0,5129000000.0,460000000.0,286000000.0,33902000000.0,1181000000.0,338000000.0,,3139000000.0,,3824000000.0,,609000000.0,,518000000.0,-107000000.0,8216000000.0,33902000000.0,313000000.0,,-14000000.0,,-120000000.0,,,-332000000.0,,,271000000.0,,,,,5987000000.0,537000000.0,,15000000.0,-6539000000.0,,,2345000000.0,,-4000000.0
2019-06-30,4595000000.0,2161000000.0,,,,5797000000.0,532000000.0,-117000000.0,415000000.0,51000000.0,364000000.0,0.61,0.61,502200000.0,505000000.0,271000000.0,687000000.0,1173000000.0,,,,,3326000000.0,,19932000000.0,5179000000.0,370000000.0,273000000.0,34189000000.0,936000000.0,343000000.0,,2996000000.0,,3805000000.0,,653000000.0,,552000000.0,-105000000.0,8257000000.0,34189000000.0,653000000.0,,-21000000.0,,-10000000.0,,,-594000000.0,7000000.0,,574000000.0,,,,,5987000000.0,1169000000.0,,-11000000.0,-7149000000.0,,,2629000000.0,,142000000.0
2019-09-30,6688000000.0,3013000000.0,,,,8147000000.0,924000000.0,-177000000.0,747000000.0,113000000.0,634000000.0,1.09,1.08,502228000.0,505080000.0,259000000.0,746000000.0,1091000000.0,,,,,3416000000.0,,20328000000.0,5179000000.0,356000000.0,273000000.0,34642000000.0,888000000.0,375000000.0,,3434000000.0,,3851000000.0,,672000000.0,,636000000.0,-107000000.0,8346000000.0,34642000000.0,987000000.0,,8000000.0,,85000000.0,,,-646000000.0,-5000000.0,,1086000000.0,,,,,5991000000.0,1822000000.0,,-38000000.0,-7775000000.0,,,2708000000.0,,174000000.0
2019-12-31,9151000000.0,4029000000.0,,,,11075000000.0,1226000000.0,-297000000.0,929000000.0,138000000.0,791000000.0,1.34,1.33,502050000.0,505157000.0,241000000.0,822000000.0,1249000000.0,,848000000.0,,,3847000000.0,,20945000000.0,5164000000.0,321000000.0,216000000.0,35439000000.0,1138000000.0,414000000.0,,3888000000.0,,3928000000.0,,763000000.0,,632000000.0,-98000000.0,8359000000.0,35439000000.0,1287000000.0,,69000000.0,,52000000.0,,,-455000000.0,31000000.0,,1638000000.0,,,,,5991000000.0,2506000000.0,,-35000000.0,-8421000000.0,0.0,,2776000000.0,,155000000.0
2020-03-31,2141000000.0,64000000.0,,,,1950000000.0,217000000.0,-1617000000.0,-1400000000.0,-347000000.0,-1199000000.0,-2.44,-2.44,502388000.0,502388000.0,220000000.0,678000000.0,711000000.0,,,,,4164000000.0,,20978000000.0,4697000000.0,,223000000.0,33395000000.0,739000000.0,300000000.0,124000000.0,4042000000.0,,,,751000000.0,,-761000000.0,-100000000.0,6970000000.0,33395000000.0,282000000.0,,-377000000.0,,-110000000.0,,,-192000000.0,-7000000.0,,662000000.0,,,,,0.0,664000000.0,,-3000000.0,-654000000.0,,,-32000000.0,,0.0
2020-06-30,3707000000.0,133000000.0,,,,3290000000.0,452000000.0,-1688000000.0,-1236000000.0,-318000000.0,-1094000000.0,-2.27,-2.27,528066000.0,531000000.0,168000000.0,753000000.0,735000000.0,,,,,2501000000.0,,21348000000.0,4697000000.0,,235000000.0,32148000000.0,670000000.0,325000000.0,124000000.0,4309000000.0,,,,774000000.0,,-771000000.0,-84000000.0,8392000000.0,32148000000.0,579000000.0,,-477000000.0,,-22000000.0,,,-221000000.0,-4000000.0,,1181000000.0,,,,,0.0,1278000000.0,,8000000.0,-143000000.0,673000000.0,,-1115000000.0,,4000000.0
2020-09-30,5317000000.0,196000000.0,,,,4610000000.0,754000000.0,-1873000000.0,-1119000000.0,-328000000.0,-973000000.0,-2.1,-2.1,545000000.0,548188000.0,185000000.0,836000000.0,731000000.0,,,,,2785000000.0,,21735000000.0,4697000000.0,,226000000.0,32705000000.0,658000000.0,429000000.0,120000000.0,3830000000.0,,,,789000000.0,,-796000000.0,-82000000.0,8388000000.0,32705000000.0,885000000.0,,-429000000.0,,50000000.0,,,-251000000.0,-10000000.0,,1439000000.0,,,,,0.0,1889000000.0,,-24000000.0,-683000000.0,672000000.0,,-819000000.0,,117000000.0
2020-12-31,7350000000.0,257000000.0,,,,6379000000.0,1039000000.0,-1904000000.0,-865000000.0,-274000000.0,-773000000.0,-1.79,-1.79,531031000.0,531031000.0,147000000.0,871000000.0,676000000.0,,904000000.0,,,2920000000.0,,22362000000.0,4697000000.0,,252000000.0,33471000000.0,853000000.0,432000000.0,119000000.0,4825000000.0,,,,1019000000.0,,-845000000.0,-90000000.0,8348000000.0,33471000000.0,1189000000.0,,-429000000.0,,-9000000.0,,,2000000.0,-12000000.0,,1995000000.0,,,,,0.0,2596000000.0,,-36000000.0,-1265000000.0,672000000.0,,-834000000.0,,143000000.0
2021-03-31,2541000000.0,40000000.0,,,,2094000000.0,453000000.0,-16000000.0,437000000.0,74000000.0,363000000.0,0.56,0.56,552000000.0,631420000.0,146000000.0,848000000.0,780000000.0,,,,,3219000000.0,,22739000000.0,4697000000.0,,240000000.0,35906000000.0,797000000.0,344000000.0,120000000.0,4326000000.0,,,,1033000000.0,,-482000000.0,-87000000.0,8716000000.0,35906000000.0,307000000.0,,66000000.0,,-99000000.0,,,-55000000.0,5000000.0,,-1681000000.0,,,,,,594000000.0,,10000000.0,-604000000.0,,,2285000000.0,,-4000000.0
2021-06-30,4256000000.0,98000000.0,,,,3540000000.0,749000000.0,-64000000.0,685000000.0,71000000.0,614000000.0,0.98,0.93,586000000.0,596330000.0,136000000.0,923000000.0,651000000.0,,,,,5179000000.0,,22096000000.0,4294000000.0,,225000000.0,36466000000.0,797000000.0,336000000.0,109000000.0,3369000000.0,,,,946000000.0,,-343000000.0,-85000000.0,8870000000.0,36466000000.0,634000000.0,,51000000.0,,-53000000.0,,,-120000000.0,4000000.0,,-1076000000.0,,,,,,1383000000.0,,-7000000.0,-1376000000.0,0.0,,2442000000.0,,13000000.0
2021-09-30,5996000000.0,159000000.0,,,,5011000000.0,1027000000.0,-334000000.0,693000000.0,63000000.0,832000000.0,1.29,1.25,605000000.0,609382000.0,133000000.0,911000000.0,650000000.0,,,,,7708000000.0,,22614000000.0,4294000000.0,,228000000.0,37160000000.0,905000000.0,390000000.0,111000000.0,4507000000.0,,,,926000000.0,,-368000000.0,-80000000.0,8865000000.0,37160000000.0,987000000.0,,86000000.0,,104000000.0,,,-53000000.0,4000000.0,,-551000000.0,,,,,,2148000000.0,,-22000000.0,-2104000000.0,0.0,,2644000000.0,,-47000000.0
2021-12-31,8256000000.0,208000000.0,,,,6989000000.0,1363000000.0,-585000000.0,778000000.0,110000000.0,1486000000.0,2.35,2.28,593000000.0,610000000.0,230000000.0,1439000000.0,690000000.0,,798000000.0,,,7355000000.0,,23484000000.0,4294000000.0,,220000000.0,37679000000.0,1196000000.0,323000000.0,111000000.0,4287000000.0,,,,836000000.0,,154000000.0,-64000000.0,9415000000.0,37679000000.0,1316000000.0,,213000000.0,,140000000.0,,,175000000.0,-2000000.0,,22000000.0,,,,,0.0,3164000000.0,,-15000000.0,-1851000000.0,0.0,,1916000000.0,,-46000000.0
2022-03-31,2788000000.0,35000000.0,,,,2286000000.0,477000000.0,253000000.0,730000000.0,199000000.0,531000000.0,0.82,0.82,629134000.0,631304000.0,125000000.0,720000000.0,943000000.0,,,,,4188000000.0,,24213000000.0,4294000000.0,,231000000.0,35202000000.0,1036000000.0,283000000.0,110000000.0,4605000000.0,,,,834000000.0,,685000000.0,-62000000.0,9951000000.0,35202000000.0,318000000.0,,28000000.0,,-132000000.0,,,-85000000.0,11000000.0,,580000000.0,,,,,,846000000.0,,-18000000.0,1934000000.0,,,-2621000000.0,,-15000000.0
2022-06-30,4747000000.0,91000000.0,,,,3879000000.0,828000000.0,146000000.0,974000000.0,253000000.0,721000000.0,1.11,1.1,629475000.0,632000000.0,555000000.0,658000000.0,783000000.0,,,,,4443000000.0,,25015000000.0,4294000000.0,,229000000.0,36216000000.0,1033000000.0,271000000.0,110000000.0,4318000000.0,,,,839000000.0,,768000000.0,-85000000.0,10023000000.0,36216000000.0,645000000.0,,23000000.0,,-15000000.0,,,-132000000.0,23000000.0,,978000000.0,,,,,,1880000000.0,,-45000000.0,942000000.0,,,-1597000000.0,,267000000.0
2022-09-30,6653000000.0,143000000.0,,,,5398000000.0,1212000000.0,-107000000.0,1251000000.0,328000000.0,923000000.0,1.41,1.4,630000000.0,633068000.0,114000000.0,452000000.0,773000000.0,,,,,4083000000.0,,25910000000.0,4294000000.0,,214000000.0,36719000000.0,1028000000.0,295000000.0,109000000.0,4611000000.0,,,,835000000.0,,719000000.0,-83000000.0,9989000000.0,36719000000.0,974000000.0,,26000000.0,,224000000.0,,,-119000000.0,35000000.0,,1325000000.0,,,,,,3079000000.0,,-73000000.0,-229000000.0,,,-1220000000.0,,340000000.0
2022-12-31,9327000000.0,204000000.0,,,,7755000000.0,1566000000.0,-149000000.0,1417000000.0,360000000.0,1057000000.0,1.6,1.59,629415000.0,632346000.0,74000000.0,510000000.0,889000000.0,,717000000.0,,,4699000000.0,,27143000000.0,4294000000.0,,215000000.0,38546000000.0,1352000000.0,452000000.0,110000000.0,5113000000.0,,,,774000000.0,,709000000.0,-31000000.0,10042000000.0,38546000000.0,1288000000.0,,20000000.0,,259000000.0,,,203000000.0,29000000.0,,1810000000.0,,,,,,4419000000.0,,-14000000.0,-1628000000.0,0.0,,-345000000.0,,421000000.0
2023-03-31,2761000000.0,40000000.0,,,,2238000000.0,541000000.0,-138000000.0,403000000.0,78000000.0,325000000.0,0.5,0.49,630309000.0,633051000.0,114000000.0,548000000.0,874000000.0,,,,,3139000000.0,,27598000000.0,4294000000.0,,222000000.0,37752000000.0,934000000.0,344000000.0,109000000.0,3150000000.0,,,,793000000.0,,1034000000.0,-32000000.0,10356000000.0,37752000000.0,319000000.0,,-13000000.0,,-95000000.0,,,-323000000.0,11000000.0,,1713000000.0,,,,,,1123000000.0,,32000000.0,-1155000000.0,,,-519000000.0,,-1000000.0
2023-06-30,4633000000.0,97000000.0,,,,3733000000.0,921000000.0,-301000000.0,620000000.0,177000000.0,443000000.0,0.66,0.66,631057000.0,633030000.0,214000000.0,517000000.0,638000000.0,,,,,2802000000.0,,28454000000.0,4160000000.0,,186000000.0,38097000000.0,832000000.0,347000000.0,109000000.0,3184000000.0,,,,833000000.0,,1032000000.0,-32000000.0,10366000000.0,38097000000.0,668000000.0,,22000000.0,,-142000000.0,,,-403000000.0,-39000000.0,,2482000000.0,,,,,,2259000000.0,,40000000.0,-2154000000.0,,,-187000000.0,,154000000.0
2023-09-30,6497000000.0,98000000.0,,,,5075000000.0,1439000000.0,-469000000.0,970000000.0,245000000.0,725000000.0,1.07,1.07,631185000.0,633043000.0,120000000.0,566000000.0,767000000.0,,,,,3022000000.0,,29171000000.0,4160000000.0,,167000000.0,39001000000.0,763000000.0,407000000.0,110000000.0,3893000000.0,,,,829000000.0,,1027000000.0,-29000000.0,9585000000.0,39001000000.0,1042000000.0,,94000000.0,,-63000000.0,,,-443000000.0,-40000000.0,,3069000000.0,,,,,,3323000000.0,,12000000.0,-3190000000.0,,,168000000.0,,200000000.0
2023-12-31,8612000000.0,99000000.0,,,,6936000000.0,1760000000.0,-673000000.0,1087000000.0,170000000.0,917000000.0,1.37,1.37,631000000.0,633179000.0,90000000.0,541000000.0,710000000.0,,782000000.0,,,3027000000.0,,29853000000.0,4160000000.0,,162000000.0,39715000000.0,917000000.0,510000000.0,111000000.0,3864000000.0,,,,763000000.0,,1092000000.0,-35000000.0,9667000000.0,39715000000.0,1401000000.0,,31000000.0,,-167000000.0,,,-302000000.0,-43000000.0,,3877000000.0,,,,,,4401000000.0,,-24000000.0,-4233000000.0,,,374000000.0,,215000000.0
2024-03-31,2594000000.0,1000000.0,,,,2004000000.0,616000000.0,-188000000.0,428000000.0,78000000.0,350000000.0,0.55,0.55,632228000.0,634000000.0,161000000.0,458000000.0,675000000.0,,,,,4286000000.0,,29379000000.0,3943000000.0,,163000000.0,40199000000.0,753000000.0,394000000.0,97000000.0,3430000000.0,,,,725000000.0,,1442000000.0,-33000000.0,9998000000.0,40199000000.0,363000000.0,,193000000.0,,-93000000.0,,,-70000000.0,1000000.0,,538000000.0,,,,,,845000000.0,,-1000000.0,-844000000.0,3000000.0,,376000000.0,,-12000000.0
2024-06-30,4500000000.0,1000000.0,,,,3442000000.0,1083000000.0,-394000000.0,689000000.0,111000000.0,578000000.0,0.91,0.91,641000000.0,642000000.0,66000000.0,477000000.0,633000000.0,,,,,4080000000.0,,30217000000.0,3943000000.0,,211000000.0,40976000000.0,1057000000.0,433000000.0,95000000.0,3410000000.0,,,,744000000.0,,1542000000.0,-30000000.0,10354000000.0,40976000000.0,749000000.0,,200000000.0,,-52000000.0,,,-83000000.0,4000000.0,,1114000000.0,,,,,,1657000000.0,,-57000000.0,-1600000000.0,247000000.0,,459000000.0,,-4000000.0
2024-09-30,6349000000.0,2000000.0,,,,4874000000.0,1507000000.0,-573000000.0,934000000.0,163000000.0,771000000.0,1.2,1.2,648000000.0,648214000.0,112000000.0,531000000.0,701000000.0,,,,,4270000000.0,,31438000000.0,3943000000.0,,235000000.0,42893000000.0,1684000000.0,461000000.0,96000000.0,3836000000.0,,,,786000000.0,,1468000000.0,-30000000.0,10535000000.0,42893000000.0,1083000000.0,,238000000.0,,-19000000.0,,,-247000000.0,3000000.0,,1250000000.0,,,,,,2501000000.0,,58000000.0,-2559000000.0,494000000.0,,1329000000.0,,-8000000.0
,,,,,,,,,,,,,,,,,,,,,,,,,,,,,,,,,,,,,,,,,,,,,,,,,,,,,,,,,,,,,,,,,,,
