Date,Net sales,Cost of sales,Gross margin,Research and development,"Selling, general and administrative",Total operating expenses,Operating income,"Other income/(expense), net",Income before provision for income taxes,Provision for income taxes,Net income,Earnings per share basic,Earnings per share diluted,Weighted-average basic,Weighted-average diluted,Cash and cash equivalents,Short-term marketable securities,"Accounts receivable, net",Inventories,Deferred tax assets,Vendor non-trade receivables,Other current assets,Total current assets,Long-term marketable securities,"Property, Plant and Equipment, Net",Goodwill,"Acquired intangible assets, net","Other Assets, Noncurrent",Total assets,accounts payable,Accrued expenses,Deferred revenue,Total current liabilities,Deferred revenue - non-current,deferred tax liabilities,long term taxes payable,Total other non-current liabilities,Total liabilities,Retained Earnings (Accumulated Deficit),Accumulated other comprehensive (loss)/income,Total shareholders equity,Total liabilities and shareholders' equity,"Depreciation, amortization and accretion",Stock-based compensation expense,Deferred income tax expense,"Increase (Decrease) in Accounts receivable, net",Increase (Decrease) in Inventories,Increase (Decrease) in Other Receivables,Increase (Decrease) in Other Operating Assets,Increase (Decrease) in Accounts Payable,Increase (Decrease) in Deferred Revenue,Increase (Decrease) Other liabilities,Cash generated by operating activities,Purchases of marketable securities,Proceeds from maturities of marketable securities,Proceeds from sales of marketable securities,Purchases of other long-term investments,"Business acquisitions, net of cash acquired",Cash payments for capital asset purchases,Payments for acquisition of intangible assets,Payments for (Proceeds from) Other Investing Activities,Cash used in investing activities,Proceeds from issuance of common stock,Excess tax benefits from stock-based compensation,Cash generated/used in financing activities,Increase/(decrease) in cash and cash equivalents,"Cash paid for income taxes, net"
2009-12-31,,,,,,,,,1336102000.0,349485000.0,883781000.0,0.75,0.74,,,,,,,,,,,,2735623000.0,13596368000.0,,,169646363000.0,,,,,,,,,143056953000.0,10727368000.0,82654000.0,26589410000.0,169646363000.0,,145831000.0,,,,,-572820000.0,,,-1955446000.0,2796947000.0,27827065000.0,9540958000.0,13410010000.0,,,231624000.0,,,10446422000.0,1537363000.0,,-12050088000.0,1193281000.0,
2010-03-31,,,,,,,,,963810000.0,244359000.0,636263000.0,1.41,1.4,,,,,,,,,,,,2735192000.0,13589339000.0,,,200707587000.0,,,,,,,,,176333205000.0,8417819000.0,158916000.0,24374382000.0,200707587000.0,,46550000.0,,,,,-1139504000.0,,,-948461000.0,2023968000.0,9402805000.0,2850816000.0,7428829000.0,,,73473000.0,,,6141452000.0,7168000.0,,-9351678000.0,-1186258000.0,
2010-06-30,,,,,,,,,2145000000.0,613000000.0,1244000000.0,2.75,2.73,452000000.0,456000000.0,,,,,,,,,,2730000000.0,13588000000.0,,,197489000000.0,,,,,,,,,172219000000.0,8969000000.0,467000000.0,25270000000.0,197489000000.0,,87000000.0,,,,,1647000000.0,,,-286000000.0,4811000000.0,14982000000.0,6085000000.0,9061000000.0,,,150000000.0,,,6472000000.0,15000000.0,,-14769000000.0,-3486000000.0,
2010-09-30,,,,,,,,,3297000000.0,948000000.0,2046000000.0,4.53,4.49,453000000.0,457000000.0,,,,,,,,,,2722000000.0,13593000000.0,,,196933000000.0,,,,,,,,,170872000000.0,9730000000.0,469000000.0,26061000000.0,196933000000.0,,117000000.0,,,,,1473000000.0,,,1215000000.0,8020000000.0,20561000000.0,8710000000.0,11483000000.0,,,225000000.0,,,5950000000.0,22000000.0,,-17713000000.0,-3743000000.0,
2011-03-31,,,,,,,,,1386000000.0,354000000.0,1016000000.0,2.24,2.21,454000000.0,460000000.0,,,,,,,,,,2739000000.0,13597000000.0,,,199300000000.0,,,,,,,,,171750000000.0,11399000000.0,245000000.0,27550000000.0,199300000000.0,,75000000.0,,,,,474000000.0,,,-506000000.0,1869000000.0,3582000000.0,2597000000.0,846000000.0,,1444000000.0,67000000.0,,,-456000000.0,8000000.0,,1309000000.0,2722000000.0,
2011-06-30,,,,,,,,,2781000000.0,804000000.0,1927000000.0,4.24,4.18,456000000.0,462000000.0,,,,,,,,,,2754000000.0,13596000000.0,,,199753000000.0,,,,,,,,,171072000000.0,12287000000.0,442000000.0,28681000000.0,199753000000.0,,117000000.0,,,,,-792000000.0,,,127000000.0,4361000000.0,5085000000.0,4715000000.0,2570000000.0,,1444000000.0,159000000.0,,,-2777000000.0,18000000.0,,-190000000.0,1394000000.0,
2011-09-30,,,,,,,,,4016000000.0,1174000000.0,2740000000.0,6.02,5.95,456000000.0,461000000.0,,,,,,,,,,2785000000.0,13593000000.0,,,200148000000.0,,,,,,,,,170770000000.0,13091000000.0,291000000.0,29378000000.0,200148000000.0,,135000000.0,,,,,-222000000.0,,,1096000000.0,5916000000.0,12689000000.0,7065000000.0,8980000000.0,,,269000000.0,,,-3149000000.0,28000000.0,,-1658000000.0,1109000000.0,
2011-12-31,16279000000.0,,,,,,,,4587000000.0,1334000000.0,3147000000.0,6.85,6.8,456000000.0,459000000.0,,,,,2316000000.0,,,,,2748000000.0,13592000000.0,,,206019000000.0,,,,,,,,,176353000000.0,13462000000.0,169000000.0,29666000000.0,206019000000.0,317000000.0,189000000.0,491000000.0,,,,150000000.0,,,1403000000.0,7455000000.0,16060000000.0,9710000000.0,9169000000.0,,,315000000.0,,,-10363000000.0,40000000.0,,3497000000.0,589000000.0,
2012-03-31,,,,,,,,,1858000000.0,353000000.0,1403000000.0,2.74,2.72,509000000.0,513000000.0,,,,,,,,,,3062000000.0,13595000000.0,,,294481000000.0,,,,,,,,,257531000000.0,14841000000.0,253000000.0,36950000000.0,294481000000.0,,63000000.0,,,,,-686000000.0,,,-572000000.0,1466000000.0,4007000000.0,4839000000.0,7337000000.0,,,156000000.0,,,23135000000.0,3188000000.0,,217000000.0,24818000000.0,
2012-06-30,,,,,,,,,2094000000.0,396000000.0,1496000000.0,2.74,2.72,578000000.0,583000000.0,,,,,,,,,,3556000000.0,13864000000.0,,,296572000000.0,,,,,,,,,259380000000.0,14905000000.0,350000000.0,37192000000.0,296572000000.0,,116000000.0,,,,,-24000000.0,,,458000000.0,3152000000.0,9095000000.0,8651000000.0,14258000000.0,,,262000000.0,,,-3500000000.0,3200000000.0,,489000000.0,141000000.0,
2012-09-30,,,,,,,,,3817000000.0,931000000.0,2674000000.0,4.8,4.75,578000000.0,584000000.0,,,,,,,,,,3519000000.0,13901000000.0,,,301989000000.0,,,,,,,,,262317000000.0,16054000000.0,781000000.0,39672000000.0,301989000000.0,,153000000.0,,,,,-224000000.0,,,1678000000.0,8133000000.0,19131000000.0,12945000000.0,14274000000.0,,,359000000.0,,,-11141000000.0,3217000000.0,,3139000000.0,131000000.0,
2012-12-31,,,,,,,,,5035000000.0,1301000000.0,3517000000.0,6.21,6.16,561000000.0,566000000.0,,,,,2938000000.0,,,,,3587000000.0,13904000000.0,,,312918000000.0,,,,,,,,,272419000000.0,16853000000.0,739000000.0,40499000000.0,312918000000.0,468000000.0,199000000.0,-298000000.0,,,,1033000000.0,,,798000000.0,9060000000.0,29257000000.0,17779000000.0,16894000000.0,,,560000000.0,,,-17987000000.0,3233000000.0,,14147000000.0,5220000000.0,
2013-03-31,,,,,,,,,1638000000.0,494000000.0,1066000000.0,1.81,1.79,581000000.0,586000000.0,,,,,,,,,,3736000000.0,13900000000.0,,,300163000000.0,,,,,,,,,258867000000.0,17876000000.0,473000000.0,41296000000.0,300163000000.0,,54000000.0,,,,,-608000000.0,,,-778000000.0,2794000000.0,5921000000.0,4877000000.0,720000000.0,,,236000000.0,,,5142000000.0,23000000.0,,-12248000000.0,-4312000000.0,
2013-06-30,11189000000.0,,,,,,,,3455000000.0,1075000000.0,2183000000.0,3.7,3.65,582000000.0,589000000.0,,,,,,,,,,3766000000.0,13900000000.0,,,296542000000.0,,,,,,,,,255501000000.0,18804000000.0,-792000000.0,41041000000.0,296542000000.0,,112000000.0,,,,,-289000000.0,,,-355000000.0,5632000000.0,10502000000.0,8486000000.0,1320000000.0,,,450000000.0,,,3729000000.0,44000000.0,,-15766000000.0,-6405000000.0,
2013-09-30,16840000000.0,,,,,,,,5110000000.0,1600000000.0,3300000000.0,5.58,5.51,582300000.0,591100000.0,,,,,,,,,,3792000000.0,13906000000.0,,,289888000000.0,,,,,,,,,248138000000.0,19731000000.0,-839000000.0,41750000000.0,289888000000.0,,172000000.0,,,,,-1164000000.0,,,-282000000.0,15264000000.0,13084000000.0,11785000000.0,1355000000.0,,,622000000.0,,,2932000000.0,64000000.0,,-23536000000.0,-5340000000.0,
2013-12-31,22384000000.0,,,,,,,,6417000000.0,2025000000.0,4159000000.0,7.05,6.96,579700000.0,587600000.0,,,,,3666000000.0,,,,,3839000000.0,13978000000.0,,,297048000000.0,,,,,,,,,255304000000.0,20404000000.0,-872000000.0,41744000000.0,297048000000.0,571000000.0,240000000.0,356000000.0,,,,245000000.0,,,239000000.0,9984000000.0,16062000000.0,13930000000.0,2539000000.0,,,818000000.0,,-456000000.0,3721000000.0,81000000.0,,-18472000000.0,-4767000000.0,
2014-03-31,5370000000.0,,,,,,,,1703000000.0,579000000.0,1154000000.0,1.99,1.96,571000000.0,580300000.0,,,,,,,,,,3807000000.0,13974000000.0,,,290500000000.0,,,,,,,,,247699000000.0,21259000000.0,-710000000.0,42801000000.0,290500000000.0,,84000000.0,,,,,-1501000000.0,,,-782000000.0,3159000000.0,4712000000.0,2030000000.0,2976000000.0,,,129000000.0,,,3386000000.0,27000000.0,,-6654000000.0,-109000000.0,
2014-06-30,10838000000.0,,,,,,,,3488000000.0,1160000000.0,2348000000.0,4.06,4.0,569200000.0,578900000.0,,,,,,,,,,3764000000.0,13977000000.0,,,298317000000.0,,,,,,,,,254502000000.0,22270000000.0,-371000000.0,43815000000.0,298317000000.0,,137000000.0,,,,,-1227000000.0,,,-668000000.0,4920000000.0,7907000000.0,3976000000.0,3559000000.0,,,250000000.0,,,-3867000000.0,51000000.0,,-612000000.0,441000000.0,
2014-09-30,16477000000.0,,,,,,,,5149000000.0,1696000000.0,3429000000.0,5.95,5.86,566100000.0,575200000.0,,,,,,,,,,3752000000.0,13970000000.0,1440000000.0,,300202000000.0,,,,,,,,,256184000000.0,23162000000.0,-559000000.0,44018000000.0,300202000000.0,,167000000.0,,,,,-607000000.0,,,-375000000.0,7701000000.0,,,6827000000.0,,,405000000.0,,,-8087000000.0,73000000.0,,243000000.0,-143000000.0,
2014-12-31,22290000000.0,,,,,,,,6569000000.0,2146000000.0,4428000000.0,7.71,7.59,563100000.0,571900000.0,,,,,3332000000.0,,,,,3685000000.0,13978000000.0,1316000000.0,,308854000000.0,,,,,,,,,263801000000.0,23973000000.0,-430000000.0,45053000000.0,308854000000.0,,205000000.0,-76000000.0,,,,308000000.0,,,-71000000.0,9304000000.0,12650000000.0,7968000000.0,7417000000.0,,24000000.0,502000000.0,,-137000000.0,-15991000000.0,100000000.0,,7638000000.0,951000000.0,
2015-03-31,5647000000.0,,,,,,,,1663000000.0,529000000.0,1153000000.0,2.03,2.0,550200000.0,557200000.0,,,,,,,,,,3684000000.0,13978000000.0,1212000000.0,,306224000000.0,,,,,,,,,260494000000.0,24925000000.0,-212000000.0,45730000000.0,306224000000.0,,50000000.0,,,,,-187000000.0,,,-8000000.0,1993000000.0,2883000000.0,1891000000.0,1342000000.0,,,153000000.0,,-68000000.0,3071000000.0,24000000.0,,-3415000000.0,1649000000.0,
2015-06-30,11319000000.0,,,,,,,,2899000000.0,913000000.0,2016000000.0,3.55,3.51,548000000.0,554700000.0,,,,,,,,,,3602000000.0,13984000000.0,1110000000.0,,310510000000.0,,,,,,,,,263851000000.0,25540000000.0,-397000000.0,46659000000.0,310510000000.0,,124000000.0,,,,,707000000.0,,,-20000000.0,4348000000.0,6035000000.0,3963000000.0,2313000000.0,,,229000000.0,,317000000.0,-4471000000.0,53000000.0,,37000000.0,-86000000.0,
2015-09-30,17219000000.0,,,,,,,,4547000000.0,1443000000.0,3130000000.0,5.54,5.48,545500000.0,551900000.0,,,,,,,,,,3629000000.0,13983000000.0,1005000000.0,,313700000000.0,,,,,,,,,266015000000.0,26407000000.0,-142000000.0,47685000000.0,313700000000.0,,121000000.0,,,,,193000000.0,,,1234000000.0,9005000000.0,9268000000.0,6067000000.0,3211000000.0,,,411000000.0,,429000000.0,-9560000000.0,84000000.0,,150000000.0,-405000000.0,
2015-12-31,23413000000.0,,,,,,,,5881000000.0,1869000000.0,4050000000.0,7.15,7.07,541800000.0,548000000.0,,,,,3662000000.0,,,,,3584000000.0,14480000000.0,1041000000.0,,334048000000.0,,,,,,,,,286764000000.0,27045000000.0,-616000000.0,47284000000.0,334048000000.0,,161000000.0,-402000000.0,,,,998000000.0,,,575000000.0,10127000000.0,12200000000.0,7742000000.0,4379000000.0,,9314000000.0,532000000.0,,610000000.0,-29726000000.0,111000000.0,,20380000000.0,781000000.0,
2016-03-31,6220000000.0,,,,,,,,1470000000.0,452000000.0,1013000000.0,1.85,1.84,523500000.0,528000000.0,,,,,,,,,,3542000000.0,14492000000.0,937000000.0,,330346000000.0,,,,,,,,,282639000000.0,27808000000.0,-41000000.0,47707000000.0,330346000000.0,,44000000.0,,,,,-801000000.0,,,303000000.0,4102000000.0,4592000000.0,1902000000.0,1923000000.0,,,134000000.0,,21000000.0,-728000000.0,30000000.0,,-6162000000.0,-2788000000.0,
2016-06-30,12474000000.0,,,,,,,,2837000000.0,876000000.0,1955000000.0,3.56,3.52,517600000.0,522300000.0,,,,,,,,,,3556000000.0,14495000000.0,848000000.0,,339117000000.0,,,,,,,,,291009000000.0,28479000000.0,241000000.0,48108000000.0,339117000000.0,,90000000.0,,,,,335000000.0,,,754000000.0,6568000000.0,6887000000.0,3737000000.0,2699000000.0,,,324000000.0,,126000000.0,-8918000000.0,64000000.0,,1476000000.0,-874000000.0,
2016-09-30,18935000000.0,,,,,,,,4349000000.0,1372000000.0,2960000000.0,5.47,5.42,512000000.0,516800000.0,,,,,,,,,,3561000000.0,14493000000.0,761000000.0,,345061000000.0,,,,,,,,,296848000000.0,29245000000.0,121000000.0,48213000000.0,345061000000.0,,150000000.0,,,,,528000000.0,,,1166000000.0,9861000000.0,11349000000.0,5773000000.0,3528000000.0,,,508000000.0,,269000000.0,-15177000000.0,99000000.0,,6387000000.0,1071000000.0,
2016-12-31,25501000000.0,,,,,,,,5484000000.0,1714000000.0,3751000000.0,6.96,6.89,504900000.0,509800000.0,,,,,4310000000.0,,,,,3675000000.0,14519000000.0,665000000.0,,357033000000.0,,,,,,,,,309519000000.0,29766000000.0,-949000000.0,47514000000.0,357033000000.0,,239000000.0,-686000000.0,,,,1907000000.0,,,2013000000.0,11856000000.0,14154000000.0,7867000000.0,4146000000.0,,629000000.0,779000000.0,,432000000.0,-25630000000.0,131000000.0,,15727000000.0,1953000000.0,
2017-03-31,6535000000.0,,,,,,,,1109000000.0,314000000.0,810000000.0,1.56,1.54,482300000.0,487900000.0,,,,,,,,,,3727000000.0,14521000000.0,603000000.0,,348549000000.0,,,,,,,,,300509000000.0,30326000000.0,-934000000.0,48040000000.0,348549000000.0,,77000000.0,-137000000.0,,,,-1091000000.0,,,-1450000000.0,3163000000.0,5246000000.0,1832000000.0,2888000000.0,,,222000000.0,,104000000.0,2078000000.0,41000000.0,,-7933000000.0,,
2017-06-30,13239000000.0,,,,,,,,2599000000.0,757000000.0,1846000000.0,3.52,3.49,484000000.0,488100000.0,,,,,,,,,,3825000000.0,14524000000.0,542000000.0,,350593000000.0,,,,,,,,,301456000000.0,31086000000.0,-683000000.0,49137000000.0,350593000000.0,,111000000.0,-235000000.0,,,,-1314000000.0,,,-1264000000.0,7023000000.0,6479000000.0,3604000000.0,3123000000.0,,,483000000.0,,296000000.0,-4295000000.0,79000000.0,,-8206000000.0,,
2017-09-30,20224000000.0,,,,,,,,4184000000.0,1205000000.0,2953000000.0,5.68,5.63,484900000.0,489000000.0,,,,,,,,,,3955000000.0,14532000000.0,481000000.0,,361402000000.0,,,,,,,,,311248000000.0,31946000000.0,-622000000.0,50154000000.0,361402000000.0,,164000000.0,-321000000.0,,,,-781000000.0,,,-198000000.0,10091000000.0,9565000000.0,5493000000.0,5793000000.0,,3220000000.0,776000000.0,,412000000.0,-11745000000.0,124000000.0,,-2051000000.0,-3705000000.0,
2017-12-31,27237000000.0,,,,,,,,5492000000.0,3375000000.0,1982000000.0,3.52,3.49,484200000.0,488600000.0,,,,,2864000000.0,,,,,4033000000.0,14533000000.0,421000000.0,,365693000000.0,,,,,,,,,316963000000.0,30700000000.0,-926000000.0,48730000000.0,365693000000.0,,244000000.0,1434000000.0,,,,714000000.0,,,1157000000.0,14182000000.0,12412000000.0,7213000000.0,8181000000.0,,3187000000.0,1018000000.0,,663000000.0,-15541000000.0,164000000.0,,3218000000.0,1859000000.0,
2018-03-31,804000000.0,,,,,,,,1662000000.0,319000000.0,1346000000.0,2.64,2.62,486900000.0,490800000.0,,,,,,,,,,4055000000.0,14536000000.0,378000000.0,,362857000000.0,,,,,,,,,313654000000.0,31996000000.0,-1599000000.0,49203000000.0,362857000000.0,,67000000.0,40000000.0,,,,-267000000.0,,,-1639000000.0,1607000000.0,3838000000.0,1819000000.0,1058000000.0,,,205000000.0,,101000000.0,682000000.0,49000000.0,,-2324000000.0,-35000000.0,
2018-06-30,1686000000.0,,,,,,,,4154000000.0,894000000.0,3252000000.0,6.37,6.33,485900000.0,489600000.0,,,,,,,,,,4095000000.0,14531000000.0,334000000.0,,363989000000.0,,,,,,,,,314063000000.0,33626000000.0,-1793000000.0,49926000000.0,363989000000.0,,108000000.0,95000000.0,,,,110000000.0,,,-1116000000.0,5687000000.0,9460000000.0,3763000000.0,1058000000.0,,,429000000.0,,364000000.0,-3615000000.0,90000000.0,,-3128000000.0,-1056000000.0,
2018-09-30,2544000000.0,,,,,,,,6075000000.0,1314000000.0,4754000000.0,9.39,9.32,483200000.0,486700000.0,,,,,,,,,,4149000000.0,14513000000.0,289000000.0,,362909000000.0,,,,,,,,,312271000000.0,34883000000.0,-1877000000.0,50638000000.0,362909000000.0,,153000000.0,149000000.0,,,,118000000.0,,,-856000000.0,9038000000.0,11136000000.0,5839000000.0,3512000000.0,,0.0,669000000.0,,456000000.0,-5871000000.0,137000000.0,,-5891000000.0,-2724000000.0,
2018-12-31,3431000000.0,,,,,,,,7318000000.0,1293000000.0,6015000000.0,11.9,11.82,479900000.0,483100000.0,,,,,2145000000.0,,,,,4191000000.0,14544000000.0,254000000.0,,372538000000.0,,,,,,,,,320870000000.0,35875000000.0,-1263000000.0,51668000000.0,372538000000.0,,170000000.0,714000000.0,,,,-476000000.0,,,-1553000000.0,12978000000.0,14022000000.0,7510000000.0,6399000000.0,,600000000.0,874000000.0,,802000000.0,-15618000000.0,175000000.0,,1777000000.0,-863000000.0,
2019-03-31,894000000.0,,,,,,,,1719000000.0,309000000.0,1412000000.0,2.87,2.86,469400000.0,471600000.0,,,,,,,,,,4205000000.0,14546000000.0,223000000.0,,373191000000.0,,,,,,,,,319710000000.0,37030000000.0,-660000000.0,53481000000.0,373191000000.0,,72000000.0,61000000.0,,,,-899000000.0,,,-443000000.0,4881000000.0,2879000000.0,1526000000.0,3074000000.0,,,183000000.0,,422000000.0,5013000000.0,52000000.0,,-3945000000.0,5949000000.0,
2019-06-30,1863000000.0,,,,,,,,3722000000.0,696000000.0,3037000000.0,6.13,6.1,470800000.0,473000000.0,,,,,,,,,,4243000000.0,14545000000.0,194000000.0,,373619000000.0,,,,,,,,,317852000000.0,38386000000.0,170000000.0,55767000000.0,373619000000.0,,129000000.0,-15000000.0,,,,-1251000000.0,,,634000000.0,9107000000.0,5674000000.0,3362000000.0,3983000000.0,,,396000000.0,,589000000.0,-125000000.0,98000000.0,,-6650000000.0,2332000000.0,
2019-09-30,2805000000.0,,,,,,,,5426000000.0,1071000000.0,4370000000.0,8.83,8.79,469900000.0,472100000.0,,,,,,,,,,4311000000.0,14624000000.0,181000000.0,,378810000000.0,,,,,,,,,320575000000.0,39476000000.0,453000000.0,58235000000.0,378810000000.0,,175000000.0,-72000000.0,,,,-1852000000.0,,,-522000000.0,12519000000.0,8919000000.0,6099000000.0,4226000000.0,,85000000.0,631000000.0,,781000000.0,-5886000000.0,153000000.0,,-2585000000.0,4048000000.0,
2019-12-31,3820000000.0,,,,,,,,6874000000.0,1341000000.0,5546000000.0,11.1,11.05,467600000.0,469900000.0,,,,,1720000000.0,,,,,4378000000.0,14653000000.0,174000000.0,,390365000000.0,,,,,,,,,332354000000.0,40340000000.0,1156000000.0,58011000000.0,390365000000.0,,239000000.0,-296000000.0,,,,-662000000.0,,,194000000.0,16639000000.0,12105000000.0,8553000000.0,4780000000.0,,8393000000.0,887000000.0,,877000000.0,-22998000000.0,199000000.0,,6619000000.0,260000000.0,
2020-03-31,937000000.0,,,,,,,,-1903000000.0,-563000000.0,-1340000000.0,-3.1,-3.1,457600000.0,457600000.0,,,,,,,,,,4336000000.0,14645000000.0,156000000.0,,396878000000.0,,,,,,,,,340048000000.0,36552000000.0,3679000000.0,56830000000.0,396878000000.0,,24000000.0,-748000000.0,,,,-1325000000.0,,,595000000.0,5409000000.0,3927000000.0,3822000000.0,144000000.0,,,154000000.0,,196000000.0,1041000000.0,63000000.0,,5101000000.0,11551000000.0,
2020-06-30,1742000000.0,,,,,,,,-3363000000.0,-1106000000.0,-2258000000.0,-5.31,-5.31,457100000.0,457100000.0,,,,,,,,,,4324000000.0,14645000000.0,140000000.0,,421296000000.0,,,,,,,,,365251000000.0,35361000000.0,3981000000.0,56045000000.0,421296000000.0,,74000000.0,-1574000000.0,,,,-954000000.0,,,783000000.0,9215000000.0,14568000000.0,9113000000.0,144000000.0,,,342000000.0,,377000000.0,5059000000.0,121000000.0,,28535000000.0,42809000000.0,
2020-09-30,2724000000.0,,,,,,,,3502000000.0,1096000000.0,2406000000.0,5.07,5.06,457800000.0,458500000.0,,,,,,,,,,4333000000.0,14648000000.0,99000000.0,,421883000000.0,,,,,,,,,363459000000.0,37653000000.0,3833000000.0,58424000000.0,421883000000.0,,128000000.0,-1420000000.0,,,,-1052000000.0,,,785000000.0,12072000000.0,35189000000.0,15593000000.0,812000000.0,,7000000.0,543000000.0,,564000000.0,-8917000000.0,184000000.0,,28097000000.0,31252000000.0,
2020-12-31,3737000000.0,,,,,,,,3203000000.0,486000000.0,2714000000.0,5.19,5.18,457800000.0,458900000.0,,,,,3326000000.0,,,,,4287000000.0,14653000000.0,90000000.0,,421602000000.0,,,,,,,,,361398000000.0,40088000000.0,3494000000.0,60204000000.0,421602000000.0,,203000000.0,-1627000000.0,,,,-979000000.0,,,1212000000.0,16699000000.0,43026000000.0,22324000000.0,812000000.0,,7000000.0,710000000.0,,822000000.0,-14841000000.0,241000000.0,,25164000000.0,27022000000.0,
2021-03-31,1001000000.0,,,,,,,,4196000000.0,869000000.0,3325000000.0,7.06,7.03,458600000.0,460100000.0,,,,,,,,,,4277000000.0,14654000000.0,84000000.0,,425175000000.0,,,,,,,,,363987000000.0,43167000000.0,1783000000.0,61188000000.0,425175000000.0,,119000000.0,345000000.0,,,,1570000000.0,,,-435000000.0,1636000000.0,7881000000.0,7015000000.0,595000000.0,,,178000000.0,,-52000000.0,7272000000.0,60000000.0,,2595000000.0,11503000000.0,
2021-06-30,2242000000.0,,,,,,,,8764000000.0,1900000000.0,6861000000.0,14.7,14.65,454600000.0,456200000.0,,,,,,,,,,4227000000.0,14654000000.0,80000000.0,,423420000000.0,,,,,,,,,358796000000.0,46461000000.0,1792000000.0,64624000000.0,423420000000.0,,206000000.0,574000000.0,,,,3183000000.0,,,957000000.0,5694000000.0,18185000000.0,14142000000.0,595000000.0,,24000000.0,341000000.0,,26000000.0,-7691000000.0,120000000.0,,-3686000000.0,-5683000000.0,
2021-09-30,3493000000.0,,,,,,,,12750000000.0,2782000000.0,9965000000.0,21.52,21.44,449200000.0,450900000.0,,,,,,,,,,4204000000.0,14652000000.0,88000000.0,,425377000000.0,,,,,,,,,361833000000.0,48944000000.0,1360000000.0,63544000000.0,425377000000.0,,270000000.0,580000000.0,,,,4833000000.0,,,2211000000.0,7648000000.0,21951000000.0,20795000000.0,1735000000.0,,551000000.0,504000000.0,,286000000.0,-15046000000.0,191000000.0,,-6515000000.0,-13913000000.0,
2021-12-31,4780000000.0,,,,,,,,15809000000.0,3415000000.0,12390000000.0,27.04,26.94,442500000.0,444200000.0,,,,,3708000000.0,,,,,4210000000.0,14782000000.0,111000000.0,,432381000000.0,,,,,,,,,371352000000.0,51006000000.0,374000000.0,61029000000.0,432381000000.0,,331000000.0,605000000.0,,,,4114000000.0,,,1594000000.0,12310000000.0,27884000000.0,26969000000.0,2776000000.0,,669000000.0,698000000.0,,668000000.0,-31501000000.0,253000000.0,,474000000.0,-18717000000.0,
2022-03-31,1233000000.0,,,,,,,,2945000000.0,542000000.0,2403000000.0,5.65,5.62,410400000.0,412200000.0,,,,,,,,,,4238000000.0,14784000000.0,97000000.0,,434195000000.0,,,,,,,,,377850000000.0,53099000000.0,-4093000000.0,56345000000.0,434195000000.0,,107000000.0,187000000.0,,,,4716000000.0,,,521000000.0,-79000000.0,3828000000.0,4898000000.0,470000000.0,,,230000000.0,,195000000.0,1773000000.0,68000000.0,,3337000000.0,5031000000.0,
2022-06-30,2640000000.0,,,,,,,,5509000000.0,1075000000.0,4434000000.0,10.65,10.61,400800000.0,402300000.0,,,,,,,,,,4238000000.0,14778000000.0,83000000.0,,440288000000.0,,,,,,,,,386878000000.0,54836000000.0,-6916000000.0,53410000000.0,440288000000.0,,172000000.0,-11000000.0,,,,5578000000.0,,,414000000.0,2875000000.0,7698000000.0,10129000000.0,2240000000.0,,0.0,423000000.0,,490000000.0,-12502000000.0,138000000.0,,9823000000.0,196000000.0,
2022-09-30,4055000000.0,,,,,,,,7696000000.0,1568000000.0,6128000000.0,14.9,14.84,394900000.0,396400000.0,,,,,,,,,,4265000000.0,14771000000.0,183000000.0,,444232000000.0,,,,,,,,,393371000000.0,56240000000.0,-10704000000.0,50861000000.0,444232000000.0,,238000000.0,-371000000.0,,,,5898000000.0,,,812000000.0,5652000000.0,11614000000.0,16905000000.0,2600000000.0,,1127000000.0,644000000.0,,543000000.0,-18291000000.0,214000000.0,,15876000000.0,3237000000.0,
2022-12-31,5417000000.0,,,,,,,,9240000000.0,1880000000.0,7360000000.0,17.98,17.91,391800000.0,393200000.0,,,,,7659000000.0,,,,,4351000000.0,14777000000.0,159000000.0,,455249000000.0,,,,,,,,,402667000000.0,57184000000.0,-9916000000.0,52582000000.0,455249000000.0,,314000000.0,-772000000.0,,,,2973000000.0,,,511000000.0,13809000000.0,14850000000.0,19074000000.0,2570000000.0,,1176000000.0,934000000.0,,628000000.0,-29738000000.0,276000000.0,,25131000000.0,9202000000.0,
2023-03-31,1278000000.0,,,,,,,,1163000000.0,203000000.0,960000000.0,2.32,2.31,382600000.0,383800000.0,,,,,,,,,,4365000000.0,14779000000.0,367000000.0,,471660000000.0,,,,,,,,,417007000000.0,57898000000.0,-8540000000.0,54653000000.0,471660000000.0,,154000000.0,-169000000.0,,,,-398000000.0,,,-2196000000.0,2992000000.0,5843000000.0,1990000000.0,0.0,,2539000000.0,235000000.0,,309000000.0,-2994000000.0,76000000.0,,15719000000.0,15717000000.0,
2023-06-30,2694000000.0,,,,,,,,2891000000.0,500000000.0,2391000000.0,5.85,5.83,382800000.0,383800000.0,,,,,,,,,,4359000000.0,15060000000.0,356000000.0,,467800000000.0,,,,,,,,,413241000000.0,59028000000.0,-9818000000.0,54559000000.0,467800000000.0,,277000000.0,-400000000.0,,,,55000000.0,,,-2245000000.0,6346000000.0,5947000000.0,4282000000.0,0.0,,2785000000.0,441000000.0,,652000000.0,-7159000000.0,164000000.0,,11605000000.0,10792000000.0,
2023-09-30,4169000000.0,,,,,,,,5113000000.0,932000000.0,4181000000.0,10.31,10.28,382700000.0,383600000.0,,,,,,,,,,4378000000.0,15048000000.0,332000000.0,,471435000000.0,,,,,,,,,417767000000.0,60529000000.0,-12224000000.0,53668000000.0,471435000000.0,,372000000.0,-513000000.0,,,,483000000.0,,,301000000.0,13475000000.0,7334000000.0,6663000000.0,0.0,,2785000000.0,700000000.0,,962000000.0,-12230000000.0,235000000.0,,12803000000.0,14048000000.0,
2023-12-31,5645000000.0,,,,,,,,6045000000.0,1158000000.0,4887000000.0,11.98,11.95,382400000.0,383400000.0,,,,,7939000000.0,,,,,4375000000.0,15065000000.0,310000000.0,,478464000000.0,,,,,,,,,420375000000.0,60945000000.0,-8268000000.0,58089000000.0,478464000000.0,,513000000.0,-723000000.0,,,,-716000000.0,,,1846000000.0,20575000000.0,10446000000.0,8841000000.0,290000000.0,,2785000000.0,961000000.0,,1325000000.0,-21920000000.0,299000000.0,,13844000000.0,12499000000.0,
2024-03-31,1390000000.0,,,,,,,,1582000000.0,302000000.0,1280000000.0,3.14,3.13,382200000.0,383400000.0,,,,,,,,,,4366000000.0,15062000000.0,290000000.0,,481720000000.0,,,,,,,,,423919000000.0,61905000000.0,-9534000000.0,57801000000.0,481720000000.0,,193000000.0,116000000.0,,,,670000000.0,,,-652000000.0,3010000000.0,2732000000.0,2397000000.0,0.0,,0.0,247000000.0,,306000000.0,1675000000.0,80000000.0,,3062000000.0,7747000000.0,
2024-06-30,2858000000.0,,,,,,,,2233000000.0,356000000.0,1877000000.0,4.52,4.51,383100000.0,383900000.0,,,,,,,,,,4396000000.0,15062000000.0,271000000.0,,480018000000.0,,,,,,,,,422037000000.0,62211000000.0,-9701000000.0,57981000000.0,480018000000.0,,298000000.0,-353000000.0,,,,444000000.0,,,-324000000.0,9253000000.0,6859000000.0,5347000000.0,0.0,,0.0,536000000.0,,500000000.0,-5857000000.0,175000000.0,,678000000.0,4074000000.0,
2024-09-30,4305000000.0,,,,,,,,4451000000.0,797000000.0,3654000000.0,8.94,8.92,383000000.0,383700000.0,,,,,,,,,,4440000000.0,15083000000.0,253000000.0,,486433000000.0,,,,,,,,,423508000000.0,63698000000.0,-6287000000.0,62925000000.0,486433000000.0,,425000000.0,-501000000.0,,,,-913000000.0,,,-617000000.0,15711000000.0,11677000000.0,8732000000.0,175000000.0,,0.0,848000000.0,,756000000.0,-12161000000.0,251000000.0,,2414000000.0,5964000000.0,
,,,,,,,,,,,,,,,,,,,,,,,,,,,,,,,,,,,,,,,,,,,,,,,,,,,,,,,,,,,,,,,,,,,
