Date,Net sales,Cost of sales,Gross margin,Research and development,"Selling, general and administrative",Total operating expenses,Operating income,"Other income/(expense), net",Income before provision for income taxes,Provision for income taxes,Net income,Earnings per share basic,Earnings per share diluted,Weighted-average basic,Weighted-average diluted,Cash and cash equivalents,Short-term marketable securities,"Accounts receivable, net",Inventories,Deferred tax assets,Vendor non-trade receivables,Other current assets,Total current assets,Long-term marketable securities,"Property, Plant and Equipment, Net",Goodwill,"Acquired intangible assets, net","Other Assets, Noncurrent",Total assets,accounts payable,Accrued expenses,Deferred revenue,Total current liabilities,Deferred revenue - non-current,deferred tax liabilities,long term taxes payable,Total other non-current liabilities,Total liabilities,Retained Earnings (Accumulated Deficit),Accumulated other comprehensive (loss)/income,Total shareholders equity,Total liabilities and shareholders' equity,"Depreciation, amortization and accretion",Stock-based compensation expense,Deferred income tax expense,"Increase (Decrease) in Accounts receivable, net",Increase (Decrease) in Inventories,Increase (Decrease) in Other Receivables,Increase (Decrease) in Other Operating Assets,Increase (Decrease) in Accounts Payable,Increase (Decrease) in Deferred Revenue,Increase (Decrease) Other liabilities,Cash generated by operating activities,Purchases of marketable securities,Proceeds from maturities of marketable securities,Proceeds from sales of marketable securities,Purchases of other long-term investments,"Business acquisitions, net of cash acquired",Cash payments for capital asset purchases,Payments for acquisition of intangible assets,Payments for (Proceeds from) Other Investing Activities,Cash used in investing activities,Proceeds from issuance of common stock,Excess tax benefits from stock-based compensation,Cash generated/used in financing activities,Increase/(decrease) in cash and cash equivalents,"Cash paid for income taxes, net"
2010-07-31,845165000.0,355923000.0,489242000.0,24788000.0,323183000.0,,127408000.0,-1174000.0,70550000.0,5945000.0,64605000.0,1.42,1.4,45605000.0,46402000.0,3240000.0,,190055000.0,234315000.0,29906000.0,,,491270000.0,,569748000.0,1256488000.0,118528000.0,41281000.0,2503040000.0,41951000.0,2904000.0,,224176000.0,,15205000.0,,,908929000.0,552324000.0,-33528000.0,1594111000.0,2503040000.0,70785000.0,,,,,,,,,,203053000.0,,,,,,40988000.0,,32442000.0,-73430000.0,,407000.0,-130319000.0,-692000.0,
2010-10-31,1158517000.0,481794000.0,676723000.0,35274000.0,433057000.0,,189912000.0,-1068000.0,124426000.0,11623000.0,112803000.0,2.48,2.43,45530000.0,46505000.0,3573000.0,,197490000.0,227902000.0,28828000.0,,,491340000.0,,593887000.0,1261976000.0,114177000.0,40566000.0,2525018000.0,51792000.0,2379000.0,,199520000.0,,20202000.0,,,858242000.0,600522000.0,-17334000.0,1666776000.0,2525018000.0,94001000.0,9638000.0,-1755000.0,-24789000.0,34978000.0,,16078000.0,8644000.0,,8116000.0,267663000.0,,,,,,73757000.0,,32847000.0,-106604000.0,,407000.0,-161567000.0,-359000.0,8603000.0
2011-01-31,293229000.0,116623000.0,176606000.0,9727000.0,113453000.0,,54793000.0,-734000.0,47108000.0,1813000.0,45295000.0,0.99,0.96,45986000.0,47391000.0,3320000.0,,189462000.0,239996000.0,27002000.0,,,503343000.0,,595825000.0,1268734000.0,130380000.0,48167000.0,2571938000.0,48341000.0,86536000.0,,186074000.0,,20202000.0,,,849639000.0,644432000.0,-17011000.0,1722299000.0,2571938000.0,22894000.0,,,,,,,,,,72931000.0,,,,,,28785000.0,,32449000.0,-61234000.0,,0.0,-11945000.0,-253000.0,
2011-04-30,618530000.0,240162000.0,378368000.0,20117000.0,239835000.0,,115049000.0,-514000.0,86829000.0,6174000.0,80655000.0,1.74,1.69,46506000.0,48239000.0,8430000.0,,203764000.0,249382000.0,28989000.0,,,538435000.0,,606005000.0,1277904000.0,127949000.0,45169000.0,2625192000.0,51641000.0,79483000.0,,206150000.0,,20958000.0,,,814866000.0,679793000.0,2075000.0,1810326000.0,2625192000.0,46405000.0,,,,,,,,,,137822000.0,,,,,,52016000.0,,36599000.0,-88615000.0,,0.0,-44746000.0,4857000.0,
2011-07-31,969926000.0,388755000.0,581171000.0,31843000.0,373453000.0,,160935000.0,386000.0,129884000.0,11092000.0,118792000.0,2.55,2.46,47322000.0,49009000.0,7872000.0,,218416000.0,243370000.0,33061000.0,,,543636000.0,,601094000.0,1270300000.0,125840000.0,47256000.0,2615334000.0,58905000.0,91063000.0,,237693000.0,,18964000.0,,,727656000.0,716498000.0,-4540000.0,1887678000.0,2615334000.0,71810000.0,13000000.0,,,,,,,,,225291000.0,,,,,,71156000.0,,40966000.0,-112122000.0,,2895000.0,-109193000.0,4299000.0,
2011-10-31,1330835000.0,526031000.0,804804000.0,43581000.0,513138000.0,,227556000.0,-963000.0,192764000.0,17334000.0,175430000.0,3.74,3.63,46904000.0,48309000.0,5175000.0,,214779000.0,253584000.0,35135000.0,,,540347000.0,,609205000.0,1276567000.0,128341000.0,48230000.0,2624518000.0,61755000.0,100854000.0,,267206000.0,,20127000.0,,,687030000.0,773136000.0,-18110000.0,1937488000.0,2624518000.0,98149000.0,13876000.0,-4420000.0,2684000.0,17205000.0,,-196000.0,5185000.0,,12898000.0,336281000.0,,,,,,103665000.0,,58010000.0,-161675000.0,,2895000.0,-172873000.0,1602000.0,12207000.0
2012-01-31,326060000.0,115607000.0,210453000.0,11425000.0,131748000.0,,61728000.0,681000.0,58747000.0,4124000.0,54623000.0,1.15,1.12,47674000.0,48792000.0,7681000.0,,200160000.0,272774000.0,29113000.0,,,555263000.0,,583239000.0,1272030000.0,122873000.0,44649000.0,2599267000.0,48205000.0,78461000.0,,206392000.0,,18628000.0,,,661910000.0,826338000.0,-29980000.0,1937357000.0,2599267000.0,25816000.0,,,,,,,,,,41550000.0,,,,,,19953000.0,,398000.0,-18785000.0,,,-20197000.0,2506000.0,
2012-04-30,670649000.0,239500000.0,431149000.0,24455000.0,268710000.0,,127168000.0,992000.0,121427000.0,11883000.0,109544000.0,2.3,2.24,47708000.0,49007000.0,7745000.0,,202882000.0,286069000.0,33226000.0,,,576283000.0,,593603000.0,1275444000.0,118077000.0,44917000.0,2628561000.0,54926000.0,84096000.0,,228125000.0,,19008000.0,,,590605000.0,881259000.0,-21068000.0,2037956000.0,2628561000.0,52570000.0,,,,,,,,,,122191000.0,,,,,,43057000.0,,647000.0,-38964000.0,,5576000.0,-80569000.0,2570000.0,
2012-07-31,1048835000.0,377589000.0,671246000.0,37611000.0,412540000.0,,204418000.0,-2223000.0,192735000.0,16316000.0,176419000.0,3.69,3.6,48110000.0,49302000.0,12732000.0,,228593000.0,301686000.0,37140000.0,,,628106000.0,,617615000.0,1360504000.0,220347000.0,44903000.0,2883918000.0,66251000.0,89287000.0,,232075000.0,,30748000.0,,,787272000.0,946698000.0,-38631000.0,2096646000.0,2883918000.0,80395000.0,,,,,,,,,,200304000.0,,,,,,67141000.0,,144969000.0,-205486000.0,,10760000.0,13809000.0,7557000.0,
2012-10-31,1445136000.0,521126000.0,924010000.0,51730000.0,564903000.0,,283398000.0,229000.0,275452000.0,26808000.0,248339000.0,5.18,5.05,47913000.0,49152000.0,12840000.0,,234297000.0,320199000.0,22617000.0,,,657860000.0,,640255000.0,1370247000.0,214783000.0,43805000.0,2941384000.0,85056000.0,89131000.0,,262552000.0,,30971000.0,,,728226000.0,1018618000.0,-31261000.0,2192751000.0,2941384000.0,111214000.0,21540000.0,-6806000.0,4956000.0,58094000.0,,7924000.0,13575000.0,,5040000.0,315121000.0,,,,,,99779000.0,,145319000.0,-238474000.0,,10760000.0,-68443000.0,7665000.0,15781000.0
2013-01-31,379839000.0,139341000.0,240498000.0,13653000.0,150653000.0,,68821000.0,638000.0,80976000.0,6041000.0,74667000.0,1.54,1.5,48476000.0,49633000.0,14445000.0,,241168000.0,325394000.0,33972000.0,,,680848000.0,,636999000.0,1374504000.0,214564000.0,45555000.0,2969544000.0,61920000.0,84663000.0,,226132000.0,,30339000.0,,,719996000.0,1091836000.0,-29496000.0,2232062000.0,2969544000.0,31525000.0,,,,,,,,,,47623000.0,,,,,,29315000.0,,3690000.0,-32445000.0,,,-14125000.0,1605000.0,
2013-04-30,763880000.0,269203000.0,494677000.0,28143000.0,301346000.0,,150293000.0,549000.0,159916000.0,9515000.0,149803000.0,3.09,3.02,48494000.0,49555000.0,14441000.0,,224489000.0,339323000.0,37364000.0,,,675788000.0,,636882000.0,1381777000.0,210623000.0,47718000.0,2966732000.0,73779000.0,79006000.0,,228919000.0,,26346000.0,,,630236000.0,1166972000.0,-44003000.0,2314197000.0,2966732000.0,62469000.0,,,,,,,,,,162526000.0,,,,,,67490000.0,,8130000.0,-74366000.0,,7134000.0,-86326000.0,1601000.0,
2013-07-31,1175873000.0,412923000.0,762950000.0,43008000.0,453487000.0,,243902000.0,461000.0,251179000.0,11585000.0,238754000.0,4.91,4.81,48791000.0,49754000.0,25482000.0,,247296000.0,339908000.0,40008000.0,,,706007000.0,,654100000.0,1378679000.0,203398000.0,47703000.0,3006908000.0,76571000.0,88536000.0,,249286000.0,,23298000.0,,,569266000.0,1254455000.0,-56387000.0,2415522000.0,3006908000.0,93586000.0,,,,,,,,,,265584000.0,,,,,,106062000.0,,9235000.0,-113805000.0,,15700000.0,-138139000.0,12642000.0,
2013-10-31,1587725000.0,560917000.0,1026808000.0,58827000.0,610735000.0,,305945000.0,1410000.0,312271000.0,15365000.0,296151000.0,6.09,5.96,48615000.0,49685000.0,77393000.0,,229537000.0,338917000.0,32560000.0,,,747241000.0,,739867000.0,1387611000.0,198769000.0,47494000.0,3137261000.0,108172000.0,104162000.0,,321253000.0,,24883000.0,,,713767000.0,1311851000.0,-15762000.0,2404535000.0,3137261000.0,125349000.0,28538000.0,-17188000.0,-55000.0,22574000.0,,22870000.0,-6294000.0,,-3313000.0,415925000.0,,,,,,178127000.0,,13045000.0,-189918000.0,,18081000.0,-161597000.0,64553000.0,13971000.0
2014-01-31,404980000.0,142051000.0,262929000.0,15712000.0,158088000.0,,81622000.0,-510000.0,79456000.0,7191000.0,71843000.0,1.5,1.47,48006000.0,49006000.0,28828000.0,,235288000.0,339496000.0,35499000.0,,,701094000.0,,769397000.0,1387983000.0,190812000.0,46584000.0,3114755000.0,74770000.0,97879000.0,,268307000.0,,24447000.0,,,660846000.0,1382258000.0,-12212000.0,2435279000.0,3114755000.0,31395000.0,,,,,,,,,,68574000.0,,,,,,60979000.0,,-1489000.0,-58131000.0,,,-58584000.0,-48565000.0,
2014-04-30,817297000.0,285869000.0,531428000.0,32007000.0,313892000.0,,170547000.0,455000.0,167276000.0,15375000.0,151003000.0,3.15,3.09,47963000.0,48883000.0,82659000.0,,239769000.0,345816000.0,37257000.0,,,764680000.0,,817442000.0,1393912000.0,184998000.0,45212000.0,3221982000.0,86248000.0,92207000.0,,264666000.0,,25372000.0,,,659902000.0,1461419000.0,8031000.0,2543351000.0,3221982000.0,63145000.0,,,,,,,,,,194906000.0,,,,,,122176000.0,,-1060000.0,-119757000.0,,4600000.0,-70129000.0,5266000.0,
2014-07-31,1249779000.0,437761000.0,812018000.0,48077000.0,475095000.0,,267111000.0,-739000.0,261659000.0,21087000.0,239070000.0,4.98,4.89,48042000.0,48922000.0,173786000.0,,261964000.0,353384000.0,39445000.0,,,895813000.0,,843413000.0,1390911000.0,176292000.0,42312000.0,3367374000.0,87209000.0,104469000.0,,297687000.0,,26152000.0,,,691097000.0,1548037000.0,-726000.0,2657073000.0,3367374000.0,95647000.0,,,,,,,,,,302767000.0,,,,,,177936000.0,,-754000.0,-175823000.0,,15000000.0,-30085000.0,96393000.0,
2014-10-31,1717776000.0,626206000.0,1091570000.0,66259000.0,683115000.0,,306486000.0,-1987000.0,296534000.0,24705000.0,269856000.0,5.61,5.51,48061000.0,48960000.0,25222000.0,,276280000.0,381474000.0,-13590000.0,,,791617000.0,,937325000.0,2220921000.0,453605000.0,39140000.0,4458340000.0,116353000.0,152373000.0,,442182000.0,,69525000.0,,,1869900000.0,1578823000.0,-106182000.0,2569878000.0,4458340000.0,138201000.0,36515000.0,-16005000.0,5167000.0,7582000.0,,13468000.0,1288000.0,,5819000.0,454823000.0,,,,,,238065000.0,,1109702000.0,-1346408000.0,,19300000.0,842165000.0,-52171000.0,15918000.0
2015-01-31,445171000.0,168820000.0,276351000.0,16113000.0,173535000.0,,73108000.0,-1702000.0,67465000.0,5716000.0,61179000.0,1.27,1.25,48202000.0,49082000.0,16428000.0,,275899000.0,390101000.0,36329000.0,,,787109000.0,,928627000.0,2157577000.0,418043000.0,36158000.0,4335744000.0,87336000.0,151859000.0,,382579000.0,,69377000.0,,,1818759000.0,1638555000.0,-219747000.0,2500874000.0,4335744000.0,42884000.0,,,,,,,,,,79841000.0,,,,,,64995000.0,,204000.0,-65199000.0,,,-20247000.0,-8794000.0,
2015-04-30,879847000.0,335780000.0,544067000.0,32932000.0,341118000.0,,144106000.0,-1016000.0,134457000.0,11571000.0,121892000.0,2.52,2.48,48463000.0,49163000.0,17911000.0,,267183000.0,402537000.0,35774000.0,,,799966000.0,,961762000.0,2177551000.0,411232000.0,33595000.0,4392660000.0,100545000.0,139994000.0,,535642000.0,,69156000.0,,,1776923000.0,1699268000.0,-185372000.0,2609666000.0,4392660000.0,87389000.0,,,,,,,,,,190481000.0,,,,,,118365000.0,,752000.0,-119117000.0,,0.0,-74490000.0,-7311000.0,
2015-07-31,1341524000.0,524570000.0,816954000.0,51229000.0,532901000.0,,194418000.0,-2037000.0,179058000.0,10929000.0,166844000.0,3.45,3.39,48600000.0,49244000.0,17005000.0,,280160000.0,405966000.0,38993000.0,,,814692000.0,,974876000.0,2189153000.0,402286000.0,33073000.0,4422682000.0,114479000.0,115836000.0,,529587000.0,,67922000.0,,,1728747000.0,1742761000.0,-168140000.0,2687572000.0,4422682000.0,141298000.0,,,,,,,,,,286449000.0,,,,,,184713000.0,,1178000.0,-185891000.0,,9100000.0,-104172000.0,-8217000.0,
2015-10-31,1797100000.0,726798000.0,1070262000.0,69589000.0,712543000.0,,236700000.0,-3100000.0,215500000.0,10341000.0,203523000.0,4.2,4.14,48452000.0,49200000.0,16426000.0,,282918000.0,419700000.0,15200000.0,,,841818000.0,,967100000.0,2197100000.0,411100000.0,39018000.0,4460610000.0,116912000.0,125954000.0,,569172000.0,,31016000.0,,,1786706000.0,1779440000.0,-191643000.0,2667509000.0,4460610000.0,191403000.0,32879000.0,5600000.0,4528000.0,37357000.0,,22595000.0,10108000.0,,288000.0,390970000.0,,,,,,243023000.0,,44924000.0,-287947000.0,,17300000.0,-106677000.0,-8796000.0,12167000.0
2016-01-31,449641000.0,187677000.0,261964000.0,14761000.0,173604000.0,,57400000.0,-1400000.0,50730000.0,-1011000.0,51400000.0,1.06,1.05,48303000.0,48840000.0,16047000.0,,278891000.0,430900000.0,39717000.0,,,844504000.0,,948174000.0,2157300000.0,406832000.0,38725000.0,4401802000.0,116430000.0,128435000.0,,347969000.0,,35597000.0,,,1795076000.0,1829344000.0,-305433000.0,2599957000.0,4401802000.0,53455000.0,,,,,,,,,,89539000.0,,,,,,45156000.0,,60872000.0,-106028000.0,,584000.0,17759000.0,-379000.0,
2016-04-30,933433000.0,372971000.0,560462000.0,31458000.0,351263000.0,,147226000.0,-1000000.0,133400000.0,8183000.0,125500000.0,2.59,2.57,48428000.0,48900000.0,44464000.0,,298825000.0,433600000.0,41256000.0,,,915115000.0,,964400000.0,2233300000.0,437005000.0,45554000.0,4601300000.0,105759000.0,127229000.0,,322217000.0,,37568000.0,,,1856472000.0,1903469000.0,-253200000.0,2738076000.0,4601253000.0,101434000.0,,,,,,,,,,187387000.0,,,,,,86332000.0,,145422000.0,-231754000.0,,5005000.0,72458000.0,28038000.0,
2016-07-31,1448200000.0,571057000.0,877103000.0,47470000.0,533666000.0,,249900000.0,-2247000.0,226800000.0,12344000.0,213409000.0,4.41,4.36,48600000.0,49048000.0,62613000.0,,307341000.0,430300000.0,42590000.0,,,929639000.0,,922211000.0,2228100000.0,454506000.0,51560000.0,4592700000.0,87688000.0,131972000.0,,320241000.0,,43773000.0,,,1855273000.0,1989906000.0,-380032000.0,2730688000.0,4592675000.0,150930000.0,,,,,,,,,,316273000.0,,,,,,117378000.0,,251275000.0,-368653000.0,,11836000.0,101450000.0,46187000.0,
2016-10-31,1966814000.0,793735000.0,1173079000.0,65411000.0,722798000.0,,324100000.0,-2300000.0,295633000.0,20700000.0,273917000.0,5.65,5.59,48520000.0,49026000.0,100817000.0,,291370000.0,417700000.0,15700000.0,,,934458000.0,,877700000.0,2164748000.0,441100000.0,51847000.0,4475918000.0,107386000.0,125027000.0,,536455000.0,,37532000.0,,,1775883000.0,2050443000.0,-489600000.0,2699867000.0,4475918000.0,198274000.0,29858000.0,-10725000.0,-1645000.0,-12249000.0,,5171000.0,-10465000.0,,5526000.0,509637000.0,,,,,,152640000.0,,266139000.0,-418779000.0,,19801000.0,-1382000.0,84391000.0,29376000.0
2017-01-31,499100000.0,186700000.0,312400000.0,16300000.0,188600000.0,,90700000.0,-3300000.0,80100000.0,4300000.0,75800000.0,1.55,1.53,48800000.0,49400000.0,91100000.0,,290900000.0,421400000.0,0.0,,,883900000.0,,879100000.0,2279800000.0,498500000.0,57600000.0,4656700000.0,100300000.0,134200000.0,,517900000.0,,26800000.0,,,1837300000.0,2138600000.0,-461400000.0,,4656700000.0,47800000.0,,,,,,,,,,108400000.0,,,,,,28700000.0,,173400000.0,-202100000.0,,0.0,83500000.0,-9700000.0,
2017-04-30,1021500000.0,365300000.0,656200000.0,33100000.0,381900000.0,,207800000.0,-3200000.0,189600000.0,8900000.0,180700000.0,3.7,3.65,49000000.0,49500000.0,121300000.0,,311200000.0,437600000.0,0.0,,,958300000.0,,886500000.0,2302700000.0,485000000.0,57600000.0,4749800000.0,100400000.0,139000000.0,,343200000.0,,25600000.0,,,1810000000.0,2243400000.0,-423100000.0,,4749800000.0,94000000.0,,,,,,,,,,240100000.0,,,,,,57300000.0,,173800000.0,-231100000.0,,0.0,10000000.0,20500000.0,
2017-07-31,1577500000.0,565100000.0,1012400000.0,50600000.0,590600000.0,,320600000.0,3200000.0,297400000.0,13100000.0,284300000.0,5.81,5.74,48900000.0,49600000.0,46000000.0,,335900000.0,453900000.0,0.0,,,932100000.0,,894900000.0,2333600000.0,487900000.0,68200000.0,4782800000.0,112200000.0,150100000.0,,371200000.0,,30900000.0,,,1689500000.0,2345600000.0,-384800000.0,,4782800000.0,141200000.0,,,,,,,,,,394600000.0,,,,,,95400000.0,,197000000.0,-292400000.0,,0.0,-160900000.0,-54800000.0,
2017-10-31,2139000000.0,773200000.0,1365800000.0,69200000.0,799100000.0,,429100000.0,-1700000.0,394000000.0,21100000.0,372900000.0,7.63,7.52,48900000.0,49600000.0,88800000.0,,316600000.0,454100000.0,21500000.0,,,953200000.0,,910100000.0,2354800000.0,504700000.0,75600000.0,4858700000.0,142100000.0,146500000.0,,396100000.0,,38800000.0,,,1682900000.0,2434200000.0,-375300000.0,3175700000.0,4858700000.0,188400000.0,37200000.0,-7100000.0,25100000.0,30900000.0,,13800000.0,25000000.0,,9800000.0,593600000.0,,,,,,127200000.0,,254100000.0,-381300000.0,,0.0,-227900000.0,-12000000.0,15600000.0
2018-01-31,590000000.0,219100000.0,370900000.0,18800000.0,225900000.0,,90200000.0,3000000.0,74800000.0,197300000.0,-122500000.0,-2.5,-2.5,48900000.0,48900000.0,91700000.0,,413800000.0,506300000.0,,,,1175500000.0,,952000000.0,2454400000.0,1587800000.0,76400000.0,6268600000.0,107900000.0,204000000.0,,415700000.0,,40800000.0,176400000.0,,3112200000.0,2310300000.0,-273000000.0,,6268600000.0,66600000.0,,,,,,,,,,26200000.0,,,,,,51400000.0,,1193200000.0,-1244600000.0,,,1217400000.0,2900000.0,
2018-04-30,1221300000.0,445900000.0,775400000.0,39700000.0,473800000.0,,164800000.0,-2000000.0,128800000.0,190400000.0,-61600000.0,-1.26,-1.26,49100000.0,49600000.0,164900000.0,,432600000.0,504800000.0,,,,1272400000.0,,966500000.0,2461100000.0,1602000000.0,75700000.0,6414400000.0,153800000.0,187700000.0,,460400000.0,,38000000.0,176400000.0,,3226400000.0,2371200000.0,-316000000.0,,6414400000.0,135600000.0,,,,,,,,,,,,,,,,97900000.0,,1320700000.0,-1418600000.0,,,1296300000.0,76100000.0,
2018-07-31,1881300000.0,679100000.0,1202200000.0,62200000.0,724700000.0,,280400000.0,-2400000.0,219200000.0,180000000.0,100800000.0,2.05,2.03,49100000.0,49700000.0,155600000.0,,375600000.0,479600000.0,,,,1188800000.0,,967400000.0,2421300000.0,1558800000.0,74900000.0,6256900000.0,120800000.0,207100000.0,,461400000.0,,37200000.0,171000000.0,,3030300000.0,2470500000.0,-385600000.0,,6256900000.0,204600000.0,,,,,,,,,,432300000.0,,,,,,150200000.0,,1320800000.0,-1471000000.0,,,1107700000.0,66800000.0,
2018-10-31,2532800000.0,900500000.0,1632300000.0,84800000.0,973300000.0,,403100000.0,11500000.0,331900000.0,192000000.0,139900000.0,2.85,2.81,49100000.0,49700000.0,77700000.0,,374700000.0,468800000.0,27400000.0,,,1090900000.0,,976000000.0,2392100000.0,1521300000.0,74100000.0,6112800000.0,146400000.0,259000000.0,,536500000.0,,31000000.0,141500000.0,,2805000000.0,2576000000.0,-430700000.0,3307600000.0,6112800000.0,275100000.0,43200000.0,2900000.0,59500000.0,5000000.0,,64900000.0,2900000.0,,160500000.0,668900000.0,,,,,,193600000.0,,1323900000.0,-1517500000.0,,0.0,844400000.0,-8600000.0,18800000.0
2019-01-31,628100000.0,209600000.0,418500000.0,21000000.0,250000000.0,,110900000.0,1100000.0,93800000.0,-9400000.0,103200000.0,2.09,2.07,49300000.0,49900000.0,146600000.0,,389700000.0,486200000.0,,,,1193000000.0,,1023800000.0,2449300000.0,1514100000.0,63200000.0,6298600000.0,129600000.0,287600000.0,,938600000.0,,34600000.0,124800000.0,,2873100000.0,2664400000.0,-398000000.0,,6298600000.0,68800000.0,,,,,,,,,,101800000.0,,,,,,79200000.0,,50000000.0,-129200000.0,,,93200000.0,66700000.0,
2019-04-30,1282400000.0,431300000.0,851100000.0,42000000.0,496800000.0,,257800000.0,700000.0,221900000.0,5700000.0,225500000.0,4.57,4.52,49400000.0,50000000.0,104600000.0,,396200000.0,493100000.0,,,,1136600000.0,,1032700000.0,2438500000.0,1474100000.0,61400000.0,6203400000.0,129200000.0,274100000.0,,940900000.0,,33300000.0,124800000.0,,2661200000.0,2786800000.0,-416600000.0,,6203400000.0,139500000.0,,,,,,,,,,316600000.0,,,,,,131900000.0,,50800000.0,-182700000.0,,,-108700000.0,24700000.0,
2019-07-31,1961800000.0,660000000.0,1301800000.0,63400000.0,746600000.0,,400100000.0,,348900000.0,6900000.0,345700000.0,7.0,6.91,49500000.0,50100000.0,112700000.0,,404700000.0,502100000.0,,,,1150800000.0,,1065400000.0,2391400000.0,1438600000.0,63500000.0,6172800000.0,141500000.0,268400000.0,,889400000.0,,,124800000.0,,2557300000.0,2905400000.0,-481800000.0,,6172800000.0,210200000.0,,,,,,,,,,513300000.0,,,,,,207300000.0,,,-266400000.0,,,-212300000.0,33000000.0,
2019-10-31,2653400000.0,896600000.0,1756800000.0,86700000.0,996200000.0,,546700000.0,-1300000.0,477400000.0,10700000.0,466700000.0,9.44,9.33,49400000.0,50000000.0,89000000.0,,435300000.0,506900000.0,49100000.0,,,1163400000.0,,1132100000.0,2428900000.0,1405300000.0,66800000.0,6274500000.0,150100000.0,292100000.0,,1110600000.0,,,124800000.0,,2645900000.0,3026400000.0,-447100000.0,3628400000.0,6274500000.0,280800000.0,35100000.0,-15900000.0,55600000.0,37300000.0,,-39800000.0,3600000.0,,,713200000.0,,,,,,292100000.0,,,-351300000.0,,,-351400000.0,9300000.0,
2020-01-31,646200000.0,219700000.0,426500000.0,22200000.0,258300000.0,,111100000.0,,97400000.0,6900000.0,90500000.0,1.84,1.82,49100000.0,49700000.0,76800000.0,,408000000.0,526500000.0,,,,1149900000.0,,1168500000.0,2445900000.0,1374400000.0,69900000.0,6548500000.0,141700000.0,259800000.0,,1068500000.0,,,176200000.0,,2817600000.0,3115400000.0,-430400000.0,3730700000.0,6548500000.0,70600000.0,,,,,,,,,,129700000.0,,,,,,69000000.0,,,-78400000.0,,,-63200000.0,-12100000.0,
2020-04-30,1171100000.0,421100000.0,750000000.0,46000000.0,495500000.0,,139700000.0,,106400000.0,4400000.0,102000000.0,2.07,2.05,49200000.0,49700000.0,79800000.0,,368800000.0,568200000.0,,,,1166200000.0,,1196100000.0,2400000000.0,1337700000.0,77500000.0,6510000000.0,128700000.0,224300000.0,,1025300000.0,,,158900000.0,,2882500000.0,3126900000.0,-512800000.0,3627300000.0,6510000000.0,139400000.0,,,,,,,,,,155500000.0,,,,,,158300000.0,,,-169500000.0,,,8400000.0,-8700000.0,
2020-07-31,1749300000.0,638500000.0,1110800000.0,67800000.0,728300000.0,,211700000.0,,172800000.0,15600000.0,157200000.0,3.2,3.17,49100000.0,49600000.0,127400000.0,,450500000.0,594900000.0,,,,1321300000.0,,1237700000.0,2445000000.0,1311400000.0,94000000.0,6748400000.0,180200000.0,255200000.0,,1128700000.0,,,162100000.0,,2988000000.0,3180600000.0,-444700000.0,3760200000.0,6748400000.0,210000000.0,,,,,,,,,,268300000.0,,,,,,203400000.0,,,-221300000.0,,,-10200000.0,38800000.0,
2020-10-31,2430900000.0,896100000.0,1534800000.0,93300000.0,992500000.0,,311800000.0,-8500000.0,266500000.0,28100000.0,238400000.0,4.85,4.81,49100000.0,49600000.0,115900000.0,,435400000.0,570400000.0,54300000.0,,,1274200000.0,,1281900000.0,2447300000.0,1289000000.0,104800000.0,6737500000.0,176000000.0,266800000.0,,1004400000.0,,,162000000.0,,2912700000.0,3261800000.0,-472000000.0,3824600000.0,6737500000.0,,37600000.0,-900000.0,-8500000.0,62300000.0,,41100000.0,23200000.0,,,486600000.0,,,,,,310400000.0,,,-364500000.0,,,-95500000.0,27300000.0,
2021-01-31,680500000.0,229800000.0,450700000.0,21400000.0,261200000.0,,133400000.0,,139500000.0,-1961600000.0,2101100000.0,42.77,42.31,49100000.0,49700000.0,119100000.0,,461200000.0,570500000.0,,,,1297400000.0,,1305100000.0,2553300000.0,1358600000.0,106000000.0,8921900000.0,137400000.0,278500000.0,,961300000.0,,,164900000.0,,2932000000.0,5360000000.0,-381300000.0,5989700000.0,8921900000.0,75500000.0,,-1981300000.0,,,,,,,,147700000.0,,,,,,55900000.0,,,-135700000.0,,,-13600000.0,2900000.0,
2021-04-30,1400000000.0,462200000.0,937800000.0,42400000.0,547000000.0,,276600000.0,,275900000.0,-1942700000.0,2218600000.0,45.12,44.65,49200000.0,49700000.0,105900000.0,,490100000.0,582000000.0,,,,1322600000.0,,1310000000.0,2567700000.0,1412400000.0,118800000.0,9013800000.0,141600000.0,277300000.0,,992700000.0,,,149500000.0,,2851000000.0,5477500000.0,-347200000.0,6162600000.0,9013800000.0,153000000.0,,-1977600000.0,,,,,,,,340300000.0,,,,,,105800000.0,,,-276700000.0,,,-79000000.0,-10400000.0,
2021-07-31,2163400000.0,709500000.0,1453900000.0,67000000.0,899600000.0,,377300000.0,,369900000.0,-2464500000.0,2834400000.0,57.61,57.01,49300000.0,49800000.0,112200000.0,,535100000.0,587900000.0,,,,1474600000.0,,1314300000.0,2585200000.0,1308100000.0,117200000.0,9610600000.0,153000000.0,283200000.0,,1063200000.0,,,139600000.0,,2825200000.0,6091800000.0,-359800000.0,6785200000.0,9610600000.0,231900000.0,,-2489500000.0,,,,,,,,564100000.0,,,,,,149400000.0,,,-384300000.0,,,-187600000.0,-3800000.0,
2021-10-31,2922500000.0,966700000.0,1955800000.0,92700000.0,1211200000.0,,505800000.0,8800000.0,491500000.0,-2453200000.0,2944700000.0,59.8,59.16,49200000.0,49800000.0,95900000.0,,515300000.0,585600000.0,2522500000.0,,,1465300000.0,,1347600000.0,2574000000.0,1271500000.0,144200000.0,9606200000.0,161400000.0,301700000.0,,732100000.0,,,139600000.0,,2664200000.0,6202100000.0,-341300000.0,6941800000.0,9606200000.0,,43800000.0,-2502200000.0,75500000.0,9200000.0,,69100000.0,-16000000.0,,,738600000.0,,,,,,214400000.0,,,-450300000.0,,,-311400000.0,-20200000.0,
2022-01-31,787200000.0,268800000.0,518400000.0,26200000.0,319100000.0,,130800000.0,,121900000.0,26600000.0,95300000.0,1.93,1.91,49400000.0,49900000.0,280700000.0,,525900000.0,588100000.0,,,,1698100000.0,,1361500000.0,3835700000.0,1842000000.0,169000000.0,11662500000.0,149000000.0,425500000.0,,1664400000.0,,,138000000.0,,4736400000.0,6295900000.0,-377200000.0,6925900000.0,11662500000.0,82000000.0,,14700000.0,,,,,,,,166000000.0,,,,,,57100000.0,,,-1669300000.0,,,1693600000.0,186600000.0,
2022-04-30,1616900000.0,566000000.0,1050900000.0,52400000.0,641500000.0,,263600000.0,,285600000.0,63800000.0,221800000.0,4.49,4.45,49400000.0,49800000.0,399200000.0,,532000000.0,603800000.0,,,,1738200000.0,,1365600000.0,3719400000.0,1907400000.0,317400000.0,11778000000.0,184100000.0,402400000.0,,1648400000.0,,,126100000.0,,4764200000.0,6422500000.0,-434500000.0,7013600000.0,11778000000.0,175400000.0,,35600000.0,,,,,,,,297800000.0,,,,,,100500000.0,,,-1685000000.0,,,1696500000.0,303000000.0,
2022-07-31,2460300000.0,857300000.0,1603000000.0,81200000.0,984200000.0,,404100000.0,,402900000.0,82700000.0,320200000.0,6.49,6.44,49300000.0,49700000.0,246300000.0,,543600000.0,621600000.0,,,,1597700000.0,,1361300000.0,3665800000.0,1917300000.0,306000000.0,11552100000.0,227200000.0,437200000.0,,1375700000.0,,,116800000.0,,4469000000.0,6519400000.0,-477300000.0,7082900000.0,11552100000.0,257100000.0,,55000000.0,,,,,,,,561700000.0,,,,,,147100000.0,,,-1731500000.0,,,1327800000.0,150000000.0,
2022-10-31,3308400000.0,1168800000.0,2139600000.0,110300000.0,1342200000.0,,507600000.0,25000000.0,475300000.0,89500000.0,385800000.0,7.83,7.76,49300000.0,49700000.0,138200000.0,,557800000.0,628700000.0,2293200000.0,,,1533600000.0,,1413700000.0,3609700000.0,1885100000.0,587900000.0,11492300000.0,248800000.0,373100000.0,93600000.0,1280200000.0,,,113200000.0,,4317600000.0,6584900000.0,-466800000.0,7174500000.0,11492300000.0,,54200000.0,53900000.0,33800000.0,40400000.0,,16900000.0,49900000.0,,,692400000.0,,,,,,242000000.0,,,-1831200000.0,,,1193700000.0,42000000.0,
2023-01-31,858500000.0,300000000.0,558500000.0,31600000.0,330900000.0,,149500000.0,,122100000.0,37500000.0,84600000.0,1.71,1.7,49400000.0,49700000.0,118200000.0,,581800000.0,659100000.0,,,,1577500000.0,,1464000000.0,3672300000.0,1863400000.0,568800000.0,11561100000.0,224100000.0,350000000.0,106400000.0,915800000.0,,,112400000.0,,4225400000.0,6668000000.0,-403800000.0,7335500000.0,11561100000.0,89700000.0,,,,,,,,,,166600000.0,,,,,,83000000.0,,,-113300000.0,,,-77600000.0,-20100000.0,
2023-04-30,1735900000.0,594500000.0,1141400000.0,64200000.0,738400000.0,,245800000.0,,187700000.0,63300000.0,124400000.0,2.52,2.5,49500000.0,49800000.0,111900000.0,,564700000.0,699000000.0,,,,1599300000.0,,1489800000.0,3660000000.0,1815000000.0,584800000.0,11539500000.0,242400000.0,381400000.0,119700000.0,949100000.0,,,90700000.0,,4161500000.0,6707800000.0,-423800000.0,7377800000.0,11539500000.0,180500000.0,,,,,,,,,,290800000.0,,,,,,156600000.0,,,-195300000.0,,,-124400000.0,-26500000.0,
2023-07-31,2666100000.0,914700000.0,1751400000.0,100700000.0,1113600000.0,,397400000.0,,306500000.0,96800000.0,209700000.0,4.24,4.21,49500000.0,49900000.0,117300000.0,,629900000.0,723600000.0,,,,1711000000.0,,1535000000.0,3683100000.0,1770600000.0,628200000.0,11697300000.0,226700000.0,409900000.0,122800000.0,993600000.0,,,90500000.0,,4168800000.0,6791600000.0,-374800000.0,7528300000.0,11697300000.0,275000000.0,,,,,,,,,,433300000.0,,,,,,247500000.0,,,-288200000.0,,,-167400000.0,-21100000.0,
2023-10-31,3593200000.0,1235300000.0,2357900000.0,137400000.0,1501200000.0,,533100000.0,-14900000.0,412900000.0,118700000.0,294200000.0,5.94,5.91,49500000.0,49800000.0,120800000.0,,609700000.0,735600000.0,2248100000.0,,,1704900000.0,,1628800000.0,3624500000.0,1710300000.0,637100000.0,11658900000.0,261900000.0,363300000.0,123600000.0,969000000.0,,,90200000.0,239200000.0,4107900000.0,6876100000.0,-453800000.0,7550800000.0,11658900000.0,367700000.0,62100000.0,44700000.0,60200000.0,105400000.0,,89400000.0,5500000.0,,,607500000.0,,,,,,392500000.0,,,-449000000.0,,,-173900000.0,-17700000.0,
2024-01-31,931600000.0,307800000.0,623800000.0,39500000.0,380900000.0,,153100000.0,,120000000.0,38800000.0,81200000.0,0.41,0.41,198400000.0,199900000.0,135200000.0,,651000000.0,747500000.0,,,,1793900000.0,,1682200000.0,3773200000.0,1848100000.0,616900000.0,12032600000.0,202300000.0,415400000.0,122400000.0,964900000.0,,,88100000.0,281400000.0,4337300000.0,6957300000.0,-422000000.0,7695100000.0,12032600000.0,96800000.0,,,,,,,,,,122700000.0,,,,,,118100000.0,,,-324100000.0,,,212300000.0,14400000.0,
2024-04-30,1874200000.0,619200000.0,1255000000.0,78400000.0,761200000.0,,314800000.0,,250000000.0,79900000.0,170100000.0,0.86,0.85,198900000.0,200500000.0,112400000.0,,688700000.0,775400000.0,,,,1859000000.0,,1709300000.0,3761300000.0,1796900000.0,637200000.0,12047400000.0,230700000.0,413700000.0,121700000.0,952500000.0,,,59000000.0,277900000.0,4243500000.0,7046200000.0,-422600000.0,7803700000.0,12047400000.0,195100000.0,,,,,,,,,,233700000.0,,,,,,192200000.0,,,-398900000.0,,,155200000.0,-8300000.0,
2024-07-31,2877000000.0,959000000.0,1918000000.0,117400000.0,1142300000.0,,507300000.0,,413700000.0,138900000.0,274800000.0,1.38,1.37,199100000.0,200600000.0,109700000.0,,739000000.0,779300000.0,,,,1926700000.0,,1747600000.0,3777200000.0,1786800000.0,621400000.0,12108000000.0,222000000.0,423800000.0,126400000.0,969500000.0,,,59000000.0,277000000.0,4182800000.0,7150900000.0,-425100000.0,7925000000.0,12108000000.0,284100000.0,,,,,,,,,,441200000.0,,,,,,281200000.0,,,-523000000.0,,,67600000.0,-11100000.0,
2024-10-31,3895400000.0,1299700000.0,2595700000.0,155100000.0,1533700000.0,,705700000.0,-9100000.0,582300000.0,190000000.0,392300000.0,1.97,1.96,198900000.0,200400000.0,107600000.0,,717000000.0,802700000.0,2114300000.0,,,1951500000.0,,1860500000.0,3838400000.0,1791000000.0,660600000.0,12315200000.0,260500000.0,424300000.0,129900000.0,1022800000.0,,,57500000.0,311600000.0,4231600000.0,7268400000.0,-421700000.0,8083400000.0,12315200000.0,375100000.0,75100000.0,118900000.0,117100000.0,59300000.0,,132500000.0,9300000.0,,,709300000.0,,,,,,421200000.0,,,-764600000.0,,,39200000.0,-13200000.0,
,,,,,,,,,,,,,,,,,,,,,,,,,,,,,,,,,,,,,,,,,,,,,,,,,,,,,,,,,,,,,,,,,,,
,,,,,,,,,,,,,,,,,,,,,,,,,,,,,,,,,,,,,,,,,,,,,,,,,,,,,,,,,,,,,,,,,,,
