Date,Net sales,Cost of sales,Gross margin,Research and development,"Selling, general and administrative",Total operating expenses,Operating income,"Other income/(expense), net",Income before provision for income taxes,Provision for income taxes,Net income,Earnings per share basic,Earnings per share diluted,Weighted-average basic,Weighted-average diluted,Cash and cash equivalents,Short-term marketable securities,"Accounts receivable, net",Inventories,Deferred tax assets,Vendor non-trade receivables,Other current assets,Total current assets,Long-term marketable securities,"Property, Plant and Equipment, Net",Goodwill,"Acquired intangible assets, net","Other Assets, Noncurrent",Total assets,accounts payable,Accrued expenses,Deferred revenue,Total current liabilities,Deferred revenue - non-current,deferred tax liabilities,long term taxes payable,Total other non-current liabilities,Total liabilities,Retained Earnings (Accumulated Deficit),Accumulated other comprehensive (loss)/income,Total shareholders equity,Total liabilities and shareholders' equity,"Depreciation, amortization and accretion",Stock-based compensation expense,Deferred income tax expense,"Increase (Decrease) in Accounts receivable, net",Increase (Decrease) in Inventories,Increase (Decrease) in Other Receivables,Increase (Decrease) in Other Operating Assets,Increase (Decrease) in Accounts Payable,Increase (Decrease) in Deferred Revenue,Increase (Decrease) Other liabilities,Cash generated by operating activities,Purchases of marketable securities,Proceeds from maturities of marketable securities,Proceeds from sales of marketable securities,Purchases of other long-term investments,"Business acquisitions, net of cash acquired",Cash payments for capital asset purchases,Payments for acquisition of intangible assets,Payments for (Proceeds from) Other Investing Activities,Cash used in investing activities,Proceeds from issuance of common stock,Excess tax benefits from stock-based compensation,Cash generated/used in financing activities,Increase/(decrease) in cash and cash equivalents,"Cash paid for income taxes, net"
2009-12-31,149341000000.0,,,,1830000000.0,,,,,5096000000.0,4858000000.0,3.26,3.24,1487650000.0,1497608000.0,542000000.0,,,4940000000.0,,,,21167000000.0,,87708000000.0,3638000000.0,823000000.0,708000000.0,152588000000.0,,2234000000.0,,23695000000.0,,17962000000.0,,3097000000.0,89531000000.0,32658000000.0,3065000000.0,62467000000.0,152588000000.0,9295000000.0,,-1109000000.0,-1106000000.0,320000000.0,,,1612000000.0,,,12479000000.0,,,,,,,,-88000000.0,-9935000000.0,13000000.0,,-2855000000.0,-213000000.0,
2010-03-31,44821000000.0,,,,444000000.0,,,,,1878000000.0,2098000000.0,1.41,1.4,1492861000.0,1503565000.0,855000000.0,,,7300000000.0,,,,23593000000.0,,86623000000.0,3635000000.0,815000000.0,820000000.0,154810000000.0,,3260000000.0,,26605000000.0,,17891000000.0,,3034000000.0,91393000000.0,32749000000.0,3275000000.0,62837000000.0,154810000000.0,2318000000.0,,-35000000.0,677000000.0,-2439000000.0,,,396000000.0,,,3040000000.0,,,,,,,,-3000000.0,-2157000000.0,9000000.0,,-574000000.0,313000000.0,
2010-06-30,90507000000.0,,,,882000000.0,,,,,3889000000.0,6262000000.0,4.2,4.17,1491329000.0,1502529000.0,4120000000.0,,,7119000000.0,,,,26666000000.0,,81269000000.0,3638000000.0,808000000.0,724000000.0,151456000000.0,15376000000.0,2035000000.0,,25668000000.0,,17012000000.0,,2743000000.0,85511000000.0,36917000000.0,1881000000.0,65371000000.0,151456000000.0,4598000000.0,,-543000000.0,-671000000.0,2401000000.0,,,-106000000.0,,,6515000000.0,,,,,,,,-9000000.0,1683000000.0,35000000.0,,-4640000000.0,3578000000.0,3925000000.0
2010-09-30,137715000000.0,,,,1375000000.0,,,,,6094000000.0,9317000000.0,6.26,6.21,1488024000.0,1499367000.0,7996000000.0,,,7741000000.0,,,,35317000000.0,,81460000000.0,3637000000.0,806000000.0,756000000.0,155333000000.0,16064000000.0,3027000000.0,,25421000000.0,,17286000000.0,,2742000000.0,85416000000.0,39156000000.0,4405000000.0,69361000000.0,155333000000.0,6844000000.0,,-935000000.0,-323000000.0,2898000000.0,,,401000000.0,,,10854000000.0,,,,,,,,-114000000.0,5784000000.0,59000000.0,,-9327000000.0,7454000000.0,6022000000.0
2010-12-31,189441000000.0,,,230000000.0,2005000000.0,,,,,8333000000.0,11358000000.0,7.68,7.62,1479330000.0,1491067000.0,9454000000.0,602000000.0,,5197000000.0,-16634000000.0,,,34660000000.0,,82554000000.0,3633000000.0,801000000.0,905000000.0,156314000000.0,18399000000.0,2129000000.0,,27419000000.0,,17335000000.0,,2599000000.0,87205000000.0,40397000000.0,4773000000.0,68562000000.0,156314000000.0,9060000000.0,,-878000000.0,2427000000.0,363000000.0,,,2887000000.0,,,17045000000.0,,,,,,,,-234000000.0,4665000000.0,133000000.0,,-12819000000.0,8912000000.0,8474000000.0
2011-03-31,56530000000.0,,,,499000000.0,,,,,2754000000.0,3028000000.0,2.11,2.09,1432285000.0,1445477000.0,6172000000.0,1997000000.0,,7944000000.0,,,,35613000000.0,,83765000000.0,3630000000.0,797000000.0,909000000.0,159643000000.0,20203000000.0,2333000000.0,,29218000000.0,,17530000000.0,,2590000000.0,89122000000.0,42480000000.0,5547000000.0,69972000000.0,159643000000.0,2070000000.0,,87000000.0,681000000.0,2669000000.0,,,1753000000.0,,,1947000000.0,,,,,,,,-12000000.0,-2211000000.0,75000000.0,,-3061000000.0,-3282000000.0,2722000000.0
2011-06-30,122157000000.0,,,,1013000000.0,,,,,5527000000.0,6430000000.0,4.54,4.5,1415788000.0,1428760000.0,5505000000.0,1601000000.0,,6986000000.0,,,,34678000000.0,,84268000000.0,3606000000.0,792000000.0,968000000.0,160068000000.0,21018000000.0,2112000000.0,,29344000000.0,,18062000000.0,,2617000000.0,89490000000.0,44964000000.0,6125000000.0,70059000000.0,160068000000.0,4145000000.0,,516000000.0,980000000.0,1681000000.0,,,2556000000.0,,,8221000000.0,,,,,,,,81000000.0,-4894000000.0,99000000.0,,-7296000000.0,-3949000000.0,5452000000.0
2011-09-30,184941000000.0,,,,1479000000.0,,,,,8076000000.0,9046000000.0,6.48,6.42,1396216000.0,1408846000.0,3437000000.0,1442000000.0,,7164000000.0,,,,32391000000.0,,83090000000.0,3606000000.0,764000000.0,992000000.0,154689000000.0,20835000000.0,2018000000.0,,28936000000.0,,17979000000.0,,2781000000.0,88363000000.0,46681000000.0,3203000000.0,65806000000.0,154689000000.0,6015000000.0,,809000000.0,1006000000.0,1979000000.0,,,2759000000.0,,,13834000000.0,,,,,,,,-96000000.0,-8139000000.0,109000000.0,,-11618000000.0,-6017000000.0,7703000000.0
2011-12-31,244813000000.0,,,267000000.0,2078000000.0,,,,,10499000000.0,12436000000.0,9.04,8.97,1375035000.0,1387100000.0,5780000000.0,232000000.0,,4631000000.0,-17093000000.0,,,30218000000.0,,84180000000.0,3332000000.0,745000000.0,972000000.0,153230000000.0,19653000000.0,2071000000.0,,28068000000.0,,18055000000.0,,2784000000.0,87496000000.0,49194000000.0,3086000000.0,65224000000.0,153230000000.0,7934000000.0,,1287000000.0,1169000000.0,-556000000.0,,,1290000000.0,,,19646000000.0,,,,,,,,-392000000.0,-7015000000.0,96000000.0,,-16305000000.0,-3674000000.0,10561000000.0
2012-03-31,56132000000.0,,,,685000000.0,,,,,2520000000.0,2937000000.0,2.29,2.27,1283493000.0,1293104000.0,3707000000.0,407000000.0,,6072000000.0,,,,37066000000.0,,85559000000.0,3330000000.0,742000000.0,995000000.0,162881000000.0,21550000000.0,2427000000.0,,36430000000.0,,18709000000.0,,,95838000000.0,51286000000.0,3972000000.0,66534000000.0,162881000000.0,1838000000.0,,258000000.0,913000000.0,1402000000.0,,,1859000000.0,,,4182000000.0,,,,,,,,-7000000.0,-3010000000.0,36000000.0,,-3270000000.0,-2073000000.0,1462000000.0
2012-09-30,46725000000.0,,,,892000000.0,34413000000.0,,,,6505000000.0,7002000000.0,5.6,5.55,1250641.0,1260212.0,1268000000.0,0.0,,1176000000.0,,,,15781000000.0,,73612000000.0,0.0,10000000.0,902000000.0,115369000000.0,9982000000.0,1551000000.0,,17383000000.0,,14155000000.0,,,67492000000.0,34764000000.0,4339000000.0,47406000000.0,115369000000.0,4948000000.0,,878000000.0,1804000000.0,-3000000.0,,,894000000.0,,,10052000000.0,,,,,,,,-177000000.0,-8698000000.0,83000000.0,,-5883000000.0,-4512000000.0,6394000000.0
2012-12-31,62004000000.0,,,221000000.0,1106000000.0,46581000000.0,,,,7942000000.0,8428000000.0,6.77,6.72,1243799.0,1253093.0,3618000000.0,,,965000000.0,-13460000000.0,,,23989000000.0,,67263000000.0,,4000000.0,882000000.0,117144000000.0,10013000000.0,2367000000.0,,17443000000.0,,13185000000.0,,,68717000000.0,35338000000.0,4087000000.0,47987000000.0,117144000000.0,6580000000.0,,1397000000.0,1866000000.0,-210000000.0,,,1103000000.0,,,13922000000.0,,,,,,,,-821000000.0,-11627000000.0,138000000.0,,-4481000000.0,-2162000000.0,8568000000.0
2013-03-31,14651000000.0,,,,165000000.0,10864000000.0,,,3787000000.0,1763000000.0,2139000000.0,1.74,1.73,1229232.0,1235907.0,5422000000.0,,,1133000000.0,,,,24235000000.0,,67890000000.0,,,885000000.0,117780000000.0,10421000000.0,2453000000.0,,18315000000.0,,13607000000.0,,,68540000000.0,36662000000.0,3478000000.0,48803000000.0,117780000000.0,1807000000.0,,241000000.0,-249000000.0,177000000.0,,,528000000.0,,,4730000000.0,,,,,,,,21000000.0,-2433000000.0,-10000000.0,,-330000000.0,1804000000.0,1199000000.0
2013-06-30,28793000000.0,,,,358000000.0,21310000000.0,,,7483000000.0,3393000000.0,4189000000.0,3.4,3.38,1229773.0,1237432.0,3909000000.0,,,1134000000.0,,,,22602000000.0,,69438000000.0,,,891000000.0,116947000000.0,10437000000.0,2375000000.0,,16715000000.0,,13986000000.0,,,68015000000.0,37899000000.0,1840000000.0,48508000000.0,116947000000.0,3639000000.0,,684000000.0,-659000000.0,179000000.0,,,394000000.0,,,8471000000.0,,,,,,,,46000000.0,-5848000000.0,-5000000.0,,-2175000000.0,291000000.0,2861000000.0
2013-09-30,44263000000.0,,,,607000000.0,32375000000.0,,,11888000000.0,5359000000.0,6669000000.0,5.41,5.38,1231054.0,1240365.0,3883000000.0,,,1268000000.0,,,,22557000000.0,,71129000000.0,,,908000000.0,119760000000.0,10333000000.0,1841000000.0,,16335000000.0,,14745000000.0,,,68223000000.0,39526000000.0,2712000000.0,51113000000.0,119760000000.0,5541000000.0,,1142000000.0,-822000000.0,301000000.0,,,324000000.0,,,12176000000.0,,,,,,,,51000000.0,-8566000000.0,12000000.0,,-3260000000.0,265000000.0,4050000000.0
2013-12-31,58248000000.0,,,258000000.0,854000000.0,43802000000.0,,,,6409000000.0,9156000000.0,7.43,7.38,1230963.0,1239803.0,6246000000.0,135000000.0,,1194000000.0,-15112000000.0,,,19023000000.0,,72827000000.0,,,943000000.0,118057000000.0,9314000000.0,1671000000.0,,15129000000.0,,15220000000.0,,,65565000000.0,41160000000.0,2002000000.0,52090000000.0,118057000000.0,7434000000.0,,1311000000.0,-744000000.0,278000000.0,,,183000000.0,,,16087000000.0,,,,,,,,212000000.0,-6251000000.0,20000000.0,,-7133000000.0,2628000000.0,4910000000.0
2014-03-31,16048000000.0,,,,182000000.0,12350000000.0,,,3698000000.0,1581000000.0,2123000000.0,1.72,1.71,1234968.0,1242667.0,7520000000.0,43000000.0,,1221000000.0,,,,20400000000.0,,74025000000.0,,,1050000000.0,120025000000.0,9604000000.0,1821000000.0,,17117000000.0,,15539000000.0,,,66404000000.0,42428000000.0,1802000000.0,53222000000.0,120025000000.0,1892000000.0,,230000000.0,290000000.0,27000000.0,,,353000000.0,,,6336000000.0,,,,,,,,-46000000.0,-3698000000.0,-32000000.0,,-1354000000.0,1274000000.0,667000000.0
2014-06-30,30749000000.0,,,,400000000.0,23591000000.0,,,7158000000.0,2976000000.0,4204000000.0,3.4,3.38,1236057.0,1245211.0,6142000000.0,77000000.0,,1291000000.0,,,,18836000000.0,,75424000000.0,,,1173000000.0,121648000000.0,9254000000.0,1905000000.0,,16191000000.0,,16007000000.0,,,65962000000.0,43653000000.0,2498000000.0,55315000000.0,121648000000.0,3962000000.0,,633000000.0,-80000000.0,103000000.0,,,71000000.0,,,9958000000.0,,,,,,,,-96000000.0,-7963000000.0,46000000.0,,-2143000000.0,-104000000.0,2321000000.0
2014-09-30,43666000000.0,,,,603000000.0,33955000000.0,,,9711000000.0,3880000000.0,6908000000.0,5.58,5.54,1238234.0,1247436.0,5408000000.0,0.0,,1330000000.0,,,,16253000000.0,,75790000000.0,,,1126000000.0,118986000000.0,8692000000.0,1393000000.0,,14141000000.0,,16084000000.0,,,63325000000.0,45451000000.0,585000000.0,55274000000.0,118986000000.0,6058000000.0,,1024000000.0,-634000000.0,162000000.0,,,-187000000.0,,,14138000000.0,,,,,,,,454000000.0,-11774000000.0,27000000.0,,-3116000000.0,-838000000.0,3359000000.0
2014-12-31,55517000000.0,,,263000000.0,735000000.0,46127000000.0,,,,3583000000.0,6869000000.0,5.54,5.51,1237325.0,1245863.0,5062000000.0,0.0,,1331000000.0,-13843000000.0,,,15068000000.0,,75444000000.0,,,888000000.0,116539000000.0,7982000000.0,1400000000.0,,11537000000.0,,15070000000.0,,,64266000000.0,44504000000.0,-1902000000.0,51911000000.0,116539000000.0,8329000000.0,,709000000.0,-1227000000.0,193000000.0,,,-783000000.0,,,16735000000.0,,,,,,17085000000.0,,446000000.0,-15131000000.0,35000000.0,,-2574000000.0,-1184000000.0,4203000000.0
2015-03-31,8002000000.0,,,,159000000.0,8358000000.0,,,-356000000.0,-642000000.0,272000000.0,0.22,0.22,1240791.0,1245531.0,2664000000.0,,,1233000000.0,,,,10840000000.0,,74220000000.0,,,1008000000.0,110042000000.0,6706000000.0,1204000000.0,,9563000000.0,,14042000000.0,,,61034000000.0,43867000000.0,-4589000000.0,48652000000.0,110042000000.0,2131000000.0,,-637000000.0,-1368000000.0,-77000000.0,,,-1302000000.0,,,1870000000.0,,,,,,3332000000.0,,9000000.0,-3116000000.0,-34000000.0,,-1019000000.0,-2398000000.0,-253000000.0
2015-06-30,16662000000.0,,,,377000000.0,17109000000.0,,,-447000000.0,-569000000.0,-179000000.0,-0.15,-0.15,1241026.0,1246130.0,3813000000.0,,,1277000000.0,,,,11944000000.0,,74387000000.0,,,1020000000.0,112003000000.0,5833000000.0,1227000000.0,,8734000000.0,,14373000000.0,,,63034000000.0,42779000000.0,-3641000000.0,48620000000.0,112003000000.0,4460000000.0,,-602000000.0,-1419000000.0,-42000000.0,,,-1358000000.0,,,4042000000.0,,,,,,5739000000.0,,-291000000.0,-5780000000.0,-46000000.0,,536000000.0,-1249000000.0,172000000.0
2015-09-30,24169000000.0,,,,670000000.0,26357000000.0,,,-2188000000.0,-1254000000.0,-1071000000.0,-0.87,-0.87,1242125.0,1242125.0,2413000000.0,,,1143000000.0,,,,9664000000.0,,71828000000.0,,,955000000.0,105949000000.0,5173000000.0,1381000000.0,,8287000000.0,,13317000000.0,,,61394000000.0,40786000000.0,-6125000000.0,44210000000.0,105949000000.0,6731000000.0,,-1284000000.0,-1913000000.0,-159000000.0,,,-1618000000.0,,,5976000000.0,,,,,,7913000000.0,,-298000000.0,-8029000000.0,-69000000.0,,-454000000.0,-2649000000.0,376000000.0
2015-12-31,30935000000.0,,,222000000.0,953000000.0,38174000000.0,,,,-2868000000.0,-4428000000.0,-3.58,-3.58,1241919.0,1241919.0,2368000000.0,,,1124000000.0,-10713000000.0,,,8789000000.0,,66446000000.0,,,1063000000.0,97484000000.0,4895000000.0,1510000000.0,,9256000000.0,,10999000000.0,,,57402000000.0,36414000000.0,-6247000000.0,39762000000.0,97484000000.0,9113000000.0,,-2772000000.0,-1810000000.0,-166000000.0,,,-1647000000.0,,,7572000000.0,,,,,,10050000000.0,,-306000000.0,-8655000000.0,-82000000.0,,-1429000000.0,-2694000000.0,523000000.0
2016-03-31,5015000000.0,,,,186000000.0,7239000000.0,,,-2224000000.0,-768000000.0,-1469000000.0,-1.18,-1.18,1244557.0,1244557.0,4866000000.0,,,1072000000.0,,,,10934000000.0,,66000000000.0,,,1094000000.0,99834000000.0,4088000000.0,1379000000.0,,8825000000.0,,10332000000.0,,,60427000000.0,34632000000.0,-5146000000.0,39089000000.0,99834000000.0,2247000000.0,,-827000000.0,-549000000.0,-61000000.0,,,-454000000.0,,,421000000.0,,,,,,1821000000.0,,-4000000.0,-2065000000.0,-42000000.0,,4137000000.0,2498000000.0,133000000.0
2016-06-30,10590000000.0,,,,353000000.0,14458000000.0,,,-3868000000.0,-1354000000.0,-2540000000.0,-2.04,-2.04,1244892.0,1244892.0,2863000000.0,,,1150000000.0,,,,9259000000.0,,63685000000.0,,,1086000000.0,96054000000.0,3746000000.0,1107000000.0,,7348000000.0,,9655000000.0,,,58223000000.0,33248000000.0,-5371000000.0,37544000000.0,96054000000.0,4576000000.0,,-1457000000.0,-1097000000.0,23000000.0,,,-454000000.0,,,1680000000.0,,,,,,2954000000.0,,-6000000.0,-4187000000.0,-45000000.0,,3017000000.0,495000000.0,-366000000.0
2016-09-30,17106000000.0,,,,556000000.0,22628000000.0,,,-5522000000.0,-1982000000.0,-3580000000.0,-2.88,-2.88,1245961.0,1245961.0,4090000000.0,,,1108000000.0,,,,9641000000.0,,61649000000.0,,,1130000000.0,94284000000.0,3686000000.0,1299000000.0,,7537000000.0,,9034000000.0,,,57828000000.0,31896000000.0,-5444000000.0,36170000000.0,94284000000.0,7001000000.0,,-2152000000.0,-1112000000.0,-22000000.0,,,-515000000.0,,,2960000000.0,,,,,,3870000000.0,,-61000000.0,-3912000000.0,-52000000.0,,2670000000.0,1722000000.0,-339000000.0
2016-12-31,24360000000.0,,,116000000.0,723000000.0,29890000000.0,,,,-1971000000.0,-3615000000.0,-2.91,-2.91,1245440.0,1245440.0,3610000000.0,,,1018000000.0,8208000000.0,,,8609000000.0,,58331000000.0,,,1160000000.0,89772000000.0,3631000000.0,994000000.0,,6909000000.0,,8949000000.0,,,54546000000.0,31548000000.0,-6193000000.0,34974000000.0,89772000000.0,9062000000.0,,-2221000000.0,-820000000.0,-44000000.0,,,-524000000.0,,,4403000000.0,,,,,,4869000000.0,,2000000.0,-3859000000.0,-63000000.0,,764000000.0,1242000000.0,-318000000.0
2017-03-31,7771000000.0,,,,157000000.0,8003000000.0,,,-232000000.0,-831000000.0,586000000.0,0.47,0.47,1243280.0,1248722.0,3109000000.0,,,1097000000.0,,,,10728000000.0,,54440000000.0,,,1130000000.0,87973000000.0,3494000000.0,1679000000.0,,7526000000.0,,7568000000.0,,,52372000000.0,31804000000.0,-5961000000.0,35353000000.0,87973000000.0,1979000000.0,,-1314000000.0,-78000000.0,76000000.0,,,-129000000.0,,,1790000000.0,,,,,,966000000.0,,-129000000.0,-974000000.0,-46000000.0,,-1344000000.0,-501000000.0,150000000.0
2017-06-30,16653000000.0,,,,291000000.0,21246000000.0,,,-4593000000.0,-1766000000.0,-3440000000.0,-2.78,-2.78,1236831000.0,1236831000.0,7534000000.0,,,1019000000.0,,,,19879000000.0,,46846000000.0,,,1076000000.0,78004000000.0,3401000000.0,1394000000.0,,9926000000.0,,6335000000.0,,,47505000000.0,28033000000.0,-6342000000.0,30286000000.0,78004000000.0,3604000000.0,,-2548000000.0,-313000000.0,3000000.0,,,-178000000.0,,,3541000000.0,,,,,,1986000000.0,,-176000000.0,6223000000.0,-63000000.0,,-5943000000.0,3924000000.0,337000000.0
2017-09-30,23848000000.0,,,,423000000.0,27788000000.0,,,-3940000000.0,-1549000000.0,-2434000000.0,-1.98,-1.98,1212454000.0,1215341000.0,6911000000.0,,,1023000000.0,,,,16954000000.0,,46669000000.0,,,1081000000.0,74861000000.0,3378000000.0,851000000.0,,7131000000.0,,6262000000.0,,,44149000000.0,28130000000.0,-5292000000.0,30500000000.0,74861000000.0,5212000000.0,,-2770000000.0,-65000000.0,15000000.0,,,-212000000.0,,,4596000000.0,,,,,,3074000000.0,,-51000000.0,8231000000.0,-65000000.0,,-9770000000.0,3301000000.0,574000000.0
2017-12-31,32584000000.0,,,100000000.0,561000000.0,,,,-2615000000.0,-1822000000.0,-855000000.0,-0.7,-0.7,1221038.0,1221038.0,6325000000.0,,,1060000000.0,5277000000.0,,,16512000000.0,,45683000000.0,,,1107000000.0,73362000000.0,4009000000.0,1029000000.0,,9397000000.0,,5282000000.0,,,42561000000.0,29391000000.0,-5518000000.0,30607000000.0,73362000000.0,6845000000.0,,-3681000000.0,886000000.0,55000000.0,,,265000000.0,,,7077000000.0,,,,,,4591000000.0,,-36000000.0,7762000000.0,-63000000.0,,-12356000000.0,2715000000.0,1168000000.0
2018-03-31,8798000000.0,,,,99000000.0,,,,1776000000.0,876000000.0,888000000.0,0.75,0.75,1179792.0,1186454.0,4984000000.0,,,1053000000.0,,,,13187000000.0,,45997000000.0,,,1572000000.0,70727000000.0,3824000000.0,1137000000.0,,7109000000.0,,5409000000.0,,,40009000000.0,29663000000.0,-5371000000.0,30546000000.0,70727000000.0,1412000000.0,,65000000.0,-139000000.0,-12000000.0,,,-181000000.0,,,2399000000.0,,,,,,1535000000.0,,392000000.0,-78000000.0,-18000000.0,,-3776000000.0,-1330000000.0,521000000.0
2018-06-30,17302000000.0,,,,217000000.0,,,,4395000000.0,1841000000.0,2528000000.0,2.15,2.13,1176064.0,1184499.0,3234000000.0,,,1093000000.0,,,,11608000000.0,,46306000000.0,,,1188000000.0,68936000000.0,3642000000.0,1071000000.0,,6638000000.0,,5534000000.0,,,37714000000.0,30967000000.0,-5637000000.0,31042000000.0,68936000000.0,2850000000.0,,262000000.0,-455000000.0,21000000.0,,,-282000000.0,,,5741000000.0,,,,,,3534000000.0,,25000000.0,-2027000000.0,42000000.0,,-6779000000.0,-3079000000.0,1307000000.0
2018-09-30,26751000000.0,10308000000.0,,,336000000.0,,,,7301000000.0,2874000000.0,4389000000.0,3.74,3.72,1171673.0,1180774.0,3716000000.0,,,1239000000.0,,,,14723000000.0,,44736000000.0,,,1209000000.0,70556000000.0,3887000000.0,1180000000.0,,7401000000.0,,5535000000.0,,,38477000000.0,32495000000.0,-5442000000.0,31950000000.0,70556000000.0,4344000000.0,,398000000.0,147000000.0,165000000.0,,,-43000000.0,,,9151000000.0,,,,,,5133000000.0,,-16000000.0,-3665000000.0,121000000.0,,-8042000000.0,-2596000000.0,1927000000.0
2018-12-31,36417000000.0,14294000000.0,,78000000.0,401000000.0,,,,9973000000.0,3668000000.0,6257000000.0,5.36,,1166499.0,1175538.0,5915000000.0,,,1007000000.0,3702000000.0,,,13274000000.0,,45698000000.0,,,1344000000.0,69980000000.0,3863000000.0,1259000000.0,,7395000000.0,,5021000000.0,,,37916000000.0,34010000000.0,-6063000000.0,31939000000.0,69980000000.0,5956000000.0,,283000000.0,-235000000.0,-86000000.0,,,-52000000.0,,,12934000000.0,,,,,,6750000000.0,,-154000000.0,-3843000000.0,121000000.0,,-9359000000.0,-385000000.0,2976000000.0
2019-03-31,9150000000.0,3675000000.0,,,153000000.0,,,,2687000000.0,841000000.0,1833000000.0,1.61,1.6,1139463.0,1146515.0,6218000000.0,,,1014000000.0,,,,13683000000.0,,45942000000.0,,,2303000000.0,71498000000.0,3815000000.0,1402000000.0,,7370000000.0,,5043000000.0,,,38517000000.0,35534000000.0,-5914000000.0,32859000000.0,71498000000.0,1546000000.0,,-1000000.0,-179000000.0,4000000.0,,,-142000000.0,,,2894000000.0,,,,,,1637000000.0,,150000000.0,-1477000000.0,,,-1173000000.0,319000000.0,700000000.0
2019-06-30,17103000000.0,6349000000.0,,,282000000.0,,,,4745000000.0,1302000000.0,3413000000.0,3.01,3.0,1132691.0,1139511.0,5941000000.0,,,1089000000.0,,,,15800000000.0,,44334000000.0,,,2111000000.0,71261000000.0,3618000000.0,3505000000.0,,8996000000.0,,4825000000.0,,,38187000000.0,36769000000.0,-5827000000.0,32976000000.0,71261000000.0,3036000000.0,,-221000000.0,-461000000.0,77000000.0,,,-326000000.0,,,5785000000.0,,,,,,3366000000.0,,-126000000.0,-2938000000.0,-36000000.0,,-2827000000.0,46000000.0,1572000000.0
2019-09-30,24859000000.0,9059000000.0,,,369000000.0,,,,8238000000.0,1724000000.0,6469000000.0,5.75,5.72,1124558.0,1131034.0,7193000000.0,,,955000000.0,,,,15217000000.0,,43814000000.0,,,2174000000.0,70340000000.0,3148000000.0,1030000000.0,,5942000000.0,,4693000000.0,,,35101000000.0,39484000000.0,-5654000000.0,35146000000.0,70340000000.0,4602000000.0,,-304000000.0,-333000000.0,2000000.0,,,-476000000.0,,,8122000000.0,,,,,,5041000000.0,,146000000.0,-2788000000.0,-39000000.0,,-3959000000.0,1307000000.0,2210000000.0
2019-12-31,32567000000.0,11842000000.0,,82000000.0,556000000.0,,,,9524000000.0,2267000000.0,7189000000.0,6.43,,1117260.0,1123536.0,5088000000.0,,,1026000000.0,4479000000.0,,,16913000000.0,,42269000000.0,,,2426000000.0,70514000000.0,3176000000.0,2045000000.0,,7043000000.0,,,,,35464000000.0,39742000000.0,-5357000000.0,34981000000.0,70514000000.0,6090000000.0,,-444000000.0,-505000000.0,67000000.0,,,-378000000.0,,,11104000000.0,,,,,,6636000000.0,,108000000.0,-6618000000.0,-30000000.0,,-5229000000.0,-789000000.0,2905000000.0
2020-03-31,6158000000.0,2661000000.0,,,-3000000.0,,,,-1563000000.0,148000000.0,-1739000000.0,-1.6,-1.6,1084561.0,1084561.0,3908000000.0,,,726000000.0,,,,13144000000.0,,40645000000.0,,,2370000000.0,65033000000.0,2900000000.0,1852000000.0,,6075000000.0,,,,,33646000000.0,37545000000.0,-6145000000.0,31315000000.0,65033000000.0,1411000000.0,,-227000000.0,-1041000000.0,-277000000.0,,,-297000000.0,,,2105000000.0,,,,,,1649000000.0,,44000000.0,-1932000000.0,,,-1230000000.0,-1179000000.0,465000000.0
2020-06-30,8907000000.0,3791000000.0,,,156000000.0,,,,-1542000000.0,-257000000.0,-1479000000.0,-1.37,-1.37,1080610000.0,1080610000.0,2907000000.0,,,982000000.0,,,,11053000000.0,,41120000000.0,,,2372000000.0,63046000000.0,2060000000.0,1145000000.0,,4105000000.0,,,,,31553000000.0,37351000000.0,-5825000000.0,31493000000.0,63046000000.0,2569000000.0,,-320000000.0,-1746000000.0,27000000.0,,,-754000000.0,,,2262000000.0,,,,,,2525000000.0,,35000000.0,-2462000000.0,2000000.0,,-1879000000.0,-2172000000.0,761000000.0
2020-09-30,13293000000.0,5630000000.0,,,249000000.0,,,,-2054000000.0,-171000000.0,-1929000000.0,-1.79,-1.79,1079525000.0,1079525000.0,2490000000.0,,,1034000000.0,,,,11059000000.0,,41269000000.0,,,2420000000.0,63157000000.0,2217000000.0,1111000000.0,,4640000000.0,,,,,32374000000.0,36448000000.0,-5666000000.0,30783000000.0,63157000000.0,3980000000.0,,-428000000.0,-1132000000.0,74000000.0,,,-583000000.0,,,3130000000.0,,,,,,3657000000.0,,31000000.0,-3578000000.0,-2000000.0,,-2056000000.0,-2566000000.0,803000000.0
2020-12-31,18784000000.0,8078000000.0,,75000000.0,430000000.0,,,,-3140000000.0,-485000000.0,-2701000000.0,-2.51,,1078030.0,1078030.0,2991000000.0,,,1002000000.0,4666000000.0,,,12066000000.0,,39893000000.0,,,2528000000.0,62618000000.0,2669000000.0,1121000000.0,56000000.0,5366000000.0,,,,,32769000000.0,35213000000.0,-5218000000.0,29849000000.0,62618000000.0,5521000000.0,,-834000000.0,-521000000.0,25000000.0,,,-249000000.0,,,4802000000.0,,,,,,4715000000.0,,26000000.0,-4121000000.0,-5000000.0,,-2708000000.0,-2047000000.0,905000000.0
2021-03-31,9826000000.0,4483000000.0,,,311000000.0,,,,1714000000.0,732000000.0,982000000.0,0.75,0.75,1300375.0,1302691.0,2831000000.0,,,1098000000.0,,,,14614000000.0,,58270000000.0,,,2464000000.0,83693000000.0,3779000000.0,1168000000.0,42000000.0,7184000000.0,,,,,40538000000.0,35608000000.0,-5080000000.0,43155000000.0,83693000000.0,1886000000.0,,203000000.0,785000000.0,51000000.0,,,424000000.0,,,2080000000.0,,,,,,1200000000.0,,-6000000.0,-1215000000.0,,,-1015000000.0,-152000000.0,53000000.0
2021-06-30,19382000000.0,7481000000.0,,,428000000.0,,,,4794000000.0,1721000000.0,3073000000.0,2.32,2.31,1348637000.0,1353201000.0,6608000000.0,,,1138000000.0,,,,17172000000.0,,57717000000.0,,,2442000000.0,85403000000.0,3591000000.0,1355000000.0,42000000.0,8150000000.0,,,,,41127000000.0,37116000000.0,-4920000000.0,,85403000000.0,3753000000.0,,567000000.0,794000000.0,89000000.0,,,323000000.0,,,6331000000.0,,,,,,2465000000.0,,-86000000.0,-481000000.0,-25000000.0,,-2218000000.0,3641000000.0,107000000.0
2021-09-30,30708000000.0,11660000000.0,,,556000000.0,,,,8376000000.0,2924000000.0,5452000000.0,4.1,4.09,1332286000.0,1336379000.0,9833000000.0,,,1043000000.0,,,,20181000000.0,,56689000000.0,,,2376000000.0,87304000000.0,4101000000.0,2625000000.0,42000000.0,10449000000.0,,,,,43189000000.0,38307000000.0,-5123000000.0,,87304000000.0,5425000000.0,,895000000.0,1619000000.0,13000000.0,,,682000000.0,,,11128000000.0,,,,,,3767000000.0,,386000000.0,51000000.0,27000000.0,,-4304000000.0,6872000000.0,358000000.0
2021-12-31,45828000000.0,18158000000.0,,62000000.0,719000000.0,,,,12712000000.0,4633000000.0,8079000000.0,6.09,6.07,1324194.0,1328151.0,5028000000.0,,,1208000000.0,4588000000.0,,,16050000000.0,248000000.0,64911000000.0,,,2587000000.0,90661000000.0,5002000000.0,2179000000.0,50000000.0,12021000000.0,,,,,45255000000.0,40674000000.0,-4950000000.0,,90661000000.0,7208000000.0,,1346000000.0,2500000000.0,160000000.0,,,1399000000.0,,,16996000000.0,,,,,8290000000.0,5324000000.0,,-87000000.0,-8544000000.0,145000000.0,,-6335000000.0,2083000000.0,856000000.0
2022-03-31,14506000000.0,6751000000.0,,,187000000.0,,,,,2139000000.0,5759000000.0,4.41,4.39,1301930000.0,1307404000.0,6414000000.0,,,1174000000.0,,,,17586000000.0,,64642000000.0,,,2771000000.0,93308000000.0,4875000000.0,1959000000.0,1000000.0,11624000000.0,,,,,44090000000.0,45442000000.0,-4808000000.0,49218000000.0,93308000000.0,1823000000.0,,373000000.0,1535000000.0,-27000000.0,,,-204000000.0,,,5068000000.0,,,,,-37000000.0,,,-26000000.0,-611000000.0,271000000.0,,-3137000000.0,1341000000.0,1640000000.0
2022-06-30,31234000000.0,15985000000.0,,,283000000.0,,,,,4649000000.0,10904000000.0,8.39,8.36,1295827000.0,1301126000.0,6909000000.0,,,1234000000.0,,,,18860000000.0,,64008000000.0,,,2622000000.0,93693000000.0,5845000000.0,2379000000.0,,12216000000.0,,,,,43491000000.0,49093000000.0,-5313000000.0,50202000000.0,93693000000.0,3633000000.0,,868000000.0,1861000000.0,53000000.0,,,635000000.0,,,12982000000.0,,,,,-37000000.0,,,8000000.0,-2702000000.0,350000000.0,,-8215000000.0,1828000000.0,3942000000.0
2022-09-30,47202000000.0,25236000000.0,,,431000000.0,,,,,7562000000.0,15431000000.0,11.96,11.93,1285739000.0,1289953000.0,8010000000.0,,,1226000000.0,,,,20453000000.0,,63673000000.0,,,2507000000.0,94837000000.0,6242000000.0,3250000000.0,,13997000000.0,,,,,45758000000.0,51278000000.0,-5865000000.0,49079000000.0,94837000000.0,5505000000.0,,1594000000.0,1317000000.0,64000000.0,,,1098000000.0,,,21722000000.0,,,,,-37000000.0,,,-7000000.0,-5807000000.0,345000000.0,,-12545000000.0,2918000000.0,5602000000.0
2022-12-31,61049000000.0,33971000000.0,,71000000.0,623000000.0,,,,28228000000.0,9548000000.0,18680000000.0,14.62,14.57,1274028000.0,1278163000.0,6458000000.0,,,1219000000.0,3853000000.0,,,18749000000.0,522000000.0,,,,1989000000.0,93829000000.0,6113000000.0,2346000000.0,,12847000000.0,,,,,45826000000.0,53029000000.0,-6000000000.0,,93829000000.0,7504000000.0,,2086000000.0,963000000.0,38000000.0,,,901000000.0,,,28314000000.0,,,,,60000000.0,10159000000.0,,-2000000.0,-8741000000.0,362000000.0,,-18053000000.0,1296000000.0,7368000000.0
2023-03-31,11964000000.0,6138000000.0,,,159000000.0,,,,,1642000000.0,2920000000.0,2.38,2.38,1220228000.0,1223355000.0,6974000000.0,,,1258000000.0,,,,16116000000.0,,65090000000.0,,,2038000000.0,91441000000.0,5078000000.0,1869000000.0,,11553000000.0,,,,,43658000000.0,54593000000.0,-6027000000.0,47783000000.0,91441000000.0,1942000000.0,,324000000.0,-1701000000.0,45000000.0,,,-1266000000.0,,,5403000000.0,,,,,0.0,,,12000000.0,-1448000000.0,-97000000.0,,-3326000000.0,525000000.0,1062000000.0
2023-06-30,22979000000.0,10754000000.0,,,364000000.0,,,,,2772000000.0,5152000000.0,4.23,4.22,1214000000.0,1217000000.0,5735000000.0,,,1236000000.0,,,,13501000000.0,,65452000000.0,,,2034000000.0,89605000000.0,,1799000000.0,,9548000000.0,,,,,42074000000.0,55483000000.0,-5925000000.0,47531000000.0,89605000000.0,3952000000.0,,489000000.0,-2246000000.0,23000000.0,,,-1614000000.0,,,9257000000.0,,,,,0.0,,,5000000.0,-3764000000.0,-95000000.0,,-6051000000.0,-720000000.0,3202000000.0
2023-09-30,35578000000.0,16297000000.0,,,533000000.0,,,,,4074000000.0,7950000000.0,6.56,6.54,1208018000.0,1211012000.0,8830000000.0,,,1326000000.0,,,,17181000000.0,,65561000000.0,,,2178000000.0,93651000000.0,,1704000000.0,,10338000000.0,,,,,45906000000.0,56952000000.0,-5961000000.0,47745000000.0,93651000000.0,6047000000.0,,753000000.0,-1147000000.0,114000000.0,,,-837000000.0,,,14702000000.0,,,,,0.0,,,81000000.0,-6148000000.0,-57000000.0,,-6022000000.0,2382000000.0,4141000000.0
2023-12-31,48522000000.0,21975000000.0,,81000000.0,705000000.0,,,,16288000000.0,5331000000.0,10957000000.0,9.08,9.06,1203000000.0,1206000000.0,5635000000.0,,,1398000000.0,3696000000.0,,,14330000000.0,989000000.0,,,,2420000000.0,95924000000.0,,1229000000.0,,10005000000.0,,,,,46645000000.0,59268000000.0,-5673000000.0,49279000000.0,95924000000.0,8270000000.0,,1145000000.0,-1333000000.0,103000000.0,,,-1118000000.0,,,19965000000.0,,,,,2724000000.0,,,63000000.0,-12000000000.0,-52000000.0,,-8661000000.0,-795000000.0,5406000000.0
2024-03-31,12307000000.0,5334000000.0,,,178000000.0,,,,,1257000000.0,2551000000.0,2.16,2.15,1178000000.0,1180320000.0,5574000000.0,,,1443000000.0,,,,13721000000.0,,69907000000.0,,,2588000000.0,95348000000.0,,1391000000.0,,10163000000.0,,,,,46023000000.0,60895000000.0,-5917000000.0,49325000000.0,95348000000.0,2211000000.0,,87000000.0,76000000.0,55000000.0,,,-85000000.0,,,4985000000.0,,,,,-49000000.0,,,21000000.0,-2141000000.0,-61000000.0,,-2825000000.0,-54000000.0,707000000.0
2024-06-30,24967000000.0,10192000000.0,,,342000000.0,,,,,2587000000.0,4880000000.0,4.15,4.14,1173410000.0,1176000000.0,4294000000.0,,,1447000000.0,,,,13734000000.0,,70226000000.0,,,2730000000.0,95994000000.0,,1324000000.0,,10324000000.0,,,,,46249000000.0,62309000000.0,-5961000000.0,49745000000.0,95994000000.0,4545000000.0,,211000000.0,-148000000.0,57000000.0,,,-183000000.0,,,9904000000.0,,,,,-49000000.0,,,13000000.0,-6292000000.0,-57000000.0,,-4868000000.0,-1325000000.0,2067000000.0
2024-09-30,36670000000.0,14939000000.0,,,528000000.0,,,,,3763000000.0,6939000000.0,5.92,5.91,1169350000.0,1171424000.0,5221000000.0,,,1496000000.0,,,,13984000000.0,,70725000000.0,,,2798000000.0,96699000000.0,,1161000000.0,,10765000000.0,,,,,46818000000.0,63459000000.0,-5845000000.0,49881000000.0,96699000000.0,6935000000.0,,249000000.0,-656000000.0,100000000.0,,,-117000000.0,,,15667000000.0,,,,,-49000000.0,,,11000000.0,-8950000000.0,-66000000.0,,-7066000000.0,-377000000.0,2797000000.0
