Date,Net sales,Cost of sales,Gross margin,Research and development,"Selling, general and administrative",Total operating expenses,Operating income,"Other income/(expense), net",Income before provision for income taxes,Provision for income taxes,Net income,Earnings per share basic,Earnings per share diluted,Weighted-average basic,Weighted-average diluted,Cash and cash equivalents,Short-term marketable securities,"Accounts receivable, net",Inventories,Deferred tax assets,Vendor non-trade receivables,Other current assets,Total current assets,Long-term marketable securities,"Property, Plant and Equipment, Net",Goodwill,"Acquired intangible assets, net","Other Assets, Noncurrent",Total assets,accounts payable,Accrued expenses,Deferred revenue,Total current liabilities,Deferred revenue - non-current,deferred tax liabilities,long term taxes payable,Total other non-current liabilities,Total liabilities,Retained Earnings (Accumulated Deficit),Accumulated other comprehensive (loss)/income,Total shareholders equity,Total liabilities and shareholders' equity,"Depreciation, amortization and accretion",Stock-based compensation expense,Deferred income tax expense,"Increase (Decrease) in Accounts receivable, net",Increase (Decrease) in Inventories,Increase (Decrease) in Other Receivables,Increase (Decrease) in Other Operating Assets,Increase (Decrease) in Accounts Payable,Increase (Decrease) in Deferred Revenue,Increase (Decrease) Other liabilities,Cash generated by operating activities,Purchases of marketable securities,Proceeds from maturities of marketable securities,Proceeds from sales of marketable securities,Purchases of other long-term investments,"Business acquisitions, net of cash acquired",Cash payments for capital asset purchases,Payments for acquisition of intangible assets,Payments for (Proceeds from) Other Investing Activities,Cash used in investing activities,Proceeds from issuance of common stock,Excess tax benefits from stock-based compensation,Cash generated/used in financing activities,Increase/(decrease) in cash and cash equivalents,"Cash paid for income taxes, net"
2009-12-31,19335859000.0,,563370000.0,,280239000.0,,262382000.0,-277000.0,244838000.0,93531000.0,151307000.0,0.53,0.52,286955000.0,291287000.0,979567000.0,,3540919000.0,5361851000.0,,,33794000.0,9916131000.0,,641909000.0,,,140989000.0,13556271000.0,8225557000.0,355830000.0,,9243448000.0,,,,196706000.0,,3047918000.0,-42818000.0,2740861000.0,13556271000.0,,7176000.0,17511000.0,371936000.0,-391153000.0,,,,,-3648000.0,-41689000.0,,,,,,42574000.0,,-127000.0,-42447000.0,,5050000.0,54335000.0,-29801000.0,
2010-03-31,38636486000.0,,1175438000.0,,559730000.0,,573609000.0,-545000.0,536518000.0,204203000.0,332315000.0,1.17,1.15,284478000.0,289262000.0,1199872000.0,,3948478000.0,4980895000.0,,,37785000.0,10167030000.0,,665801000.0,,,134820000.0,13822288000.0,8434934000.0,312169000.0,,9426398000.0,,,,205463000.0,,3206322000.0,-38293000.0,2831922000.0,13822288000.0,,16791000.0,41475000.0,-21006000.0,-22943000.0,,,,,66000.0,346393000.0,,,,,,88037000.0,,-134000.0,-87903000.0,,9454000.0,-67986000.0,190504000.0,
2010-06-30,58238606000.0,,1763808000.0,,849018000.0,,855463000.0,-1033000.0,799983000.0,304463000.0,495520000.0,1.75,1.72,283390000.0,288412000.0,1310716000.0,,3887827000.0,5096601000.0,,,42859000.0,10338003000.0,,688184000.0,2539889000.0,306412000.0,131297000.0,14003785000.0,8452112000.0,331067000.0,,9486687000.0,,,,226226000.0,,3346975000.0,-50159000.0,2931191000.0,14003785000.0,,24119000.0,60688000.0,3453000.0,-127927000.0,,,,,-445000.0,559391000.0,,,,,0.0,132302000.0,,-143000.0,-132159000.0,,19996000.0,-125884000.0,301348000.0,
2010-09-30,77953979000.0,,2356642000.0,,1167828000.0,,1103635000.0,-3372000.0,1027769000.0,391021000.0,636748000.0,2.26,2.22,282258000.0,287246000.0,1658182000.0,,3827484000.0,5210098000.0,835982000.0,,52586000.0,10748350000.0,,711712000.0,2544367000.0,300976000.0,129438000.0,14434843000.0,8833285000.0,369016000.0,,9906344000.0,,,,231044000.0,,3465886000.0,-42536000.0,2954297000.0,14434843000.0,,30844000.0,85478000.0,-61160000.0,242967000.0,,,,,-21995000.0,1108624000.0,,,,,,184635000.0,,,-184371000.0,,21036000.0,-275439000.0,648814000.0,257800000.0
2010-12-31,19888609000.0,,580232000.0,,278033000.0,,276766000.0,1667000.0,259289000.0,98789000.0,160500000.0,0.58,0.57,275605000.0,280693000.0,1400895000.0,,3551315000.0,5440751000.0,,,35212000.0,10428173000.0,,736812000.0,2546837000.0,298586000.0,121911000.0,14132319000.0,8467004000.0,338461000.0,,9640905000.0,,,,241998000.0,,3598651000.0,-35834000.0,2962006000.0,14132319000.0,,6780000.0,20296000.0,275792000.0,-227739000.0,,,,,5931000.0,-99200000.0,,,,,,50091000.0,,0.0,-50091000.0,,10508000.0,-107996000.0,-257287000.0,
2011-03-31,39648866000.0,,1267568000.0,,574165000.0,,642015000.0,1809000.0,605624000.0,230743000.0,374881000.0,1.36,1.34,274980000.0,280247000.0,1912436000.0,,3802240000.0,5195946000.0,,,45624000.0,10956246000.0,,755155000.0,2550287000.0,295919000.0,123409000.0,14681016000.0,8909481000.0,300683000.0,,9950172000.0,,,,255233000.0,,3786274000.0,-26707000.0,3133030000.0,14681016000.0,,12122000.0,50599000.0,6819000.0,30462000.0,,,,,7799000.0,577204000.0,,,,,,93773000.0,,0.0,-93773000.0,,20846000.0,-229177000.0,254254000.0,
2011-06-30,59809888000.0,,1921149000.0,,882971000.0,,959174000.0,1747000.0,904116000.0,344816000.0,559300000.0,2.04,2.0,274484000.0,279837000.0,2000453000.0,,3907112000.0,5157796000.0,,,55944000.0,11121305000.0,,761988000.0,2551030000.0,292901000.0,128505000.0,14855729000.0,8893332000.0,332426000.0,,10007785000.0,,,,282975000.0,,3939044000.0,-22488000.0,3203080000.0,14855729000.0,,21608000.0,122233000.0,-93630000.0,55899000.0,,,,,-6049000.0,807845000.0,,,,,,127473000.0,,-876000.0,-126597000.0,,34585000.0,-338977000.0,342271000.0,
2011-09-30,80217558000.0,,2539096000.0,,1197969000.0,,1202745000.0,4617000.0,1130641000.0,424017000.0,706624000.0,2.59,2.54,272471000.0,277717000.0,1825990000.0,,3837203000.0,5466534000.0,1044510000.0,,87896000.0,11217623000.0,,772916000.0,2565227000.0,297857000.0,129048000.0,14982671000.0,9202115000.0,422917000.0,,10855120000.0,,,,287830000.0,,4055664000.0,-50868000.0,2866858000.0,14982671000.0,,28365000.0,194997000.0,35457000.0,272294000.0,,,,,-3800000.0,1167948000.0,,,,,45380000.0,167954000.0,,,-212418000.0,,39711000.0,-787722000.0,167808000.0,214600000.0
2011-12-31,20360645000.0,,593093000.0,,273865000.0,,284914000.0,1000.0,262324000.0,100208000.0,162116000.0,0.63,0.62,258461000.0,263084000.0,2370335000.0,,3724456000.0,5824358000.0,,,36631000.0,11955780000.0,,793604000.0,2740507000.0,362504000.0,125871000.0,15978266000.0,9589019000.0,418964000.0,,11301377000.0,,,,290351000.0,,812605000.0,-44381000.0,2904599000.0,15978266000.0,,6400000.0,6591000.0,243393000.0,-326715000.0,,,,,-11388000.0,431703000.0,,,,,250501000.0,48138000.0,,,-298639000.0,,4275000.0,411281000.0,544345000.0,
2015-03-31,66257869000.0,,1664275000.0,,858934000.0,,-452646000.0,-12719000.0,-505653000.0,207684000.0,-713337000.0,-3.24,-3.24,220243000.0,220243000.0,2336979000.0,,7560122000.0,9517312000.0,,,,19556823000.0,,955558000.0,4136421000.0,1985716000.0,371012000.0,27005530000.0,18395154000.0,649637000.0,,20225906000.0,,,,920852000.0,,728973000.0,-75585000.0,1916255000.0,27005530000.0,,33408000.0,-5717000.0,810902000.0,611235000.0,,,,,-1880000.0,1638684000.0,,,,,2603918000.0,105201000.0,,-1168000.0,-2689453000.0,,66032000.0,1579235000.0,528466000.0,
2015-06-30,100491425000.0,,2555739000.0,,1361678000.0,,332565000.0,,304306000.0,297827000.0,-499174000.0,-2.27,-2.27,219689000.0,240236000.0,2555183000.0,,7596558000.0,9639961000.0,,,,19902034000.0,,958687000.0,4116805000.0,1998694000.0,357284000.0,27333504000.0,19348994000.0,633050000.0,,21117291000.0,,,,897808000.0,,879201000.0,-69006000.0,1575624000.0,27333504000.0,,46496000.0,-15799000.0,868708000.0,700331000.0,,,,,-339000.0,2760265000.0,,,,,2606524000.0,157089000.0,,-1790000.0,-2744639000.0,,82345000.0,731044000.0,746670000.0,
2015-09-30,135961803000.0,,3529313000.0,,1918045000.0,,417370000.0,-13598000.0,274149000.0,409036000.0,-134887000.0,-0.62,-0.62,217786.0,217786.0,2167442000.0,,8222951000.0,9755094000.0,236111000.0,,,20334488000.0,,979251000.0,4130825000.0,1993119000.0,298474000.0,27736157000.0,20886439000.0,679309000.0,,22700765000.0,,819188000.0,,89636000.0,,1181623000.0,-136333000.0,633520000.0,27736157000.0,243280000.0,60944000.0,22733000.0,1478793000.0,836382000.0,,,,,-4433000.0,3920379000.0,86214000.0,,,,2633412000.0,231585000.0,,-2883000.0,-2931165000.0,,88116000.0,-630285000.0,358929000.0,299600000.0
2015-12-31,36709046000.0,,964877000.0,,528296000.0,,-179831000.0,310000.0,-210400000.0,-540777000.0,330377000.0,1.6,1.46,206180000.0,226718000.0,978090000.0,,8380652000.0,10863974000.0,,,,20361675000.0,,1059501000.0,5981744000.0,3071093000.0,281789000.0,30755802000.0,22536323000.0,592553000.0,,24024341000.0,,932299000.0,,105826000.0,,1440801000.0,-115814000.0,1300019000.0,30755802000.0,,22255000.0,-610771000.0,76261000.0,1086296000.0,,,,,17573000.0,750848000.0,41136000.0,,88829000.0,,2726632000.0,90110000.0,,3438000.0,-2772487000.0,,17436000.0,832287000.0,-1189352000.0,
2016-03-31,72407403000.0,,2040208000.0,,1051056000.0,,948712000.0,1066000.0,916355000.0,312220000.0,934512000.0,4.51,4.13,207858000.0,226082000.0,2525287000.0,,8766994000.0,10644586000.0,,,,22070068000.0,,1094711000.0,5980499000.0,3047989000.0,302088000.0,32495355000.0,22986172000.0,665185000.0,,23770910000.0,,2041191000.0,,123506000.0,,1974306000.0,-102184000.0,2191162000.0,32495355000.0,,39787000.0,-292154000.0,472074000.0,853077000.0,,,,,23542000.0,1630586000.0,41136000.0,,88829000.0,,2731356000.0,180012000.0,,10878000.0,-2874553000.0,,0.0,1601812000.0,357845000.0,
2016-06-30,109289083000.0,,3148071000.0,,1571088000.0,,1295495000.0,3224000.0,1202612000.0,146854000.0,1284315000.0,6.12,5.69,215688000.0,225646000.0,1865202000.0,,8984533000.0,10492561000.0,,,,21457255000.0,,1165663000.0,5978780000.0,3007326000.0,305219000.0,31914243000.0,22692064000.0,692011000.0,,23997255000.0,,2121331000.0,,122304000.0,,2250868000.0,-110978000.0,1879317000.0,31914243000.0,,56561000.0,-219535000.0,705462000.0,675582000.0,,,,,17811000.0,1821958000.0,41136000.0,,101829000.0,,2731356000.0,310178000.0,,21186000.0,-3021061000.0,,21853000.0,896863000.0,-302240000.0,
2016-09-30,146849686000.0,,4272606000.0,,2091237000.0,,1525774000.0,5048000.0,1390910000.0,-37019000.0,1427929000.0,6.73,6.32,212206000.0,225959000.0,2741832000.0,,9175876000.0,10723920000.0,445039000.0,,,22851847000.0,,1530682000.0,5991497000.0,2967849000.0,314325000.0,33656200000.0,23926320000.0,743839000.0,,25281308000.0,,2214774000.0,,160470000.0,,2303941000.0,-114308000.0,2129404000.0,33656200000.0,364735000.0,64992000.0,-130927000.0,912724000.0,1107252000.0,,,3011508000.0,,,3178497000.0,42083000.0,,101829000.0,,2731356000.0,464616000.0,,13919000.0,-3169179000.0,,0.0,565072000.0,574390000.0,17500000.0
2016-12-31,38169265000.0,,1037680000.0,,520547000.0,,399987000.0,123000.0,363138000.0,115892000.0,247246000.0,1.13,1.11,218661000.0,221979000.0,1791134000.0,,9696200000.0,11414771000.0,,,,23078756000.0,,1630741000.0,5987106000.0,2927193000.0,295476000.0,33919272000.0,24172341000.0,762437000.0,,25542758000.0,,2222866000.0,,165507000.0,,2518081000.0,-141851000.0,2116557000.0,33919272000.0,,29192000.0,49491000.0,536937000.0,713553000.0,,,247814000.0,,,-430355000.0,33879000.0,,13921000.0,,1497000.0,137282000.0,,-1880000.0,-156857000.0,,,-363486000.0,-950698000.0,
2017-03-31,75316667000.0,,2294107000.0,,1042390000.0,,1024968000.0,5356000.0,956053000.0,297334000.0,658719000.0,3.02,2.97,218166000.0,221611000.0,2404433000.0,,9583520000.0,11335816000.0,,,,23493921000.0,,1702060000.0,5987729000.0,2888920000.0,324383000.0,34397013000.0,24276019000.0,639560000.0,,25531426000.0,,2332051000.0,,164646000.0,,2849630000.0,-123490000.0,2529292000.0,34397013000.0,,41250000.0,159397000.0,417705000.0,556057000.0,,,350960000.0,,,368384000.0,48635000.0,,36128000.0,,2403000.0,262700000.0,,-8136000.0,-269474000.0,,,-436309000.0,-337399000.0,
2017-06-30,114023811000.0,,3373982000.0,,1567853000.0,,1195344000.0,3958000.0,1089428000.0,380357000.0,709071000.0,3.25,3.2,218676000.0,221873000.0,1311467000.0,,10553258000.0,11669529000.0,,,,23677224000.0,,1749914000.0,6042552000.0,2871426000.0,312894000.0,34654010000.0,24804544000.0,942413000.0,,25751076000.0,,2400467000.0,,167160000.0,,2819907000.0,-112458000.0,2553514000.0,34654010000.0,,51592000.0,225948000.0,1419099000.0,829903000.0,,,876977000.0,,,123684000.0,48635000.0,,70008000.0,,61633000.0,371428000.0,,-13422000.0,-406566000.0,,,-1147483000.0,-1430365000.0,
2017-09-30,153143826000.0,,4546002000.0,,2128730000.0,,1060342000.0,2730000.0,917887000.0,553403000.0,364484000.0,1.67,1.64,218375000.0,221602000.0,2435115000.0,,10303324000.0,11461428000.0,393130000.0,,,24303299000.0,,1797945000.0,6044281000.0,2833281000.0,337664000.0,35316470000.0,25404042000.0,1402002000.0,,26818165000.0,,,,159663000.0,,2395218000.0,-95850000.0,2064461000.0,35316470000.0,397603000.0,62206000.0,319069000.0,1277896000.0,431454000.0,,,1473389000.0,,,1504138000.0,48635000.0,,74778000.0,,61648000.0,466397000.0,,-3114000.0,-498041000.0,,,-1312814000.0,-306717000.0,105000000.0
2017-12-31,40466332000.0,,1112652000.0,,558522000.0,,418973000.0,-324000.0,359019000.0,-502834000.0,861853000.0,3.95,3.9,218323000.0,220822000.0,3037747000.0,,10127783000.0,12020660000.0,,,,25296432000.0,,1829117000.0,6076110000.0,2825035000.0,334816000.0,36361510000.0,25346694000.0,1373536000.0,,26740291000.0,,,391107000.0,78652000.0,,3173516000.0,-96338000.0,2874582000.0,36361510000.0,,32608000.0,-840479000.0,-91624000.0,460127000.0,,,-59223000.0,,,10326000.0,0.0,,0.0,,70330000.0,73641000.0,,-1648000.0,-142323000.0,,,734629000.0,602632000.0,
2018-03-31,81500190000.0,,2368335000.0,,1175948000.0,,900393000.0,-29447000.0,720351000.0,-423662000.0,1149308000.0,5.25,5.19,219200000.0,222303000.0,2091359000.0,,11265014000.0,12867481000.0,,,,26397211000.0,,1940154000.0,6697566000.0,3062323000.0,298478000.0,38395732000.0,26403594000.0,1437916000.0,,28094404000.0,,,367797000.0,121832000.0,,3376993000.0,-43506000.0,3187550000.0,38395732000.0,,44208000.0,-798435000.0,590386000.0,805164000.0,,,384378000.0,,,-77242000.0,0.0,,0.0,,777085000.0,168816000.0,,-10479000.0,-935422000.0,,,668908000.0,-343756000.0,
2018-06-30,124642499000.0,121062823000.0,3579676000.0,,1802496000.0,,1289588000.0,-26289000.0,1065553000.0,-356335000.0,1425117000.0,6.52,6.44,218698000.0,221297000.0,2388928000.0,,11764614000.0,12074347000.0,,,,26404401000.0,,1903357000.0,6712729000.0,3000912000.0,288193000.0,38309592000.0,26449542000.0,1454537000.0,,28099671000.0,,,369789000.0,116958000.0,,3569371000.0,-82020000.0,3097821000.0,38309592000.0,,53604000.0,-747367000.0,1107631000.0,51724000.0,,,463939000.0,,,746043000.0,0.0,,0.0,,783262000.0,248359000.0,,-5749000.0,-1025872000.0,,,233642000.0,-46187000.0,
2018-09-30,167939635000.0,163327318000.0,4612317000.0,,2460301000.0,,1443685000.0,-25469000.0,1177423000.0,-438469000.0,1658405000.0,7.61,7.53,217872000.0,220336000.0,2492516000.0,,11314226000.0,11918508000.0,348302000.0,,,25894372000.0,,1892424000.0,6664272000.0,2947828000.0,270942000.0,37669838000.0,26836873000.0,881157000.0,,27869687000.0,,,299600000.0,110352000.0,,3720582000.0,-79253000.0,2932824000.0,37669838000.0,465127000.0,62316000.0,-795524000.0,657770000.0,4923000.0,,,859036000.0,,,1411388000.0,0.0,,0.0,,785299000.0,336411000.0,,-10596000.0,-1111114000.0,,,-242873000.0,57401000.0,104000000.0
2018-12-31,45392452000.0,44094872000.0,1297580000.0,,656585000.0,,477823000.0,-3097000.0,432556000.0,40803000.0,393652000.0,1.86,1.84,212054000.0,213969000.0,2540156000.0,,11979382000.0,11800185000.0,,,,27476207000.0,,1896943000.0,6697547000.0,2924698000.0,272428000.0,39267823000.0,28336293000.0,859168000.0,,29351737000.0,,,269906000.0,85332000.0,,4027217000.0,-92883000.0,3048453000.0,39267823000.0,,31768000.0,46246000.0,658890000.0,898775000.0,,,1498643000.0,,,478968000.0,,,,,52398000.0,79233000.0,,-4013000.0,-127618000.0,,,-303710000.0,47640000.0,
2019-03-31,88712054000.0,85989718000.0,2722336000.0,,1284621000.0,,525388000.0,14494000.0,451340000.0,31514000.0,420787000.0,1.99,1.97,211503000.0,213275000.0,,,12222271000.0,11373730000.0,,,,27622183000.0,,1858867000.0,6699681000.0,2355997000.0,273582000.0,38810310000.0,28189390000.0,739536000.0,,29211899000.0,,,273662000.0,69317000.0,,3969459000.0,-85142000.0,2921215000.0,38810310000.0,,37869000.0,24949000.0,880805000.0,420190000.0,,,1350728000.0,,,1103332000.0,,,,,52398000.0,161488000.0,,-2659000.0,-211227000.0,,,-508871000.0,383234000.0,
2019-06-30,133951319000.0,129997744000.0,3953575000.0,,1941564000.0,,932082000.0,11739000.0,822455000.0,100627000.0,722746000.0,3.45,3.42,209705000.0,211161000.0,,,11989030000.0,11247776000.0,,,,27401778000.0,,1767426000.0,6706506000.0,2330457000.0,272371000.0,38478538000.0,27807403000.0,815331000.0,,28788871000.0,,,276708000.0,94284000.0,,4186782000.0,-86883000.0,2989422000.0,38478538000.0,,48431000.0,44681000.0,672742000.0,280148000.0,,,964667000.0,,,1671201000.0,,,,,64044000.0,230767000.0,,2222000.0,-297033000.0,,,-867125000.0,507043000.0,
2019-09-30,179589121000.0,174450809000.0,5138312000.0,,2663508000.0,,1111923000.0,12952000.0,967106000.0,112971000.0,855365000.0,4.07,4.04,210165000.0,211840000.0,3374194000.0,,12386879000.0,11060254000.0,287638000.0,,,28132054000.0,,1770516000.0,6705507000.0,2294836000.0,269067000.0,39171980000.0,28385074000.0,1057208000.0,,29581294000.0,,,284075000.0,98812000.0,,4235491000.0,-111965000.0,2878917000.0,39171980000.0,462407000.0,58874000.0,28537000.0,1241890000.0,167990000.0,,,1561048000.0,,,2344023000.0,0.0,,0.0,,63951000.0,310222000.0,,1659000.0,-375832000.0,,,-1086513000.0,881678000.0,117700000.0
2019-12-31,47864742000.0,46633528000.0,1231214000.0,,685953000.0,,263437000.0,-2842000.0,229588000.0,43020000.0,187640000.0,0.91,0.9,206008000.0,207517000.0,,,12568816000.0,11686466000.0,,,,28954816000.0,,1442383000.0,6707764000.0,2138398000.0,773377000.0,40016738000.0,29181860000.0,916107000.0,,30630456000.0,,,289047000.0,496587000.0,,4375181000.0,-87731000.0,2954626000.0,40016738000.0,,31374000.0,29355000.0,307204000.0,630980000.0,,,787037000.0,,,142810000.0,,,,,0.0,67305000.0,,-4966000.0,-62339000.0,,,-222061000.0,-141590000.0,
2020-03-31,95282381000.0,92663060000.0,2619321000.0,,1379366000.0,,572952000.0,-1733000.0,505791000.0,-694908000.0,1147917000.0,5.58,5.54,205693000.0,207293000.0,,,14210170000.0,11102566000.0,,,,31180650000.0,,1421768000.0,6704133000.0,1935448000.0,800263000.0,42042262000.0,30719987000.0,868996000.0,,32111790000.0,,,279403000.0,479659000.0,,5248005000.0,-132808000.0,3590590000.0,42042262000.0,,45763000.0,-21568000.0,2052216000.0,152359000.0,,,2395847000.0,,,995707000.0,,,,,0.0,144382000.0,,-7162000.0,-167800000.0,,,-510163000.0,317744000.0,
2020-06-30,140649158000.0,136804121000.0,3845037000.0,,2046251000.0,,977783000.0,-2806000.0,849626000.0,-595321000.0,1437356000.0,7.01,6.95,205017000.0,206714000.0,,,12548399000.0,11849201000.0,,,,29918572000.0,,1455008000.0,6705130000.0,1910547000.0,800446000.0,40789703000.0,29145149000.0,966712000.0,,30631571000.0,,,268519000.0,494761000.0,,5451221000.0,-128664000.0,3857252000.0,40789703000.0,,57579000.0,-7199000.0,436237000.0,910828000.0,,,824105000.0,,,907808000.0,,,,,0.0,251101000.0,,-7824000.0,-278107000.0,,,-583623000.0,46078000.0,
2020-09-30,189893926000.0,184702042000.0,5191884000.0,,2767217000.0,,-5135354000.0,1581000.0,-5293831000.0,-1894273000.0,-3408716000.0,-16.65,-16.65,204783000.0,204783000.0,4597746000.0,,13846301000.0,12589278000.0,1807722000.0,,,33055702000.0,,1484808000.0,6706719000.0,1886107000.0,779854000.0,44274830000.0,31705055000.0,1646763000.0,,33853077000.0,,,284845000.0,472855000.0,,518335000.0,-108830000.0,-1018924000.0,44274830000.0,391062000.0,74411000.0,-1544971000.0,1628991000.0,1621143000.0,,,3300832000.0,,-46826000.0,2207040000.0,,,,,0.0,369677000.0,,-9522000.0,-379871000.0,66355000.0,,-603617000.0,1223552000.0,139400000.0
2020-12-31,52516556000.0,51064326000.0,1452230000.0,,735068000.0,,547228000.0,14268000.0,527882000.0,149175000.0,374845000.0,1.83,1.81,204683000.0,206801000.0,,,14886252000.0,13178958000.0,,,,34700221000.0,,1477040000.0,6709471000.0,1862190000.0,771026000.0,45846768000.0,33449690000.0,1535390000.0,,35044451000.0,,,287244000.0,483291000.0,,780971000.0,-70467000.0,-697222000.0,45846768000.0,,48317000.0,72912000.0,906495000.0,545459000.0,,,1721495000.0,,,903053000.0,,,,,,65410000.0,,0.0,-65410000.0,,,-544471000.0,293172000.0,
2021-03-31,101670727000.0,98685116000.0,2985611000.0,,1465149000.0,,1171575000.0,-23310000.0,1094393000.0,281681000.0,810112000.0,3.96,3.91,204916000.0,207315000.0,,,14134326000.0,12954676000.0,,,,35469149000.0,,1482753000.0,6709821000.0,1839085000.0,1199888000.0,47003250000.0,31420390000.0,1532171000.0,,32996446000.0,,,273031000.0,708174000.0,,1124976000.0,-69248000.0,-281756000.0,47003250000.0,,67110000.0,141601000.0,193770000.0,314294000.0,,,-292555000.0,,,449150000.0,,,,,,151612000.0,,0.0,-314232000.0,,,1908516000.0,2043434000.0,
2021-06-30,155076422000.0,150202605000.0,4873817000.0,,2378563000.0,,1792302000.0,-4901000.0,1667923000.0,559763000.0,1102234000.0,5.37,5.31,206156000.0,208912000.0,2553217000.0,,17695170000.0,14996364000.0,,,,37259766000.0,,2143080000.0,9132723000.0,5437825000.0,1668502000.0,55930936000.0,36502816000.0,2631413000.0,,39589838000.0,,,283735000.0,1058767000.0,,1325422000.0,-233238000.0,37962000.0,55930936000.0,,81465000.0,303637000.0,116845000.0,594708000.0,,,242419000.0,,,1656769000.0,,,,,5536717000.0,273407000.0,,-2516000.0,-5970228000.0,,,2397456000.0,-1916003000.0,
2021-09-30,213988843000.0,207045615000.0,6943228000.0,,3594251000.0,,2354197000.0,41736000.0,2221859000.0,677251000.0,1539932000.0,7.48,7.39,205919000.0,208465000.0,2547142000.0,,18167175000.0,15368352000.0,1879048000.0,,,38802609000.0,,2162961000.0,9030531000.0,5256927000.0,1793986000.0,57337805000.0,38009954000.0,2856405000.0,,41358641000.0,,,281070000.0,1082723000.0,,1670513000.0,-445442000.0,223354000.0,57337805000.0,505172000.0,99594000.0,334866000.0,930078000.0,1116344000.0,,,2049167000.0,,-123240000.0,2666586000.0,,,,,5563040000.0,438217000.0,,-7861000.0,-6141577000.0,0.0,,1952849000.0,-1527618000.0,93500000.0
2021-12-31,59628810000.0,57568451000.0,2060359000.0,,1170110000.0,,644405000.0,5172000.0,596205000.0,146789000.0,449105000.0,2.15,2.13,208555000.0,211168000.0,3168881000.0,,17146056000.0,16293933000.0,,,,39378885000.0,,2129697000.0,8921790000.0,5080673000.0,1796470000.0,57577564000.0,38617734000.0,2542029000.0,,41613605000.0,,,288915000.0,1060416000.0,,2019077000.0,-822783000.0,241546000.0,57577564000.0,,42920000.0,30512000.0,-716380000.0,989993000.0,,,824056000.0,,-51957000.0,863411000.0,,,,,62641000.0,79691000.0,,788000.0,-143120000.0,,,-106423000.0,612252000.0,
2022-03-31,117348256000.0,113052817000.0,4295439000.0,,2373348000.0,,1424562000.0,6120000.0,1324394000.0,319733000.0,997119000.0,4.77,4.71,209244000.0,211991000.0,2960759000.0,,18111080000.0,15514851000.0,,,,39409740000.0,,2138598000.0,8798265000.0,4888039000.0,1806311000.0,57308153000.0,38210623000.0,2578236000.0,,42797581000.0,,,292949000.0,1037040000.0,,2469709000.0,-1005819000.0,550309000.0,57308153000.0,,62565000.0,51750000.0,527521000.0,215479000.0,,,598411000.0,,-116760000.0,1129996000.0,,,,,124158000.0,209343000.0,,3663000.0,-337164000.0,,,-384587000.0,402674000.0,
2022-06-30,177412857000.0,171102049000.0,6310808000.0,,3585500000.0,,1911859000.0,48008000.0,1800717000.0,432853000.0,1404083000.0,6.72,6.63,208895000.0,211738000.0,3034233000.0,,18624104000.0,15823360000.0,,,,39744526000.0,,2104765000.0,8632124000.0,4607974000.0,1831862000.0,57173630000.0,39305668000.0,2427076000.0,,43154310000.0,,,306356000.0,1033018000.0,,2779357000.0,-1421301000.0,224299000.0,57173630000.0,,76960000.0,57063000.0,1550962000.0,712849000.0,,,2074612000.0,,,1538618000.0,,,,,124158000.0,322732000.0,,4899000.0,-193707000.0,,,-1079319000.0,231926000.0,
2022-09-30,238587006000.0,230290639000.0,8296367000.0,,4848962000.0,,2366378000.0,27352000.0,2183057000.0,516517000.0,1698820000.0,8.15,8.04,208472000.0,211210000.0,3388189000.0,,18452675000.0,15556394000.0,1703359000.0,,,39589758000.0,,2135003000.0,8503886000.0,4332737000.0,1761661000.0,56560616000.0,40192890000.0,2214592000.0,,43477955000.0,,,320274000.0,976583000.0,,2977646000.0,-1830970000.0,-211559000.0,56560616000.0,693895000.0,93400000.0,196184000.0,1659525000.0,665370000.0,,,3320725000.0,,,2703088000.0,,,,,133814000.0,496318000.0,,-1298000.0,-368437000.0,0.0,,-1752780000.0,523411000.0,244400000.0
2022-12-31,62846832000.0,60700879000.0,2145953000.0,,1290928000.0,,633143000.0,6328000.0,593455000.0,117285000.0,479745000.0,2.35,2.33,204032000.0,206327000.0,1692205000.0,,18627397000.0,16779873000.0,,,,40708125000.0,,2139782000.0,8597145000.0,4429882000.0,1801522000.0,57906893000.0,41757949000.0,2014399000.0,,44760623000.0,,,329129000.0,991609000.0,,3357678000.0,-1411918000.0,-178131000.0,57906893000.0,,55633000.0,-12326000.0,59872000.0,1178035000.0,,,1381079000.0,,,710080000.0,,,,,0.0,75727000.0,,-2693000.0,-1511158000.0,,,-963944000.0,-1680882000.0,
2023-03-31,126304037000.0,121862642000.0,4441395000.0,,2612015000.0,,1193662000.0,22048000.0,1105585000.0,201202000.0,915147000.0,4.5,4.46,203188000.0,205306000.0,1539406000.0,,19491097000.0,16955245000.0,,,,39989641000.0,,2149937000.0,9633540000.0,4884843000.0,1879698000.0,58766183000.0,42734822000.0,2069996000.0,,45071097000.0,,,272292000.0,1055255000.0,,3691314000.0,-1316138000.0,281686000.0,58766183000.0,,79132000.0,-61725000.0,861202000.0,1413515000.0,,,2391172000.0,,,1339588000.0,,,,,1409681000.0,178581000.0,,11633000.0,-1599895000.0,,,-1733391000.0,-1904876000.0,
2023-06-30,193251080000.0,186545039000.0,6706041000.0,,3916156000.0,,1863790000.0,18612000.0,1714413000.0,330817000.0,1394728000.0,6.87,6.8,202908000.0,204995000.0,1389345000.0,,20796648000.0,16852340000.0,,,,40986584000.0,,2147881000.0,9658445000.0,4766820000.0,3396231000.0,61177196000.0,43752080000.0,2170270000.0,,46783211000.0,,,284020000.0,1856708000.0,,4071961000.0,-1226694000.0,686018000.0,61177196000.0,,99699000.0,-89968000.0,2249881000.0,1369977000.0,,,3513686000.0,,,2084523000.0,,,,,1409681000.0,282862000.0,,-10544000.0,-2419024000.0,,,-1815264000.0,-2045286000.0,
2023-09-30,262173411000.0,253213918000.0,8959493000.0,,5309984000.0,,2340731000.0,49036000.0,2160836000.0,428260000.0,1745293000.0,8.62,8.53,202511000.0,204591000.0,2592051000.0,,20911081000.0,17454768000.0,1712675000.0,,,42798826000.0,,2135171000.0,9574117000.0,4431783000.0,3418182000.0,62558746000.0,45836037000.0,2353817000.0,,48831198000.0,,,310676000.0,1884733000.0,,4324187000.0,-1402607000.0,522003000.0,62558746000.0,963904000.0,124624000.0,-118864000.0,2711786000.0,2183368000.0,,,6103451000.0,,,3911334000.0,,,,,1409835000.0,458359000.0,,-9004000.0,-2602465000.0,,,-2222278000.0,-840650000.0,463100000.0
2023-12-31,72252833000.0,69784021000.0,2468812000.0,,1398747000.0,,822875000.0,1087000.0,783398000.0,180390000.0,601500000.0,3.01,2.98,200081000.0,201837000.0,2872351000.0,,21576594000.0,18652240000.0,,,,44858731000.0,,2117283000.0,9660542000.0,4376431000.0,3458985000.0,64690297000.0,47743474000.0,2437219000.0,,50773472000.0,,,335293000.0,1911602000.0,,4819997000.0,-1136485000.0,911703000.0,64690297000.0,,63076000.0,3430000.0,504086000.0,1095530000.0,,,1765103000.0,,,885157000.0,,,,,0.0,74217000.0,,-8417000.0,-65800000.0,,,-551669000.0,283232000.0,
2024-03-31,140667140000.0,135660305000.0,5006835000.0,,2787557000.0,,1376134000.0,-22063000.0,1250464000.0,226251000.0,1022275000.0,5.12,5.07,199747000.0,201510000.0,2068858000.0,,22642880000.0,17630985000.0,,,,44161052000.0,,2089497000.0,9619024000.0,4175587000.0,3565996000.0,63868046000.0,46320774000.0,2371885000.0,,49761811000.0,,,315559000.0,1962068000.0,,5133770000.0,-1260288000.0,1083142000.0,63868046000.0,,91232000.0,-36144000.0,1682145000.0,119023000.0,,,497670000.0,,,6714000.0,,,,,2310000.0,186970000.0,,-15014000.0,-232287000.0,,,-228499000.0,-467743000.0,
2024-06-30,214908493000.0,207490881000.0,7417612000.0,,4170763000.0,,2048610000.0,-33790000.0,1878798000.0,366991000.0,1505738000.0,7.56,7.49,199253000.0,201025000.0,3306200000.0,,24051478000.0,18301546000.0,,,,47307262000.0,,2080879000.0,9613671000.0,4010892000.0,3530066000.0,66772423000.0,49883049000.0,2525710000.0,,52973867000.0,,,332364000.0,1934423000.0,,5514702000.0,-1279169000.0,925209000.0,66772423000.0,,113410000.0,-106076000.0,3085563000.0,835633000.0,,,4112542000.0,,,2484306000.0,,,,,24487000.0,304849000.0,,-18106000.0,-376211000.0,,,-1373734000.0,723507000.0,
2024-09-30,293958599000.0,284048570000.0,9910029000.0,,5661106000.0,,2175249000.0,-14283000.0,2003975000.0,484702000.0,1509120000.0,7.6,7.53,198503000.0,200284000.0,3132648000.0,,23871815000.0,18998833000.0,1704429000.0,,,47717813000.0,,2181410000.0,9318027000.0,4001046000.0,3637023000.0,67101667000.0,50942162000.0,2758560000.0,,54277053000.0,,,291796000.0,1993683000.0,,5417139000.0,-989118000.0,645938000.0,67101667000.0,1091974000.0,147998000.0,-102324000.0,2784339000.0,1479599000.0,,,4968093000.0,,,3484685000.0,,,,,69771000.0,487173000.0,,-19278000.0,-618096000.0,,,-2330994000.0,544991000.0,603900000.0
