Date,Net sales,Cost of sales,Gross margin,Research and development,"Selling, general and administrative",Total operating expenses,Operating income,"Other income/(expense), net",Income before provision for income taxes,Provision for income taxes,Net income,Earnings per share basic,Earnings per share diluted,Weighted-average basic,Weighted-average diluted,Cash and cash equivalents,Short-term marketable securities,"Accounts receivable, net",Inventories,Deferred tax assets,Vendor non-trade receivables,Other current assets,Total current assets,Long-term marketable securities,"Property, Plant and Equipment, Net",Goodwill,"Acquired intangible assets, net","Other Assets, Noncurrent",Total assets,accounts payable,Accrued expenses,Deferred revenue,Total current liabilities,Deferred revenue - non-current,deferred tax liabilities,long term taxes payable,Total other non-current liabilities,Total liabilities,Retained Earnings (Accumulated Deficit),Accumulated other comprehensive (loss)/income,Total shareholders equity,Total liabilities and shareholders' equity,"Depreciation, amortization and accretion",Stock-based compensation expense,Deferred income tax expense,"Increase (Decrease) in Accounts receivable, net",Increase (Decrease) in Inventories,Increase (Decrease) in Other Receivables,Increase (Decrease) in Other Operating Assets,Increase (Decrease) in Accounts Payable,Increase (Decrease) in Deferred Revenue,Increase (Decrease) Other liabilities,Cash generated by operating activities,Purchases of marketable securities,Proceeds from maturities of marketable securities,Proceeds from sales of marketable securities,Purchases of other long-term investments,"Business acquisitions, net of cash acquired",Cash payments for capital asset purchases,Payments for acquisition of intangible assets,Payments for (Proceeds from) Other Investing Activities,Cash used in investing activities,Proceeds from issuance of common stock,Excess tax benefits from stock-based compensation,Cash generated/used in financing activities,Increase/(decrease) in cash and cash equivalents,"Cash paid for income taxes, net"
2011-06-30,,,127574000.0,,,,110379000.0,-9393000.0,100986000.0,31937000.0,69049000.0,0.86,0.83,80151.0,83548.0,101200000.0,,387800000.0,,4414000.0,,,755272000.0,,27799000.0,602802000.0,185593000.0,47443000.0,1618909000.0,234873000.0,51641000.0,,541988000.0,,78600000.0,,,,456212000.0,-3761000.0,713030000.0,1618909000.0,,11983000.0,-765000.0,154408000.0,,,1114000.0,,,,2454000.0,,,,,785000.0,5916000.0,,,-6701000.0,855000.0,1821000.0,-18704000.0,-13604000.0,20284000.0
2011-09-30,,,198349000.0,,,,172102000.0,-12005000.0,160097000.0,50534000.0,109563000.0,1.36,1.31,80819.0,83649.0,137284000.0,,419530000.0,,4594000.0,,,786933000.0,,30366000.0,642799000.0,234135000.0,45310000.0,1739543000.0,241423000.0,29192000.0,,604117000.0,,92121000.0,,,,496726000.0,-8646000.0,761824000.0,1739543000.0,,15622000.0,-863000.0,140491000.0,,,81000.0,,,,70517000.0,,,,,21933000.0,8408000.0,,,-30341000.0,5066000.0,8170000.0,-23997000.0,22480000.0,35171000.0
2011-12-31,519591000.0,,,,,,226334000.0,-15457000.0,210877000.0,63542000.0,147335000.0,1.83,1.76,80610.0,83654.0,285159000.0,,481791000.0,,-108083000.0,,,1122925000.0,,32724000.0,823549000.0,299460000.0,45834000.0,2324492000.0,478882000.0,42242000.0,,1121747000.0,,112880000.0,,,,534498000.0,-13716000.0,811436000.0,2324492000.0,,21743000.0,-2920000.0,80024000.0,,,1935000.0,,,,279625000.0,,,,,333763000.0,13454000.0,,,-347217000.0,8477000.0,13727000.0,236221000.0,170355000.0,49205000.0
2012-03-31,146165000.0,,,,,,64475000.0,-4151000.0,60324000.0,18245000.0,42079000.0,0.51,0.49,82565.0,85164.0,287119000.0,,599810000.0,,4337000.0,,,1306780000.0,,34227000.0,763487000.0,373412000.0,83010000.0,2560916000.0,534111000.0,40237000.0,,1269682000.0,,133310000.0,,,,576577000.0,-4644000.0,883041000.0,2560916000.0,,3834000.0,-17000.0,183976000.0,,,37821000.0,,,,-113934000.0,,,,,10000.0,3563000.0,,,-3573000.0,7737000.0,8883000.0,112149000.0,1960000.0,6004000.0
2012-06-30,317985000.0,,,,,,145923000.0,-6903000.0,139020000.0,42540000.0,96480000.0,1.16,1.13,83294000.0,85737000.0,255579000.0,,545796000.0,,4310000.0,,,1198317000.0,,35677000.0,775749000.0,408731000.0,86215000.0,2504689000.0,474837000.0,34857000.0,,1135207000.0,,141612000.0,,,,630978000.0,-13841000.0,941920000.0,2504689000.0,,7793000.0,-167000.0,117325000.0,,,42268000.0,,,,-36798000.0,,,,,35490000.0,8431000.0,,,-43921000.0,11584000.0,14750000.0,49901000.0,-29580000.0,24164000.0
2012-09-30,504917000.0,,,,,,231757000.0,,221611000.0,65483000.0,156128000.0,1.88,1.82,84002000.0,86224000.0,300061000.0,,578818000.0,,6296000.0,,,1317969000.0,,46542000.0,923715000.0,465785000.0,88110000.0,2842121000.0,533113000.0,60697000.0,,1355401000.0,,172789000.0,,,,690626000.0,-5067000.0,1035068000.0,2842121000.0,,14287000.0,2501000.0,178715000.0,,,45291000.0,,,,33131000.0,,,,,189819000.0,13634000.0,,,-203453000.0,21391000.0,23177000.0,176151000.0,14902000.0,29428000.0
2012-12-31,707534000.0,,,,,,324928000.0,,310790000.0,94591000.0,216199000.0,2.59,2.52,83328.0,85736.0,283649000.0,,525441000.0,,-174145000.0,,,1195354000.0,,45196000.0,926609000.0,463864000.0,90847000.0,2721870000.0,418609000.0,75812000.0,,1142222000.0,,180609000.0,,,,750697000.0,-3346000.0,913822000.0,2721870000.0,,19275000.0,-3337000.0,71102000.0,,,46553000.0,,,,135460000.0,,,,,190447000.0,19111000.0,,,-209558000.0,27187000.0,29355000.0,61988000.0,-1510000.0,38169000.0
2013-03-31,193651000.0,,,,,,94253000.0,,90513000.0,25851000.0,64662000.0,0.8,0.77,81222000.0,83960000.0,224613000.0,,626464000.0,,7710000.0,,,1318066000.0,,45892000.0,973335000.0,502103000.0,50988000.0,2890384000.0,501036000.0,61383000.0,,1239829000.0,,175554000.0,,,,815359000.0,-14078000.0,983013000.0,2890384000.0,,4162000.0,-1012000.0,192483000.0,,,-40113000.0,,,,-13690000.0,,,,,94773000.0,4762000.0,,,-99535000.0,5256000.0,5843000.0,63591000.0,-59036000.0,38426000.0
2013-06-30,414520000.0,,,,,,203327000.0,,195837000.0,58076000.0,137761000.0,1.69,1.64,81573000.0,84461000.0,292905000.0,,627675000.0,,7642000.0,,,1405818000.0,,46654000.0,994648000.0,515702000.0,50267000.0,3013089000.0,528161000.0,65865000.0,,1300576000.0,,176502000.0,,,,888458000.0,-37500000.0,1050014000.0,3013089000.0,,8059000.0,-2598000.0,190998000.0,,,-39322000.0,,,,82712000.0,,,,,156956000.0,10108000.0,,,-167064000.0,12511000.0,12016000.0,110084000.0,9256000.0,60120000.0
2013-09-30,639670000.0,,,,,,314582000.0,,303492000.0,87111000.0,216381000.0,2.65,2.56,81974000.0,84905000.0,345689000.0,,661901000.0,,5938000.0,,,1490524000.0,,48797000.0,1241969000.0,643938000.0,49877000.0,3475105000.0,567420000.0,69054000.0,,1596960000.0,,225161000.0,,,,967078000.0,-19207000.0,1173902000.0,3475105000.0,,12441000.0,-4524000.0,184367000.0,,,-38580000.0,,,,208011000.0,,,,,376971000.0,15348000.0,,,-392319000.0,22800000.0,24319000.0,253605000.0,62040000.0,84695000.0
2013-12-31,895171000.0,,,,,,420632000.0,,403569000.0,119068000.0,284501000.0,3.48,3.36,81793000.0,84655000.0,338105000.0,,573351000.0,,-244754000.0,,,1353512000.0,,53956000.0,1552725000.0,871263000.0,100779000.0,3932235000.0,467202000.0,114870000.0,,1908898000.0,,249504000.0,,55001000.0,,1035198000.0,-47426000.0,1243893000.0,3932235000.0,,26676000.0,-5453000.0,45005000.0,,,-38906000.0,,,,375685000.0,,,,,728343000.0,20785000.0,,,-749128000.0,30438000.0,32535000.0,435725000.0,54456000.0,99308000.0
2014-03-31,253908000.0,,,,,,114136000.0,,108131000.0,33022000.0,75109000.0,0.91,0.88,82737000.0,85695000.0,283374000.0,,682753000.0,,4258000.0,,,1471409000.0,,54891000.0,1561530000.0,860898000.0,87989000.0,4036717000.0,578507000.0,111275000.0,,1910093000.0,,248066000.0,,52462000.0,,1110307000.0,-31499000.0,1366180000.0,4036717000.0,,10612000.0,603000.0,153184000.0,,,-545000.0,,,,51494000.0,,,,,19292000.0,5584000.0,,,-24876000.0,4512000.0,16126000.0,-80893000.0,-54731000.0,20865000.0
2014-06-30,527410000.0,,,,,,248620000.0,,236086000.0,72428000.0,163658000.0,1.97,1.91,82996000.0,85817000.0,297642000.0,,688527000.0,,4415000.0,,,1523054000.0,,56500000.0,1572930000.0,848635000.0,89863000.0,4253365000.0,573482000.0,124027000.0,,2027988000.0,,245984000.0,,53666000.0,,1198856000.0,-24667000.0,1475520000.0,4253365000.0,,18299000.0,2032000.0,197667000.0,,,389000.0,,,,157721000.0,,,,,189850000.0,11552000.0,,,-201402000.0,8277000.0,18634000.0,1782000.0,-40463000.0,52697000.0
2014-09-30,822693000.0,,,,,,392827000.0,,372640000.0,113473000.0,259167000.0,3.12,3.02,83611000.0,86134000.0,304109000.0,,715662000.0,,3444000.0,,,1504675000.0,,56184000.0,1557011000.0,865116000.0,93942000.0,4224440000.0,612691000.0,109258000.0,,1928690000.0,,233695000.0,,68428000.0,,1294365000.0,-93146000.0,1558807000.0,4224440000.0,,26292000.0,-1280000.0,137942000.0,,,-460000.0,,,,317492000.0,,,,,261919000.0,18279000.0,,,-280198000.0,21922000.0,53251000.0,-56193000.0,-33996000.0,63553000.0
2014-12-31,1199390000.0,,,,,,565449000.0,,512943000.0,144236000.0,368707000.0,4.37,4.24,84317000.0,86982000.0,477069000.0,,673797000.0,,161872000.0,,,2137350000.0,,73563000.0,3811862000.0,2437367000.0,72431000.0,8674506000.0,716676000.0,178375000.0,,2896618000.0,,815169000.0,,40629000.0,,1403905000.0,-156933000.0,2753137000.0,8674506000.0,,37649000.0,41716000.0,-246465000.0,,,-12455000.0,,,,608334000.0,,,,,2567017000.0,27070000.0,,,-2594087000.0,29641000.0,56790000.0,2162265000.0,138964000.0,79124000.0
2015-03-31,416166000.0,,,,,,163774000.0,,139648000.0,45495000.0,94153000.0,1.03,1.0,91750000.0,93934000.0,379393000.0,,773474000.0,,77638000.0,,,2109265000.0,,72066000.0,3761378000.0,2369922000.0,68007000.0,8504724000.0,775929000.0,151974000.0,,2756279000.0,,794381000.0,,34186000.0,,1498058000.0,-249990000.0,2780174000.0,8504724000.0,,16951000.0,,114385000.0,,,1835000.0,,,,67403000.0,,,,,851000.0,8105000.0,,,-8956000.0,2571000.0,6418000.0,-142641000.0,-97676000.0,15992000.0
2015-06-30,820771000.0,,,,,,332925000.0,-47986000.0,284939000.0,92108000.0,192831000.0,2.1,2.05,91904000.0,94050000.0,384175000.0,,811477000.0,,54143000.0,,,2201006000.0,,73162000.0,3767071000.0,2338148000.0,73477000.0,8574671000.0,815544000.0,160983000.0,,2721600000.0,,794135000.0,,39687000.0,,1596736000.0,-243143000.0,2907004000.0,8574671000.0,,30500000.0,,233528000.0,,,2961000.0,,,,198412000.0,,,,,7954000.0,16234000.0,,,-24188000.0,7105000.0,9639000.0,-253336000.0,-92894000.0,30234000.0
2015-09-30,1272264000.0,,,,,,521385000.0,-71089000.0,450296000.0,140695000.0,309601000.0,3.37,3.29,92110000.0,94157000.0,422390000.0,,731957000.0,,33081000.0,,,2033543000.0,,75860000.0,3712326000.0,2270524000.0,67704000.0,8285133000.0,760413000.0,178974000.0,,2441259000.0,,759871000.0,,34768000.0,,1713506000.0,-332610000.0,2962571000.0,8285133000.0,,44387000.0,,71310000.0,,,3297000.0,,,,524452000.0,,,,,17021000.0,29526000.0,,,-46547000.0,13977000.0,24455000.0,-502264000.0,-54679000.0,47339000.0
2015-12-31,1702865000.0,,,,,,667534000.0,-131530000.0,536004000.0,173573000.0,362431000.0,3.94,3.85,92023000.0,94139000.0,447152000.0,,638954000.0,,8913000.0,,,1945172000.0,,80760000.0,3546034000.0,2183595000.0,59739000.0,7891868000.0,669528000.0,150677000.0,,2248021000.0,,713428000.0,,38957000.0,,1766336000.0,-570811000.0,2830047000.0,7891868000.0,,90122000.0,30626000.0,-40017000.0,,,2524000.0,,,,754584000.0,,,,,57539000.0,41875000.0,,,-99414000.0,19926000.0,26427000.0,-648065000.0,-29917000.0,83380000.0
2016-03-31,414262000.0,,,,,,175955000.0,-19043000.0,156912000.0,46940000.0,109972000.0,1.19,1.17,92516000.0,94329000.0,399318000.0,,880808000.0,,7969000.0,,,2054581000.0,,85605000.0,3564211000.0,2155157000.0,69650000.0,8011830000.0,796803000.0,185505000.0,,2238014000.0,,713404000.0,,39738000.0,,1876308000.0,-539609000.0,2987769000.0,8011830000.0,,15186000.0,,182761000.0,,,11696000.0,,,,121505000.0,,,,,9006000.0,11739000.0,,,-20745000.0,387000.0,1118000.0,-157389000.0,-47834000.0,11824000.0
2016-06-30,832167000.0,,,,,,347123000.0,-27863000.0,319260000.0,95103000.0,224157000.0,2.42,2.37,92665000.0,94549000.0,493085000.0,,908385000.0,,7106000.0,,,2350945000.0,,90423000.0,3557446000.0,2112238000.0,66853000.0,8268708000.0,904151000.0,160566000.0,,2432290000.0,,705130000.0,,40665000.0,,1990492000.0,-559741000.0,3082705000.0,8268708000.0,,32620000.0,,392545000.0,,,9362000.0,,,,208856000.0,,,,,13167000.0,24757000.0,,,-37924000.0,7964000.0,3186000.0,-118303000.0,45933000.0,64345000.0
2016-09-30,1316593000.0,,,,,,538178000.0,-48714000.0,489464000.0,132503000.0,356961000.0,3.85,3.75,92631000.0,95307000.0,405435000.0,,1334686000.0,,8879000.0,,,2685156000.0,,144486000.0,4183981000.0,2758877000.0,63837000.0,9916054000.0,1230339000.0,206386000.0,,3454973000.0,,692221000.0,,37982000.0,,2123297000.0,-612150000.0,3178521000.0,9916054000.0,,50025000.0,,527255000.0,,,9115000.0,,,,404286000.0,,,,,1331079000.0,41877000.0,,-1411000.0,-1371545000.0,18620000.0,0.0,976413000.0,-41717000.0,79599000.0
2016-12-31,1832000000.0,,,,,,754153000.0,-111234000.0,642919000.0,190534000.0,452385000.0,4.89,4.75,92597000.0,95213000.0,475018000.0,,1202009000.0,,0.0,,,2527693000.0,,142504000.0,4195150000.0,2653233000.0,71952000.0,9626732000.0,1151432000.0,238812000.0,,3296318000.0,,,,56069000.0,,2218721000.0,-666403000.0,3084038000.0,9626732000.0,,63946000.0,-28681000.0,338796000.0,,,20345000.0,,,,705912000.0,,,,,1331985000.0,59011000.0,,-1411000.0,-1389585000.0,21231000.0,0.0,753969000.0,27866000.0,101951000.0
2017-03-31,520433000.0,,,,,,195068000.0,-27700000.0,167368000.0,43675000.0,123693000.0,1.34,1.31,92108000.0,94560000.0,546560000.0,,1360833000.0,,,,,2882091000.0,,149037000.0,4227472000.0,2633651000.0,76940000.0,10009954000.0,1246182000.0,213999000.0,,3500665000.0,,,,40276000.0,,2342414000.0,-572789000.0,3341812000.0,10009954000.0,,23093000.0,,236564000.0,,,2673000.0,,,,54215000.0,,,,,0.0,14796000.0,,6327000.0,-21123000.0,15230000.0,,19094000.0,71542000.0,88503000.0
2017-06-30,1061670000.0,,,,,,411111000.0,-53354000.0,357757000.0,103077000.0,254680000.0,2.77,2.7,92060000.0,94392000.0,564578000.0,,1429563000.0,,,,,3045358000.0,,154278000.0,4212523000.0,2562326000.0,86381000.0,10101711000.0,1240766000.0,206073000.0,,3619026000.0,,,,45402000.0,,2473401000.0,-610049000.0,3405500000.0,10101711000.0,,44243000.0,,380196000.0,,,15050000.0,,,,179004000.0,,,,,3580000.0,32600000.0,,6327000.0,-42507000.0,16432000.0,,-67805000.0,89560000.0,188157000.0
2017-09-30,1639547000.0,,,,,,643748000.0,94865000.0,685259000.0,227756000.0,457503000.0,4.99,4.87,91619000.0,93923000.0,834756000.0,,1456255000.0,,,,,3521501000.0,,168065000.0,4644559000.0,2876440000.0,86203000.0,11330294000.0,1435585000.0,285841000.0,,4172898000.0,,,,50504000.0,,2676224000.0,-466367000.0,3430418000.0,11330294000.0,,68897000.0,,440011000.0,,,15378000.0,,,,419490000.0,,,,,602298000.0,49459000.0,,6327000.0,-341583000.0,20192000.0,,250099000.0,359738000.0,257349000.0
2017-12-31,2249538000.0,,,,,,883760000.0,9830000.0,893590000.0,153390000.0,740200000.0,8.12,7.91,91129000.0,93594000.0,913595000.0,,1420011000.0,,81839000.0,,,3549701000.0,,180057000.0,4715823000.0,2724957000.0,114962000.0,11318359000.0,1437314000.0,238472000.0,,4095502000.0,,517111000.0,,125319000.0,,2958921000.0,-551857000.0,3676522000.0,11318359000.0,,93297000.0,-247712000.0,431003000.0,,,20957000.0,,,,675723000.0,,,,,705257000.0,70093000.0,,38953000.0,-497802000.0,44690000.0,0.0,251938000.0,438577000.0,392192000.0
2018-03-31,586000000.0,,,,,,260087000.0,-30768000.0,229319000.0,54382000.0,174937000.0,1.95,1.88,89765000.0,93250000.0,979573000.0,,1691762000.0,,,,,3907065000.0,,184031000.0,4744292000.0,2682516000.0,141702000.0,11692465000.0,1609240000.0,261309000.0,,4307676000.0,,,,124055000.0,,3181110000.0,-508603000.0,3888052000.0,11692465000.0,,14403000.0,,288152000.0,,,7101000.0,,,,200702000.0,,,,,3875000.0,15214000.0,,3642000.0,-22731000.0,19975000.0,,-98993000.0,91631000.0,16830000.0
2018-06-30,1170484000.0,,,,,,524870000.0,-64376000.0,460494000.0,108705000.0,351789000.0,3.93,3.78,89466000.0,92970000.0,919662000.0,,1716937000.0,,,,,4049207000.0,,179096000.0,4556206000.0,2515232000.0,145533000.0,11485133000.0,1532741000.0,214682000.0,852617000.0,4601514000.0,,,,113300000.0,,3357962000.0,-870688000.0,3439085000.0,11485133000.0,,33505000.0,,519527000.0,,,15418000.0,,,,275089000.0,,,,,3811000.0,34614000.0,,11200000.0,-49617000.0,29498000.0,,-104760000.0,54568000.0,112982000.0
2018-09-30,1790070000.0,,,,,,805961000.0,-107899000.0,698062000.0,188579000.0,509483000.0,5.72,5.5,89126000.0,92671000.0,924442000.0,,1811339000.0,,,,,4132991000.0,,184979000.0,4517348000.0,2438627000.0,143913000.0,11450890000.0,1616949000.0,252069000.0,825371000.0,4484468000.0,,,,124486000.0,,3515657000.0,-944746000.0,3562248000.0,11450890000.0,,54207000.0,,640859000.0,,,19922000.0,,,,555380000.0,,,,,3799000.0,56312000.0,,11192000.0,-71303000.0,48322000.0,,-356332000.0,57680000.0,162563000.0
2018-12-31,2433492000.0,,,,,,1090698000.0,4427000.0,1095125000.0,283642000.0,811483000.0,9.14,8.81,88750000.0,92151000.0,1031145000.0,,1425815000.0,,91868000.0,,,3875986000.0,,186201000.0,4542074000.0,2407910000.0,147632000.0,11202477000.0,1117649000.0,261594000.0,926685000.0,4495213000.0,,,,126707000.0,,3817656000.0,-913858000.0,3340180000.0,11202477000.0,,69939000.0,-2750000.0,159024000.0,,,25432000.0,,,,903382000.0,,,,,20843000.0,81387000.0,,22775000.0,-26270000.0,55680000.0,,-577815000.0,234023000.0,207504000.0
2019-03-31,622000000.0,,,,,,284176000.0,-54935000.0,229241000.0,57134000.0,172107000.0,2.0,1.93,85941000.0,89244000.0,1057465000.0,,1655459000.0,,,,,4172059000.0,,186251000.0,4549099000.0,2355639000.0,225361000.0,11514915000.0,1518827000.0,311357000.0,768342000.0,4562098000.0,,,,219574000.0,,3989763000.0,-934192000.0,3530967000.0,11514915000.0,,12541000.0,,302395000.0,,,14517000.0,,,,297494000.0,,,,,0.0,14506000.0,,0.0,-14506000.0,29795000.0,,-272918000.0,7678000.0,17894000.0
2019-06-30,1269000000.0,,,,,,581493000.0,-94992000.0,486501000.0,52743000.0,433758000.0,5.03,4.84,86360000.0,90131000.0,1170339000.0,,1727183000.0,,,,,4386358000.0,,190215000.0,4720471000.0,2417188000.0,234725000.0,11975592000.0,1523862000.0,269913000.0,870217000.0,4749210000.0,,,,254523000.0,,4251414000.0,-928197000.0,3843372000.0,11975592000.0,,30847000.0,,418806000.0,,,17286000.0,,,,550021000.0,,,,,250926000.0,31975000.0,,0.0,-282901000.0,56950000.0,,-151546000.0,123733000.0,100396000.0
2019-09-30,1950000000.0,,,,,,910634000.0,-131376000.0,779258000.0,119695000.0,659563000.0,7.64,7.33,86662000.0,90522000.0,1058762000.0,,1703998000.0,,,,,4440007000.0,,185522000.0,4707383000.0,2315645000.0,239387000.0,11914194000.0,1375929000.0,290957000.0,957667000.0,3978937000.0,,,,270293000.0,,4477219000.0,-1114678000.0,3900310000.0,11914194000.0,,46120000.0,,472378000.0,,,26578000.0,,,,791135000.0,,,,,334860000.0,48681000.0,,0.0,-383541000.0,117627000.0,,-260470000.0,100984000.0,148727000.0
2019-12-31,2648848000.0,,,,,,1231430000.0,-153611000.0,1077819000.0,182746000.0,895073000.0,10.36,9.94,86401000.0,90070000.0,1271494000.0,,1568961000.0,,135255000.0,,,4618571000.0,,199825000.0,4833047000.0,2341882000.0,224776000.0,12248541000.0,1249586000.0,275511000.0,1007631000.0,4463068000.0,,,,263930000.0,,4712729000.0,-972465000.0,3711616000.0,12248541000.0,,60953000.0,37883000.0,196028000.0,,,6792000.0,,,,1162071000.0,,,,,448277000.0,75170000.0,,255000.0,-523702000.0,168925000.0,,-310171000.0,310344000.0,200525000.0
2020-03-31,661093000.0,,,,,,200983000.0,-28684000.0,172299000.0,25239000.0,147060000.0,1.73,1.67,84902000.0,88205000.0,1070681000.0,,1338056000.0,,,,,4129012000.0,,183229000.0,4583881000.0,2169742000.0,216218000.0,11310150000.0,1058713000.0,250232000.0,906065000.0,4460076000.0,,,,321053000.0,,4859789000.0,-1592124000.0,2796229000.0,11310150000.0,,14175000.0,,-156052000.0,,,3046000.0,,,,420033000.0,,,,,467000.0,18257000.0,,,-18724000.0,73274000.0,,-314451000.0,-123001000.0,32939000.0
2020-06-30,1186239000.0,,,,,,413794000.0,-29867000.0,383927000.0,78379000.0,305548000.0,3.62,3.5,84399000.0,87380000.0,765789000.0,,1279343000.0,,,,,3464069000.0,,185599000.0,4582250000.0,2121304000.0,211722000.0,10626717000.0,1096303000.0,244068000.0,887601000.0,3626968000.0,,,,329621000.0,,5018277000.0,-1581975000.0,2966434000.0,10626717000.0,,23164000.0,,-359685000.0,,,-828000.0,,,,802168000.0,,,,,492000.0,36870000.0,,,-37362000.0,92977000.0,,-1032433000.0,-483891000.0,56790000.0
2020-09-30,1772000000.0,,,,,,678326000.0,-58989000.0,619337000.0,124972000.0,494365000.0,5.87,5.68,84170000.0,87006000.0,788854000.0,,1552695000.0,,,,,3971016000.0,,189953000.0,4613597000.0,2115189000.0,196764000.0,11093999000.0,1297236000.0,299396000.0,,4195807000.0,,,,295530000.0,,5207094000.0,-1583136000.0,2937750000.0,11093999000.0,,35069000.0,,-49690000.0,,,-6129000.0,,,,1214696000.0,,,,,72557000.0,55019000.0,,,-74613000.0,95780000.0,,-1221927000.0,-304377000.0,119089000.0
2020-12-31,2388855000.0,,,,,,972265000.0,-89740000.0,882525000.0,178309000.0,704216000.0,8.38,8.12,84005000.0,86719000.0,934900000.0,,1366775000.0,,154844000.0,,,3956318000.0,,202509000.0,4719181000.0,2115882000.0,193209000.0,11194579000.0,1054478000.0,282681000.0,1175322000.0,3968311000.0,,,,245777000.0,,5416945000.0,-1363158000.0,3355411000.0,11194579000.0,,43384000.0,15668000.0,-264140000.0,,,-12656000.0,,,,1472589000.0,,,,,80787000.0,78425000.0,,0.0,-106249000.0,136797000.0,,-1416801000.0,-198618000.0,165315000.0
2021-03-31,609000000.0,,,,,,265965000.0,-30285000.0,235680000.0,51441000.0,184239000.0,2.21,2.15,83475000.0,85764000.0,958322000.0,,1590624000.0,,,,,4285373000.0,,200161000.0,4693469000.0,2050919000.0,185695000.0,11427474000.0,1348983000.0,278663000.0,,4313978000.0,,,,233740000.0,,5601184000.0,-1481019000.0,3296499000.0,11427474000.0,,17747000.0,,468593000.0,,,-4609000.0,,,,77850000.0,,,,,43727000.0,19526000.0,,,-63244000.0,27345000.0,,-16579000.0,-45097000.0,32041000.0
2021-06-30,1276004000.0,,,,,,563577000.0,-65378000.0,498199000.0,117713000.0,380486000.0,4.57,4.45,83307000.0,85528000.0,1301207000.0,,1787155000.0,,,,,5254143000.0,,216681000.0,5058174000.0,2265574000.0,220454000.0,13026883000.0,1578266000.0,290120000.0,,4980418000.0,,,,259061000.0,,5797431000.0,-1265177000.0,3488847000.0,13026883000.0,,35632000.0,,706574000.0,,,-20715000.0,,,,356442000.0,,,,,114994000.0,45765000.0,,2281000.0,-163040000.0,35921000.0,,358673000.0,582684000.0,113969000.0
2021-09-30,2031500000.0,,,,,,902264000.0,-95943000.0,806321000.0,191828000.0,614493000.0,7.42,7.24,82811000.0,84917000.0,1271000000.0,,2071523000.0,,,,,5524291000.0,,220643000.0,5102263000.0,2369457000.0,225872000.0,13454383000.0,1726705000.0,327271000.0,,5666270000.0,,,,258702000.0,,6031438000.0,-1436044000.0,3174985000.0,13454383000.0,,52085000.0,,1020900000.0,,,-28370000.0,,,,599541000.0,,,,,545052000.0,74455000.0,,2281000.0,-621788000.0,48159000.0,,579225000.0,532318000.0,147028000.0
2021-12-31,2833736000.0,,,,,,1242556000.0,-133748000.0,1108808000.0,269311000.0,839497000.0,10.23,9.99,82060000.0,84061000.0,1520027000.0,,1793274000.0,,134766000.0,,,5488048000.0,,236294000.0,5078978000.0,2335385000.0,213932000.0,13404653000.0,1406350000.0,369054000.0,1788705000.0,5290351000.0,,,,221392000.0,,6256442000.0,-1464616000.0,2866580000.0,13404653000.0,,80071000.0,11025000.0,731137000.0,,,-36832000.0,,,,1197063000.0,,,,,602120000.0,111530000.0,,2281000.0,-715931000.0,48781000.0,,343928000.0,774076000.0,229721000.0
2022-03-31,789241000.0,,,,,,317721000.0,-23051000.0,294670000.0,76718000.0,217952000.0,2.8,2.75,77737000.0,79286000.0,1298226000.0,,2304643000.0,,,,,6176246000.0,,254432000.0,5180832000.0,2314338000.0,224503000.0,14221413000.0,1957054000.0,376370000.0,,6091928000.0,,,,220049000.0,,6474394000.0,-1263437000.0,2904416000.0,14221413000.0,,32631000.0,,818969000.0,,,8940000.0,,,,-112253000.0,,,,,35864000.0,31387000.0,,,-67251000.0,8810000.0,,-49821000.0,-161257000.0,72296000.0
2022-06-30,1650519000.0,,,,,,688201000.0,-49878000.0,638323000.0,158200000.0,480123000.0,6.22,6.1,77250000.0,78762000.0,1423060000.0,,2448585000.0,,,,,6823469000.0,,260588000.0,5076364000.0,2220246000.0,262481000.0,14710215000.0,2014962000.0,348301000.0,,6431895000.0,,,,256672000.0,,6736565000.0,-1413833000.0,2687669000.0,14710215000.0,,66648000.0,,1225705000.0,,,48270000.0,,,,41853000.0,,,,,33744000.0,66629000.0,,0.0,-100373000.0,18837000.0,,122392000.0,105738000.0,215653000.0
2022-09-30,2543519000.0,,,,,,1077371000.0,-99150000.0,978221000.0,249213000.0,729008000.0,9.55,9.38,76311000.0,77687000.0,1317544000.0,,2184629000.0,,,,,6586068000.0,,272589000.0,5068954000.0,2169232000.0,314832000.0,14486024000.0,1693988000.0,389953000.0,,6638165000.0,,,,304237000.0,,6985450000.0,-1660445000.0,2227052000.0,14486024000.0,,100828000.0,,950237000.0,,,105013000.0,,,,438607000.0,,,,,160117000.0,107631000.0,,0.0,-267748000.0,22109000.0,,-40123000.0,50185000.0,309567000.0
2022-12-31,3427129000.0,,,,,,1446641000.0,-170981000.0,1275660000.0,321333000.0,954327000.0,12.62,12.42,75598000.0,76862000.0,1435163000.0,,2064745000.0,,144935000.0,,,6106152000.0,,294692000.0,5201435000.0,2130974000.0,281726000.0,14089260000.0,1568942000.0,351936000.0,1505004000.0,6043455000.0,,,,254009000.0,,7210769000.0,-1509650000.0,2541493000.0,14089260000.0,,121416000.0,-33174000.0,598674000.0,,,41068000.0,,,,754797000.0,,,,,216917000.0,151428000.0,,0.0,-368345000.0,49404000.0,,-311228000.0,38485000.0,358231000.0
2023-03-31,901333000.0,,,,,,375195000.0,-80351000.0,294844000.0,80009000.0,214835000.0,2.92,2.88,73521000.0,74483000.0,1272456000.0,,2369235000.0,,,,,6358972000.0,,310390000.0,5380050000.0,2197587000.0,273337000.0,14587923000.0,1907841000.0,404942000.0,,6203545000.0,,,,257286000.0,,7425604000.0,-1434016000.0,2881860000.0,14587923000.0,,26096000.0,,-370962000.0,,,-25141000.0,,,,327665000.0,,,,,126691000.0,36737000.0,,-4401000.0,-159027000.0,33399000.0,,-217715000.0,-19779000.0,35442000.0
2023-06-30,1849507000.0,,,,,,787845000.0,-166431000.0,621414000.0,166877000.0,454537000.0,6.17,6.08,73887000.0,75001000.0,1254243000.0,,2460650000.0,,,,,6923569000.0,,329146000.0,5473603000.0,2107081000.0,275533000.0,15178653000.0,1679702000.0,392652000.0,,6435890000.0,,,,262237000.0,,7665306000.0,-1357263000.0,3263436000.0,15178653000.0,,60844000.0,,365572000.0,,,-29397000.0,,,,826680000.0,,,,,126694000.0,78922000.0,,-4401000.0,-201215000.0,66148000.0,,-241811000.0,422055000.0,238769000.0
2023-09-30,2820400000.0,,,,,,1232822000.0,-241314000.0,991508000.0,265475000.0,726033000.0,9.87,9.72,73523000.0,74733000.0,1094234000.0,,2655275000.0,,,,,6860258000.0,,329992000.0,5553546000.0,2164999000.0,287708000.0,15264467000.0,1895280000.0,393439000.0,,6738219000.0,,,,280643000.0,,7936802000.0,-1361934000.0,3059451000.0,15264467000.0,,89917000.0,,809487000.0,,,-33090000.0,,,,903869000.0,,,,,429914000.0,117158000.0,,-4401000.0,-345646000.0,101202000.0,,-501459000.0,26333000.0,319764000.0
2023-12-31,3757719000.0,,,,,,1656873000.0,-331868000.0,1325005000.0,343115000.0,981890000.0,13.42,13.2,73155000.0,74387000.0,1389648000.0,,2161586000.0,,220686000.0,,,7084265000.0,,343154000.0,5644958000.0,2085663000.0,248691000.0,15476252000.0,1624995000.0,356118000.0,2397279000.0,6825753000.0,,,,301752000.0,,8192659000.0,-1289099000.0,3282359000.0,15476252000.0,,116086000.0,-46678000.0,210261000.0,,,-54180000.0,,,,2101132000.0,,,,,428327000.0,153822000.0,,-4401000.0,-380723000.0,113742000.0,,-898211000.0,852355000.0,408340000.0
2024-03-31,935300000.0,,,,,,397338000.0,-92048000.0,305290000.0,75487000.0,229769000.0,3.2,3.12,71769000.0,73545000.0,1311949000.0,,2376003000.0,,,,,7437366000.0,,351831000.0,5673732000.0,2033106000.0,265797000.0,15830131000.0,1849958000.0,408661000.0,2534349000.0,6950928000.0,,,,261062000.0,,8422428000.0,-1340847000.0,3254421000.0,15830131000.0,,24979000.0,,382889000.0,,,22021000.0,,,,350184000.0,,,,,56325000.0,41193000.0,,4826000.0,-102344000.0,90838000.0,,-158551000.0,61141000.0,38925000.0
2024-06-30,1911000000.0,,,,,,830677000.0,-191185000.0,639492000.0,158026000.0,481394000.0,6.79,6.64,70934000.0,72516000.0,1357567000.0,,2412011000.0,,,,,7975697000.0,,357759000.0,5545966000.0,1956855000.0,296219000.0,16196535000.0,1902909000.0,367753000.0,2763554000.0,7842547000.0,,,,315554000.0,,8674053000.0,-1498985000.0,2750705000.0,16196535000.0,,52087000.0,,497284000.0,,,18313000.0,,,,891105000.0,,,,,59871000.0,85289000.0,,1453000.0,-146613000.0,100241000.0,,-239238000.0,405761000.0,185333000.0
2024-09-30,2940200000.0,,,,,,1298809000.0,-301034000.0,997775000.0,240047000.0,757791000.0,10.75,10.53,70460000.0,71976000.0,1303464000.0,,2639473000.0,,,,,8780948000.0,,378424000.0,5927838000.0,2152599000.0,333996000.0,17638411000.0,1825725000.0,434571000.0,3204612000.0,8349672000.0,,,,440587000.0,,8950450000.0,-1461974000.0,3087283000.0,17638411000.0,,80593000.0,,584649000.0,,,17374000.0,,,,1291893000.0,,,,,245719000.0,131067000.0,,1453000.0,-378239000.0,184668000.0,,176236000.0,1013476000.0,264559000.0
,,,,,,,,,,,,,,,,,,,,,,,,,,,,,,,,,,,,,,,,,,,,,,,,,,,,,,,,,,,,,,,,,,,
,,,,,,,,,,,,,,,,,,,,,,,,,,,,,,,,,,,,,,,,,,,,,,,,,,,,,,,,,,,,,,,,,,,
