Date,Net sales,Cost of sales,Gross margin,Research and development,"Selling, general and administrative",Total operating expenses,Operating income,"Other income/(expense), net",Income before provision for income taxes,Provision for income taxes,Net income,Earnings per share basic,Earnings per share diluted,Weighted-average basic,Weighted-average diluted,Cash and cash equivalents,Short-term marketable securities,"Accounts receivable, net",Inventories,Deferred tax assets,Vendor non-trade receivables,Other current assets,Total current assets,Long-term marketable securities,"Property, Plant and Equipment, Net",Goodwill,"Acquired intangible assets, net","Other Assets, Noncurrent",Total assets,accounts payable,Accrued expenses,Deferred revenue,Total current liabilities,Deferred revenue - non-current,deferred tax liabilities,long term taxes payable,Total other non-current liabilities,Total liabilities,Retained Earnings (Accumulated Deficit),Accumulated other comprehensive (loss)/income,Total shareholders equity,Total liabilities and shareholders' equity,"Depreciation, amortization and accretion",Stock-based compensation expense,Deferred income tax expense,"Increase (Decrease) in Accounts receivable, net",Increase (Decrease) in Inventories,Increase (Decrease) in Other Receivables,Increase (Decrease) in Other Operating Assets,Increase (Decrease) in Accounts Payable,Increase (Decrease) in Deferred Revenue,Increase (Decrease) Other liabilities,Cash generated by operating activities,Purchases of marketable securities,Proceeds from maturities of marketable securities,Proceeds from sales of marketable securities,Purchases of other long-term investments,"Business acquisitions, net of cash acquired",Cash payments for capital asset purchases,Payments for acquisition of intangible assets,Payments for (Proceeds from) Other Investing Activities,Cash used in investing activities,Proceeds from issuance of common stock,Excess tax benefits from stock-based compensation,Cash generated/used in financing activities,Increase/(decrease) in cash and cash equivalents,"Cash paid for income taxes, net"
2010-01-31,,,,,,3487000000.0,869000000.0,,816000000.0,253000000.0,563000000.0,1.62,1.61,342000000.0,345000000.0,113000000.0,,,700000000.0,,,140000000.0,1632000000.0,,1969000000.0,1926000000.0,516000000.0,109000000.0,6152000000.0,512000000.0,576000000.0,,1633000000.0,,289000000.0,,954000000.0,5126000000.0,8668000000.0,-655000000.0,1023000000.0,6152000000.0,122000000.0,45000000.0,58000000.0,,126000000.0,,,,,,496000000.0,,,,,,103000000.0,,-2000000.0,-96000000.0,,4000000.0,-340000000.0,62000000.0,
2010-05-02,,,,,,4997000000.0,1161000000.0,,1081000000.0,350000000.0,731000000.0,2.11,2.09,341000000.0,344000000.0,80000000.0,,,639000000.0,,,169000000.0,1431000000.0,,1995000000.0,1945000000.0,512000000.0,103000000.0,5986000000.0,430000000.0,568000000.0,,2114000000.0,,297000000.0,,937000000.0,4890000000.0,8742000000.0,-620000000.0,1093000000.0,5986000000.0,185000000.0,68000000.0,44000000.0,,193000000.0,,,,,,859000000.0,,,,,,177000000.0,,-3000000.0,-169000000.0,,6000000.0,-665000000.0,29000000.0,
2010-10-31,,,,,,1728000000.0,444000000.0,,414000000.0,135000000.0,279000000.0,0.82,0.82,335000000.0,338000000.0,291000000.0,,,838000000.0,,,190000000.0,2124000000.0,,2042000000.0,2016000000.0,522000000.0,114000000.0,6818000000.0,577000000.0,573000000.0,,2479000000.0,,300000000.0,,989000000.0,5714000000.0,8945000000.0,-613000000.0,1101000000.0,6818000000.0,65000000.0,21000000.0,30000000.0,,-101000000.0,,,,,,-29000000.0,,,,,,27000000.0,,,-20000000.0,,3000000.0,69000000.0,37000000.0,
2011-01-30,,,,,,3496000000.0,803000000.0,,742000000.0,224000000.0,518000000.0,1.54,1.53,332000000.0,335000000.0,325000000.0,,,703000000.0,,,174000000.0,1914000000.0,,2018000000.0,2015000000.0,520000000.0,113000000.0,6580000000.0,538000000.0,573000000.0,,2415000000.0,,347000000.0,,989000000.0,5688000000.0,9087000000.0,-595000000.0,889000000.0,6580000000.0,129000000.0,46000000.0,77000000.0,,32000000.0,,,,,,483000000.0,,,,,,74000000.0,,,-65000000.0,,6000000.0,-366000000.0,71000000.0,
2011-05-01,,,,,,5002000000.0,1110000000.0,,1025000000.0,321000000.0,705000000.0,2.13,2.11,328000000.0,331000000.0,449000000.0,,,639000000.0,,,150000000.0,1842000000.0,,2060000000.0,2147000000.0,537000000.0,114000000.0,6700000000.0,431000000.0,564000000.0,,1837000000.0,,352000000.0,,1009000000.0,5629000000.0,9180000000.0,-433000000.0,1062000000.0,6700000000.0,194000000.0,69000000.0,66000000.0,,-116000000.0,,,,,,858000000.0,,,,,,133000000.0,,-1000000.0,-123000000.0,,7000000.0,-591000000.0,195000000.0,
2011-07-31,,,,,,6440000000.0,1279000000.0,,1168000000.0,366000000.0,805000000.0,2.44,2.42,326000000.0,329000000.0,484000000.0,,519000000.0,767000000.0,-208000000.0,41000000.0,152000000.0,1963000000.0,,2103000000.0,2133000000.0,527000000.0,136000000.0,6862000000.0,585000000.0,619000000.0,,1989000000.0,,367000000.0,,983000000.0,5766000000.0,9185000000.0,-427000000.0,1088000000.0,6862000000.0,268000000.0,87000000.0,46000000.0,,14000000.0,,,,,,1142000000.0,,,,,,272000000.0,,-2000000.0,-261000000.0,,11000000.0,-700000000.0,230000000.0,304000000.0
2011-10-30,,,,,,1745000000.0,416000000.0,,388000000.0,125000000.0,265000000.0,0.82,0.82,320000000.0,322000000.0,285000000.0,,,889000000.0,,,161000000.0,2123000000.0,,2057000000.0,2096000000.0,523000000.0,149000000.0,6948000000.0,661000000.0,606000000.0,,2033000000.0,,402000000.0,,924000000.0,5781000000.0,9355000000.0,-466000000.0,1161000000.0,6948000000.0,63000000.0,22000000.0,27000000.0,,131000000.0,,,,,,73000000.0,,,,,,40000000.0,,-1000000.0,-34000000.0,,,-229000000.0,-199000000.0,
2012-01-29,,,,,,3528000000.0,745000000.0,,691000000.0,227000000.0,470000000.0,1.46,1.45,319000000.0,321000000.0,322000000.0,,683000000.0,746000000.0,,,167000000.0,1918000000.0,,2047000000.0,2058000000.0,511000000.0,131000000.0,6665000000.0,551000000.0,598000000.0,,2152000000.0,,425000000.0,,883000000.0,5468000000.0,9466000000.0,-485000000.0,1195000000.0,6665000000.0,124000000.0,45000000.0,46000000.0,,-6000000.0,,,,,,478000000.0,,,,,,40000000.0,,-1000000.0,-95000000.0,,0.0,-529000000.0,-162000000.0,
2012-04-29,,,,,,5085000000.0,1009000000.0,,928000000.0,289000000.0,647000000.0,2.03,2.01,318000000.0,320000000.0,383000000.0,,564000000.0,673000000.0,,,147000000.0,1767000000.0,,2054000000.0,2047000000.0,511000000.0,113000000.0,6492000000.0,507000000.0,547000000.0,,1908000000.0,,439000000.0,,867000000.0,5220000000.0,9550000000.0,-485000000.0,1272000000.0,6492000000.0,189000000.0,62000000.0,64000000.0,,-80000000.0,,,,,,838000000.0,,,,,,40000000.0,,-6000000.0,-166000000.0,,6000000.0,-755000000.0,-101000000.0,
2012-07-29,,,,,,6495000000.0,1212000000.0,,1106000000.0,342000000.0,774000000.0,2.43,2.41,317000000.0,319000000.0,335000000.0,,513000000.0,714000000.0,-145000000.0,40000000.0,169000000.0,1771000000.0,,2127000000.0,2013000000.0,496000000.0,123000000.0,6530000000.0,571000000.0,598000000.0,,2070000000.0,,298000000.0,,1260000000.0,5632000000.0,9584000000.0,-776000000.0,898000000.0,6530000000.0,262000000.0,79000000.0,45000000.0,,-32000000.0,,,,,,1120000000.0,,,,,,40000000.0,,1000000.0,-323000000.0,,8000000.0,-920000000.0,-149000000.0,300000000.0
2012-10-28,,,,,,1951000000.0,385000000.0,,352000000.0,109000000.0,245000000.0,0.78,0.78,314000000.0,316000000.0,361000000.0,,,963000000.0,,,185000000.0,2401000000.0,,2409000000.0,2721000000.0,1081000000.0,135000000.0,8747000000.0,702000000.0,680000000.0,,3092000000.0,,461000000.0,,1157000000.0,7650000000.0,9736000000.0,-745000000.0,1099000000.0,8747000000.0,98000000.0,25000000.0,-2000000.0,,125000000.0,,,,,,81000000.0,,,,,1567000000.0,41000000.0,,9000000.0,-1614000000.0,,3000000.0,1558000000.0,26000000.0,
2013-01-27,,,,,,3983000000.0,686000000.0,,622000000.0,192000000.0,435000000.0,1.39,1.38,314000000.0,316000000.0,410000000.0,,,886000000.0,,,169000000.0,2264000000.0,,2361000000.0,2743000000.0,1084000000.0,141000000.0,8593000000.0,631000000.0,730000000.0,,2891000000.0,,479000000.0,,1128000000.0,7438000000.0,1841000000.0,-700000000.0,1160000000.0,8593000000.0,219000000.0,51000000.0,-13000000.0,,46000000.0,,,,,,499000000.0,,,,,1567000000.0,110000000.0,,11000000.0,-1685000000.0,,5000000.0,1257000000.0,75000000.0,
2013-04-28,,,,,,5805000000.0,958000000.0,,863000000.0,254000000.0,616000000.0,1.96,1.94,314000000.0,317000000.0,453000000.0,,,888000000.0,,,162000000.0,2177000000.0,,2356000000.0,2711000000.0,1075000000.0,134000000.0,8453000000.0,590000000.0,676000000.0,,2604000000.0,,478000000.0,,1114000000.0,7140000000.0,2022000000.0,-709000000.0,1317000000.0,8453000000.0,318000000.0,82000000.0,-10000000.0,,52000000.0,,,,,,864000000.0,,,,,1558000000.0,205000000.0,,15000000.0,-1774000000.0,,9000000.0,1031000000.0,118000000.0,
2013-07-28,,,,,,6972000000.0,1080000000.0,,955000000.0,275000000.0,458000000.0,1.46,1.44,314000000.0,317000000.0,333000000.0,,576000000.0,925000000.0,501000000.0,59000000.0,135000000.0,2221000000.0,,2260000000.0,2297000000.0,1021000000.0,131000000.0,8323000000.0,523000000.0,617000000.0,,3282000000.0,,489000000.0,,776000000.0,7113000000.0,1772000000.0,-565000000.0,1217000000.0,8323000000.0,407000000.0,113000000.0,-64000000.0,,146000000.0,,,,,,1019000000.0,,,,,1806000000.0,336000000.0,,17000000.0,-2154000000.0,,12000000.0,1237000000.0,66000000.0,345000000.0
2013-10-27,,,,,,1860000000.0,305000000.0,,275000000.0,95000000.0,172000000.0,0.55,0.54,314000000.0,317000000.0,305000000.0,,,1079000000.0,,,206000000.0,2587000000.0,,2283000000.0,2461000000.0,1194000000.0,123000000.0,9055000000.0,630000000.0,598000000.0,,4104000000.0,,595000000.0,,741000000.0,7710000000.0,1847000000.0,-506000000.0,1349000000.0,9055000000.0,74000000.0,21000000.0,43000000.0,,110000000.0,,,,,,38000000.0,,,,,329000000.0,52000000.0,,0.0,-381000000.0,,10000000.0,261000000.0,-82000000.0,
2014-01-26,,,,,,3780000000.0,666000000.0,,607000000.0,199000000.0,497000000.0,1.58,1.57,314000000.0,316000000.0,293000000.0,,,891000000.0,,,207000000.0,2174000000.0,,2241000000.0,2381000000.0,1188000000.0,135000000.0,8119000000.0,528000000.0,592000000.0,,3189000000.0,,555000000.0,,729000000.0,6720000000.0,2073000000.0,-616000000.0,1410000000.0,8119000000.0,148000000.0,37000000.0,13000000.0,,-65000000.0,,,,,,363000000.0,,,,,329000000.0,127000000.0,,1000000.0,97000000.0,,10000000.0,-553000000.0,-108000000.0,
2014-04-27,,,,,,5458000000.0,958000000.0,,869000000.0,278000000.0,681000000.0,2.17,2.16,314000000.0,316000000.0,222000000.0,,,858000000.0,,,198000000.0,1947000000.0,,2263000000.0,2431000000.0,1185000000.0,138000000.0,7964000000.0,501000000.0,550000000.0,,2817000000.0,,581000000.0,,728000000.0,6373000000.0,2159000000.0,-527000000.0,1602000000.0,7964000000.0,222000000.0,46000000.0,20000000.0,,-104000000.0,,,,,,763000000.0,,,,,329000000.0,198000000.0,,1000000.0,11000000.0,,11000000.0,-942000000.0,-179000000.0,
2014-08-03,,,,,,7076000000.0,1192000000.0,,1073000000.0,347000000.0,818000000.0,2.61,2.59,314000000.0,316000000.0,232000000.0,,585000000.0,1016000000.0,437000000.0,85000000.0,182000000.0,2100000000.0,,2318000000.0,2433000000.0,1175000000.0,87000000.0,8113000000.0,527000000.0,553000000.0,,2989000000.0,,548000000.0,,729000000.0,6510000000.0,2198000000.0,-569000000.0,1615000000.0,8113000000.0,305000000.0,57000000.0,23000000.0,,56000000.0,,,,,,899000000.0,,,,,329000000.0,347000000.0,,0.0,-134000000.0,,13000000.0,-925000000.0,-169000000.0,421000000.0
2014-11-02,,,,,,1887000000.0,368000000.0,,343000000.0,109000000.0,234000000.0,0.75,0.74,314000000.0,316000000.0,239000000.0,,,1105000000.0,,,174000000.0,2358000000.0,,2286000000.0,2379000000.0,1160000000.0,114000000.0,8297000000.0,597000000.0,524000000.0,,3168000000.0,,560000000.0,,719000000.0,6691000000.0,2332000000.0,-634000000.0,1618000000.0,8297000000.0,75000000.0,13000000.0,,,98000000.0,,,,,,188000000.0,,,,,0.0,62000000.0,,8000000.0,-64000000.0,,5000000.0,-111000000.0,7000000.0,
2015-02-01,,,,,,3809000000.0,680000000.0,,630000000.0,189000000.0,441000000.0,1.41,1.4,313000000.0,314000000.0,201000000.0,,,916000000.0,,,179000000.0,2090000000.0,,2257000000.0,2271000000.0,1139000000.0,146000000.0,7903000000.0,510000000.0,541000000.0,,2850000000.0,,547000000.0,,739000000.0,6389000000.0,2441000000.0,-795000000.0,1526000000.0,7903000000.0,149000000.0,31000000.0,,,-71000000.0,,,,,,584000000.0,,,,,0.0,143000000.0,,8000000.0,-143000000.0,,5000000.0,-448000000.0,-31000000.0,
2015-05-03,,,,,,5422000000.0,967000000.0,,889000000.0,266000000.0,623000000.0,1.99,1.98,313000000.0,314000000.0,230000000.0,,,876000000.0,,,155000000.0,1902000000.0,,2292000000.0,2281000000.0,1133000000.0,151000000.0,7759000000.0,462000000.0,491000000.0,,2323000000.0,,573000000.0,,725000000.0,6174000000.0,2526000000.0,-765000000.0,1597000000.0,7759000000.0,223000000.0,46000000.0,,,-108000000.0,,,,,,971000000.0,,,,,0.0,242000000.0,,7000000.0,-240000000.0,,5000000.0,-711000000.0,-2000000.0,
2015-08-02,,,,,,6987000000.0,1095000000.0,,990000000.0,299000000.0,691000000.0,2.21,2.21,312000000.0,313000000.0,253000000.0,,557000000.0,993000000.0,498000000.0,90000000.0,199000000.0,2092000000.0,,2347000000.0,2344000000.0,1205000000.0,101000000.0,8089000000.0,544000000.0,589000000.0,,2806000000.0,,505000000.0,,850000000.0,6713000000.0,2494000000.0,-909000000.0,1380000000.0,8089000000.0,303000000.0,57000000.0,-33000000.0,,14000000.0,,,,,,1182000000.0,,,,,232000000.0,380000000.0,,6000000.0,-603000000.0,,6000000.0,-526000000.0,21000000.0,333000000.0
2015-11-01,,,,,,1888000000.0,315000000.0,,287000000.0,93000000.0,194000000.0,0.63,0.62,310000000.0,312000000.0,263000000.0,,,1049000000.0,,,196000000.0,2337000000.0,,2340000000.0,2331000000.0,1200000000.0,96000000.0,8304000000.0,567000000.0,569000000.0,,2904000000.0,,462000000.0,,977000000.0,6894000000.0,1850000000.0,-200000000.0,1414000000.0,8304000000.0,74000000.0,13000000.0,,,56000000.0,,,,,,218000000.0,,,,,,71000000.0,,-1000000.0,-68000000.0,,6000000.0,-136000000.0,10000000.0,
2016-01-31,,,,,,3675000000.0,729000000.0,,674000000.0,215000000.0,459000000.0,1.48,1.47,310000000.0,312000000.0,306000000.0,,,855000000.0,110000000.0,,201000000.0,2132000000.0,,2340000000.0,2318000000.0,1193000000.0,96000000.0,8079000000.0,502000000.0,596000000.0,,2566000000.0,,479000000.0,,959000000.0,6555000000.0,2017000000.0,-223000000.0,1526000000.0,8079000000.0,152000000.0,34000000.0,,,-133000000.0,,,,,,727000000.0,,,,,,153000000.0,,-10000000.0,-139000000.0,,7000000.0,-526000000.0,53000000.0,
2016-05-01,,,,,,5277000000.0,997000000.0,,914000000.0,270000000.0,644000000.0,2.08,2.07,309000000.0,311000000.0,383000000.0,,,829000000.0,104000000.0,,182000000.0,2042000000.0,,2371000000.0,2377000000.0,1197000000.0,94000000.0,8081000000.0,487000000.0,602000000.0,,2377000000.0,,485000000.0,,993000000.0,6407000000.0,2105000000.0,-144000000.0,1676000000.0,8081000000.0,228000000.0,50000000.0,,,-172000000.0,,,,,,1183000000.0,,,,,,225000000.0,,14000000.0,-234000000.0,,7000000.0,-828000000.0,130000000.0,
2016-07-31,,,,,,7001000000.0,960000000.0,,849000000.0,286000000.0,563000000.0,1.82,1.81,309000000.0,311000000.0,296000000.0,,554000000.0,940000000.0,571000000.0,72000000.0,46000000.0,1908000000.0,,2407000000.0,2263000000.0,1152000000.0,107000000.0,7837000000.0,610000000.0,604000000.0,,2555000000.0,,396000000.0,,1039000000.0,6304000000.0,1927000000.0,-104000000.0,1525000000.0,7837000000.0,308000000.0,64000000.0,-30000000.0,,-59000000.0,,,,,,1463000000.0,,,,,0.0,341000000.0,,18000000.0,-354000000.0,,7000000.0,-1071000000.0,43000000.0,325000000.0
2016-10-30,,,,,,1745000000.0,457000000.0,,429000000.0,137000000.0,292000000.0,0.95,0.94,308000000.0,310000000.0,290000000.0,,,964000000.0,,,51000000.0,2146000000.0,,2380000000.0,2259000000.0,1145000000.0,109000000.0,8039000000.0,653000000.0,587000000.0,,2760000000.0,,414000000.0,,969000000.0,6441000000.0,2112000000.0,-107000000.0,1589000000.0,8039000000.0,77000000.0,14000000.0,,,27000000.0,,,,,,221000000.0,,,,,,48000000.0,,4000000.0,-52000000.0,,,-173000000.0,-6000000.0,
2017-01-29,,,,,,3711000000.0,662000000.0,,606000000.0,213000000.0,393000000.0,1.28,1.27,307000000.0,309000000.0,309000000.0,,,820000000.0,,,53000000.0,1896000000.0,,2375000000.0,2064000000.0,1115000000.0,120000000.0,7570000000.0,564000000.0,559000000.0,,2436000000.0,,402000000.0,,960000000.0,6091000000.0,2102000000.0,-113000000.0,1470000000.0,7570000000.0,154000000.0,32000000.0,,,-117000000.0,,,,,,667000000.0,,,,,,119000000.0,,13000000.0,-132000000.0,,,-518000000.0,13000000.0,
2017-04-30,,,,,,5266000000.0,960000000.0,,876000000.0,307000000.0,569000000.0,1.86,1.85,306000000.0,308000000.0,313000000.0,,,791000000.0,,,68000000.0,1790000000.0,,2372000000.0,2057000000.0,1113000000.0,119000000.0,7451000000.0,568000000.0,538000000.0,,2352000000.0,,412000000.0,,927000000.0,5961000000.0,2173000000.0,-118000000.0,1481000000.0,7451000000.0,234000000.0,48000000.0,,,-144000000.0,,,,,,1011000000.0,,,,,,195000000.0,,14000000.0,-209000000.0,,,-780000000.0,17000000.0,
2017-07-30,,,,,,6490000000.0,1400000000.0,,1293000000.0,406000000.0,887000000.0,2.91,2.89,305000000.0,307000000.0,319000000.0,,550000000.0,902000000.0,442000000.0,55000000.0,74000000.0,1900000000.0,,2454000000.0,2115000000.0,1118000000.0,139000000.0,7726000000.0,666000000.0,561000000.0,,2395000000.0,,490000000.0,,697000000.0,6081000000.0,2385000000.0,-53000000.0,1637000000.0,7726000000.0,318000000.0,60000000.0,93000000.0,,-46000000.0,,,,,,1291000000.0,,,,,0.0,338000000.0,,30000000.0,-368000000.0,,,-911000000.0,23000000.0,320000000.0
2017-10-29,,,,,,1749000000.0,412000000.0,,382000000.0,107000000.0,275000000.0,0.91,0.91,301000000.0,302000000.0,163000000.0,,,1001000000.0,,,66000000.0,1996000000.0,,2417000000.0,2086000000.0,1112000000.0,135000000.0,7746000000.0,713000000.0,518000000.0,,2583000000.0,,531000000.0,,674000000.0,6057000000.0,2555000000.0,-85000000.0,1681000000.0,7746000000.0,82000000.0,14000000.0,,,105000000.0,,,,,,188000000.0,,,,,,58000000.0,,5000000.0,-63000000.0,,,-279000000.0,-156000000.0,
2018-01-28,,,,,,3686000000.0,655000000.0,,593000000.0,-74000000.0,560000000.0,1.86,1.85,301000000.0,302000000.0,196000000.0,,,869000000.0,,,125000000.0,1928000000.0,,2518000000.0,2259000000.0,1485000000.0,146000000.0,8336000000.0,707000000.0,523000000.0,,3012000000.0,,383000000.0,,745000000.0,6387000000.0,2734000000.0,-21000000.0,1942000000.0,8336000000.0,161000000.0,32000000.0,,,-84000000.0,,,,,,660000000.0,,,,,682000000.0,132000000.0,,11000000.0,-825000000.0,,,38000000.0,-123000000.0,
2018-04-29,,,,,,6286000000.0,-475000000.0,,-517000000.0,-124000000.0,-393000000.0,-1.31,-1.31,301000000.0,302000000.0,199000000.0,,,1076000000.0,,,181000000.0,2329000000.0,,3174000000.0,4608000000.0,4273000000.0,182000000.0,14566000000.0,848000000.0,671000000.0,,3403000000.0,,936000000.0,,736000000.0,13155000000.0,2236000000.0,-76000000.0,1404000000.0,14566000000.0,266000000.0,48000000.0,,,-50000000.0,,,,,,1024000000.0,,,,,6773000000.0,223000000.0,5000000.0,12000000.0,-7008000000.0,,,5865000000.0,-120000000.0,
2018-07-29,,,,,,8216000000.0,469000000.0,,272000000.0,11000000.0,261000000.0,0.87,0.86,301000000.0,302000000.0,226000000.0,,714000000.0,1199000000.0,280000000.0,71000000.0,86000000.0,2296000000.0,,3233000000.0,4580000000.0,4196000000.0,224000000.0,14529000000.0,893000000.0,676000000.0,,3594000000.0,,995000000.0,,569000000.0,13156000000.0,2224000000.0,-118000000.0,1364000000.0,14529000000.0,394000000.0,61000000.0,-133000000.0,,84000000.0,,,,,,1305000000.0,,,,,6772000000.0,407000000.0,9000000.0,20000000.0,-7197000000.0,,,5807000000.0,-93000000.0,128000000.0
2018-10-28,2694000000.0,1870000000.0,,,,2344000000.0,350000000.0,,257000000.0,63000000.0,194000000.0,0.64,0.64,301000000.0,302000000.0,205000000.0,,,1226000000.0,,,95000000.0,2521000000.0,,3162000000.0,4689000000.0,3991000000.0,224000000.0,14587000000.0,951000000.0,704000000.0,,3662000000.0,,960000000.0,,549000000.0,13172000000.0,2295000000.0,-156000000.0,1406000000.0,14587000000.0,122000000.0,14000000.0,,,33000000.0,,,,,,231000000.0,,,,,,111000000.0,20000000.0,-10000000.0,-100000000.0,,,-148000000.0,-21000000.0,
2019-01-27,5407000000.0,3869000000.0,,,,5038000000.0,369000000.0,,184000000.0,49000000.0,135000000.0,0.45,0.45,301000000.0,302000000.0,203000000.0,,,1076000000.0,,,89000000.0,2295000000.0,,3036000000.0,4721000000.0,3752000000.0,220000000.0,14024000000.0,930000000.0,784000000.0,,3299000000.0,,904000000.0,,540000000.0,12746000000.0,2130000000.0,-143000000.0,1269000000.0,14024000000.0,241000000.0,31000000.0,,,-122000000.0,,,,,,846000000.0,,,,,18000000.0,198000000.0,23000000.0,-11000000.0,-203000000.0,,,-663000000.0,-23000000.0,
2019-04-28,7129000000.0,4781000000.0,,,,6119000000.0,1010000000.0,,734000000.0,184000000.0,219000000.0,0.73,0.73,301000000.0,302000000.0,202000000.0,,,884000000.0,,,102000000.0,2161000000.0,,2769000000.0,4702000000.0,3587000000.0,203000000.0,13768000000.0,841000000.0,672000000.0,,3511000000.0,,990000000.0,,519000000.0,12531000000.0,2107000000.0,-174000000.0,1228000000.0,13768000000.0,349000000.0,45000000.0,,,-156000000.0,,,,,,1148000000.0,,,,,18000000.0,274000000.0,27000000.0,-14000000.0,-222000000.0,,,-941000000.0,-20000000.0,
2019-07-28,8107000000.0,5414000000.0,,,,7128000000.0,979000000.0,,625000000.0,151000000.0,211000000.0,0.7,0.7,301000000.0,302000000.0,31000000.0,,525000000.0,863000000.0,304000000.0,49000000.0,71000000.0,1967000000.0,,2455000000.0,4017000000.0,3415000000.0,127000000.0,13148000000.0,814000000.0,609000000.0,,3385000000.0,,924000000.0,,559000000.0,12036000000.0,1993000000.0,-198000000.0,1103000000.0,13148000000.0,446000000.0,58000000.0,23000000.0,,-36000000.0,,,,,,1398000000.0,,,,,18000000.0,384000000.0,29000000.0,-14000000.0,153000000.0,,,-1591000000.0,-47000000.0,117000000.0
2019-10-27,2183000000.0,1445000000.0,,,,1866000000.0,317000000.0,,237000000.0,68000000.0,166000000.0,0.55,0.55,301000000.0,303000000.0,61000000.0,,,887000000.0,,,61000000.0,2053000000.0,,2352000000.0,3988000000.0,3383000000.0,390000000.0,13110000000.0,890000000.0,567000000.0,,3435000000.0,,942000000.0,,737000000.0,11861000000.0,2050000000.0,-126000000.0,1239000000.0,13110000000.0,81000000.0,14000000.0,,,37000000.0,,,,,,182000000.0,,,,,,98000000.0,3000000.0,0.0,269000000.0,,,-453000000.0,-3000000.0,
2020-01-26,4345000000.0,2865000000.0,,,,3678000000.0,667000000.0,,441000000.0,101000000.0,1374000000.0,4.56,4.53,302000000.0,304000000.0,58000000.0,,,779000000.0,,,59000000.0,1556000000.0,,2336000000.0,3988000000.0,3373000000.0,401000000.0,11654000000.0,923000000.0,600000000.0,,2536000000.0,,956000000.0,,744000000.0,9155000000.0,3151000000.0,5000000.0,2494000000.0,11654000000.0,162000000.0,33000000.0,,,-73000000.0,,,,,,663000000.0,,,,,0.0,167000000.0,6000000.0,-3000000.0,2368000000.0,,,-3152000000.0,-121000000.0,
2020-04-26,6583000000.0,4331000000.0,,,,5643000000.0,940000000.0,,659000000.0,153000000.0,1542000000.0,5.11,5.07,302000000.0,304000000.0,1242000000.0,,,731000000.0,,,111000000.0,2746000000.0,,2340000000.0,3981000000.0,3362000000.0,289000000.0,12718000000.0,993000000.0,619000000.0,,3269000000.0,,,,718000000.0,10137000000.0,3212000000.0,-7000000.0,2575000000.0,12718000000.0,241000000.0,47000000.0,,,-118000000.0,,,,,,1125000000.0,,,,,0.0,220000000.0,10000000.0,-3000000.0,2318000000.0,,,-2378000000.0,1063000000.0,
2020-08-02,8691000000.0,5692000000.0,,,,7584000000.0,1107000000.0,,766000000.0,174000000.0,1628000000.0,5.39,5.36,302000000.0,304000000.0,859000000.0,,530000000.0,871000000.0,271000000.0,45000000.0,80000000.0,2385000000.0,,2368000000.0,3986000000.0,3350000000.0,283000000.0,12372000000.0,1049000000.0,693000000.0,,3075000000.0,,,,820000000.0,9803000000.0,3190000000.0,-10000000.0,2563000000.0,12372000000.0,328000000.0,61000000.0,-7000000.0,,20000000.0,,,,,,1396000000.0,,,,,0.0,299000000.0,11000000.0,-4000000.0,2272000000.0,,,-2987000000.0,680000000.0,222000000.0
2020-11-01,2340000000.0,1527000000.0,,,,1879000000.0,461000000.0,,406000000.0,97000000.0,309000000.0,1.02,1.02,302000000.0,304000000.0,722000000.0,,,910000000.0,,,66000000.0,2463000000.0,,2352000000.0,3987000000.0,3340000000.0,275000000.0,12417000000.0,1049000000.0,579000000.0,,2906000000.0,,,,803000000.0,9644000000.0,3387000000.0,-9000000.0,2769000000.0,12417000000.0,76000000.0,16000000.0,,,38000000.0,,,,,,180000000.0,,,,,,74000000.0,1000000.0,,-72000000.0,,,-245000000.0,-137000000.0,
2021-01-31,4619000000.0,3023000000.0,,,,3757000000.0,862000000.0,,753000000.0,199000000.0,554000000.0,1.83,1.82,303000000.0,305000000.0,946000000.0,,,815000000.0,,,72000000.0,2535000000.0,,2329000000.0,3991000000.0,3329000000.0,314000000.0,12498000000.0,1026000000.0,618000000.0,,2801000000.0,,,,794000000.0,9573000000.0,3517000000.0,-5000000.0,2922000000.0,12498000000.0,154000000.0,34000000.0,,,-57000000.0,,,,,,611000000.0,,,,,,132000000.0,1000000.0,-7000000.0,-120000000.0,,,-405000000.0,87000000.0,
2021-05-02,6603000000.0,4379000000.0,,,,5469000000.0,1134000000.0,,972000000.0,252000000.0,714000000.0,2.36,2.34,303000000.0,305000000.0,209000000.0,,,860000000.0,,,92000000.0,1863000000.0,,2313000000.0,3983000000.0,3249000000.0,322000000.0,11730000000.0,1086000000.0,544000000.0,,1975000000.0,,,,764000000.0,8735000000.0,3564000000.0,2000000.0,2993000000.0,11730000000.0,233000000.0,51000000.0,,,2000000.0,,,,,,881000000.0,,,,,,190000000.0,1000000.0,-7000000.0,-177000000.0,,,-1356000000.0,-650000000.0,
2021-08-01,8476000000.0,5665000000.0,,,,6931000000.0,1545000000.0,,1336000000.0,328000000.0,1002000000.0,3.31,3.29,303000000.0,305000000.0,69000000.0,,544000000.0,933000000.0,278000000.0,51000000.0,98000000.0,1695000000.0,,2370000000.0,3981000000.0,3239000000.0,449000000.0,11734000000.0,1070000000.0,576000000.0,,1814000000.0,,,,705000000.0,8580000000.0,3742000000.0,5000000.0,3152000000.0,11734000000.0,317000000.0,64000000.0,137000000.0,,77000000.0,,,,,,1035000000.0,,,,,0.0,275000000.0,2000000.0,-8000000.0,-158000000.0,,,-1669000000.0,-790000000.0,212000000.0
2021-10-31,2236000000.0,1514000000.0,,,,1860000000.0,376000000.0,,329000000.0,68000000.0,261000000.0,0.86,0.86,302000000.0,303000000.0,69000000.0,,,974000000.0,,,102000000.0,1876000000.0,,2355000000.0,3982000000.0,3228000000.0,458000000.0,11899000000.0,1151000000.0,539000000.0,,2338000000.0,,,,684000000.0,8662000000.0,3882000000.0,7000000.0,3235000000.0,11899000000.0,83000000.0,14000000.0,,,40000000.0,,,,,,288000000.0,,,,,,69000000.0,0.0,,-68000000.0,,,-220000000.0,0.0,
2022-01-30,4445000000.0,3054000000.0,,,,3746000000.0,699000000.0,,606000000.0,133000000.0,473000000.0,1.57,1.56,302000000.0,303000000.0,357000000.0,,,911000000.0,,,102000000.0,1980000000.0,,2330000000.0,3979000000.0,3218000000.0,484000000.0,11991000000.0,1162000000.0,577000000.0,,2322000000.0,,,,668000000.0,8639000000.0,3983000000.0,6000000.0,3350000000.0,11991000000.0,166000000.0,31000000.0,,,-22000000.0,,,,,,766000000.0,,,,,,129000000.0,0.0,-2000000.0,-125000000.0,,,-352000000.0,288000000.0,
2022-05-01,6575000000.0,4519000000.0,,,,5582000000.0,993000000.0,,850000000.0,189000000.0,661000000.0,2.19,2.18,302000000.0,303000000.0,196000000.0,,,1044000000.0,,,101000000.0,1852000000.0,,2313000000.0,3978000000.0,3208000000.0,496000000.0,11847000000.0,1286000000.0,542000000.0,,2699000000.0,,,,661000000.0,8452000000.0,4059000000.0,8000000.0,3393000000.0,11847000000.0,251000000.0,46000000.0,,,111000000.0,,,,,,1101000000.0,,,,,,179000000.0,1000000.0,-10000000.0,-168000000.0,,,-805000000.0,127000000.0,
2022-07-31,8562000000.0,5935000000.0,,,,7399000000.0,1163000000.0,,975000000.0,218000000.0,757000000.0,2.51,2.51,301000000.0,302000000.0,109000000.0,,490000000.0,1246000000.0,250000000.0,51000000.0,67000000.0,1963000000.0,,2343000000.0,3979000000.0,3198000000.0,409000000.0,11892000000.0,1334000000.0,621000000.0,,2886000000.0,,,,603000000.0,8559000000.0,4040000000.0,2000000.0,3331000000.0,11892000000.0,337000000.0,59000000.0,21000000.0,,314000000.0,,,,,,1181000000.0,,,,,,242000000.0,1000000.0,-11000000.0,-230000000.0,,,-910000000.0,40000000.0,196000000.0
2022-10-30,2575000000.0,1741000000.0,,,,2139000000.0,436000000.0,,390000000.0,93000000.0,297000000.0,0.99,0.99,299000000.0,301000000.0,130000000.0,,,1361000000.0,,,80000000.0,2304000000.0,,2312000000.0,3973000000.0,3187000000.0,401000000.0,12177000000.0,1447000000.0,534000000.0,,3033000000.0,,,,603000000.0,8708000000.0,4224000000.0,-4000000.0,3467000000.0,12177000000.0,91000000.0,15000000.0,,,118000000.0,,,,,,227000000.0,,,,,,77000000.0,1000000.0,,-78000000.0,,,-127000000.0,21000000.0,
2023-01-29,5060000000.0,3467000000.0,,,,4274000000.0,786000000.0,,695000000.0,166000000.0,529000000.0,1.77,1.76,299000000.0,301000000.0,158000000.0,,,1251000000.0,,,81000000.0,2087000000.0,,2318000000.0,3975000000.0,3177000000.0,410000000.0,11967000000.0,1374000000.0,602000000.0,,2699000000.0,,,,599000000.0,8366000000.0,4344000000.0,-4000000.0,3599000000.0,11967000000.0,176000000.0,31000000.0,,,6000000.0,,,,,,732000000.0,,,,,,155000000.0,3000000.0,0.0,-158000000.0,,,-525000000.0,49000000.0,
2023-04-30,7289000000.0,5028000000.0,,,,6249000000.0,1040000000.0,,903000000.0,214000000.0,689000000.0,2.3,2.29,299000000.0,301000000.0,223000000.0,,,1280000000.0,,,73000000.0,2104000000.0,,2364000000.0,3973000000.0,3167000000.0,465000000.0,12073000000.0,1353000000.0,537000000.0,,2288000000.0,,,,629000000.0,8485000000.0,4392000000.0,-6000000.0,3586000000.0,12073000000.0,284000000.0,48000000.0,,,40000000.0,,,,,,918000000.0,,,,,,257000000.0,13000000.0,-1000000.0,-269000000.0,,,-535000000.0,114000000.0,
2023-07-30,9357000000.0,6440000000.0,,,,8045000000.0,1312000000.0,,1128000000.0,270000000.0,858000000.0,2.87,2.85,299000000.0,301000000.0,189000000.0,,494000000.0,1291000000.0,272000000.0,35000000.0,52000000.0,2061000000.0,,2398000000.0,3965000000.0,3142000000.0,492000000.0,12058000000.0,1306000000.0,592000000.0,,2222000000.0,,,,608000000.0,8395000000.0,4451000000.0,-3000000.0,3661000000.0,12058000000.0,387000000.0,63000000.0,-5000000.0,,64000000.0,,,,,,1143000000.0,,,,,,370000000.0,13000000.0,-1000000.0,-340000000.0,,,-723000000.0,80000000.0,268000000.0
2023-10-29,2518000000.0,1730000000.0,,,,2160000000.0,358000000.0,,310000000.0,76000000.0,234000000.0,0.79,0.78,298000000.0,299000000.0,91000000.0,,,1340000000.0,,,82000000.0,2239000000.0,,2429000000.0,3960000000.0,3125000000.0,504000000.0,12257000000.0,1368000000.0,541000000.0,,2310000000.0,,,,614000000.0,8500000000.0,4573000000.0,-6000000.0,3755000000.0,12257000000.0,96000000.0,17000000.0,,,52000000.0,,,,,,174000000.0,,,,,,143000000.0,4000000.0,,-137000000.0,,,-135000000.0,-98000000.0,
2024-01-28,4974000000.0,3410000000.0,,,,4299000000.0,675000000.0,,581000000.0,144000000.0,437000000.0,1.47,1.46,298000000.0,299000000.0,169000000.0,,,1188000000.0,,,78000000.0,2070000000.0,,2470000000.0,3963000000.0,3108000000.0,495000000.0,12106000000.0,1305000000.0,615000000.0,,2056000000.0,,,,625000000.0,8255000000.0,4665000000.0,-23000000.0,3849000000.0,12106000000.0,192000000.0,36000000.0,,,-102000000.0,,,,,,684000000.0,,,,,,263000000.0,6000000.0,,-256000000.0,,,-448000000.0,-20000000.0,
2024-04-28,7343000000.0,5047000000.0,,,,6420000000.0,923000000.0,,763000000.0,193000000.0,570000000.0,1.91,1.91,298000000.0,300000000.0,107000000.0,,,1300000000.0,,,84000000.0,2139000000.0,,2621000000.0,5072000000.0,4875000000.0,536000000.0,15243000000.0,1330000000.0,584000000.0,,3457000000.0,,,,628000000.0,11328000000.0,4685000000.0,-15000000.0,3913000000.0,15243000000.0,298000000.0,80000000.0,,,-102000000.0,,,,,,897000000.0,,,,,2617000000.0,376000000.0,28000000.0,-1000000.0,-2987000000.0,,,2008000000.0,-82000000.0,
2024-07-28,9636000000.0,6665000000.0,,,,8636000000.0,1000000000.0,,757000000.0,190000000.0,567000000.0,1.9,1.89,298000000.0,300000000.0,108000000.0,,587000000.0,1386000000.0,319000000.0,43000000.0,66000000.0,2190000000.0,,2698000000.0,5077000000.0,4716000000.0,554000000.0,15235000000.0,1311000000.0,720000000.0,,3576000000.0,,,,676000000.0,11439000000.0,4569000000.0,-17000000.0,3794000000.0,15235000000.0,411000000.0,99000000.0,-47000000.0,,-11000000.0,,,,,,1185000000.0,,,,,2617000000.0,517000000.0,29000000.0,-1000000.0,-3128000000.0,,,1863000000.0,-81000000.0,252000000.0
2024-10-27,2772000000.0,1905000000.0,,,,2405000000.0,367000000.0,,284000000.0,66000000.0,218000000.0,0.73,0.72,298000000.0,301000000.0,808000000.0,,,1413000000.0,,,76000000.0,3137000000.0,,2684000000.0,5056000000.0,4669000000.0,566000000.0,16112000000.0,1453000000.0,622000000.0,,3465000000.0,,,,673000000.0,12268000000.0,4660000000.0,-13000000.0,3842000000.0,16112000000.0,109000000.0,19000000.0,,,62000000.0,,,,,,225000000.0,,,,,,110000000.0,31000000.0,5000000.0,-47000000.0,,,523000000.0,700000000.0,
