Date,Net sales,Cost of sales,Gross margin,Research and development,"Selling, general and administrative",Total operating expenses,Operating income,"Other income/(expense), net",Income before provision for income taxes,Provision for income taxes,Net income,Earnings per share basic,Earnings per share diluted,Weighted-average basic,Weighted-average diluted,Cash and cash equivalents,Short-term marketable securities,"Accounts receivable, net",Inventories,Deferred tax assets,Vendor non-trade receivables,Other current assets,Total current assets,Long-term marketable securities,"Property, Plant and Equipment, Net",Goodwill,"Acquired intangible assets, net","Other Assets, Noncurrent",Total assets,accounts payable,Accrued expenses,Deferred revenue,Total current liabilities,Deferred revenue - non-current,deferred tax liabilities,long term taxes payable,Total other non-current liabilities,Total liabilities,Retained Earnings (Accumulated Deficit),Accumulated other comprehensive (loss)/income,Total shareholders equity,Total liabilities and shareholders' equity,"Depreciation, amortization and accretion",Stock-based compensation expense,Deferred income tax expense,"Increase (Decrease) in Accounts receivable, net",Increase (Decrease) in Inventories,Increase (Decrease) in Other Receivables,Increase (Decrease) in Other Operating Assets,Increase (Decrease) in Accounts Payable,Increase (Decrease) in Deferred Revenue,Increase (Decrease) Other liabilities,Cash generated by operating activities,Purchases of marketable securities,Proceeds from maturities of marketable securities,Proceeds from sales of marketable securities,Purchases of other long-term investments,"Business acquisitions, net of cash acquired",Cash payments for capital asset purchases,Payments for acquisition of intangible assets,Payments for (Proceeds from) Other Investing Activities,Cash used in investing activities,Proceeds from issuance of common stock,Excess tax benefits from stock-based compensation,Cash generated/used in financing activities,Increase/(decrease) in cash and cash equivalents,"Cash paid for income taxes, net"
2010-06-30,,,,,,,,,,,,0.06,0.06,68090000.0,68386000.0,128155000.0,,,,,,,,,,,,,4594980000.0,,,,,,,,,2835477000.0,,-43718000.0,1586776000.0,4594980000.0,85987000.0,5767000.0,,,,,,,,,99975000.0,,,,,,,,556000.0,-28370000.0,106422000.0,,-7606000.0,63999000.0,
2010-09-30,,,,,,,,,,,,0.09,0.09,69100000.0,69441000.0,91071000.0,,,,,,,,,,,,,4606735000.0,,,,,,,,,2843844000.0,,-41302000.0,1591807000.0,4606735000.0,129419000.0,8502000.0,,,,,,,,,178461000.0,,,,,,,,1464000.0,-50059000.0,134617000.0,,-101487000.0,26915000.0,
2010-12-31,,,,,,,,,,,,0.33,0.33,68608000.0,68957000.0,170575000.0,,,,,,,,,,,,,4699737000.0,,,,,,,,,2844439000.0,,-33458000.0,1686419000.0,4699737000.0,174465000.0,11306000.0,,,,,,,,,224036000.0,,,,,,,,-3048000.0,35150000.0,231651000.0,,-152767000.0,106419000.0,
2011-03-31,,,,,,,,,,,,0.1,0.1,71906000.0,72783000.0,98771000.0,,,,,,,,,,,,,4583293000.0,,,,,,,,,2746347000.0,,-31504000.0,1668737000.0,4583293000.0,46593000.0,2777000.0,,,,,,,,,54407000.0,,,4510000.0,,,,,622000.0,-7776000.0,3795000.0,,-118435000.0,-71804000.0,
2011-06-30,,,,,,,,,,,,-0.23,-0.23,72343000.0,72343000.0,63148000.0,,,,,,,,,,,,,4559059000.0,,,,,,,,,2702746000.0,,93000.0,1689116000.0,4559059000.0,92170000.0,6003000.0,,,,,5047000.0,,,4591000.0,114754000.0,,,4510000.0,,,,,2232000.0,-57527000.0,37126000.0,,-164654000.0,-107427000.0,
2011-09-30,,,,,,,,,,,11840000.0,0.16,0.16,73242000.0,74274000.0,56099000.0,,,,,,,,,,,,,4594574000.0,,,,,,,,,2718800000.0,,201000.0,1709038000.0,4594574000.0,136733000.0,9254000.0,,,,,-3046000.0,,,-13131000.0,200797000.0,,,4510000.0,,,,,4464000.0,-146174000.0,69863000.0,,-169099000.0,-114476000.0,
2011-12-31,,,,,,,,,,,49379000.0,0.67,0.66,72756000.0,73701000.0,55159000.0,,,,,,,,,,,,,4622075000.0,,,,,,,,,2696382000.0,,-683000.0,1758717000.0,4622075000.0,181791000.0,12039000.0,,,,,-5183000.0,,,-17152000.0,244834000.0,,,4510000.0,,,,,3859000.0,-187364000.0,106571000.0,,-172886000.0,-115416000.0,
2012-03-31,,,,,,,,,,,88758000.0,1.1,1.07,79885000.0,82855000.0,49702000.0,,,,,,,,,,,,,5004015000.0,,,,,,,,,2692484000.0,,-675000.0,2242916000.0,5004015000.0,50304000.0,3005000.0,,,,,62000.0,,,-4912000.0,75779000.0,,,0.0,,,,,183000.0,-105469000.0,435911000.0,,24233000.0,-5457000.0,
2012-06-30,,,,,,,,,,,110521000.0,1.34,1.32,83223000.0,84461000.0,52126000.0,,,,,,,,,,,,,5112574000.0,,,,,,,,,2647666000.0,,-667000.0,2396453000.0,5112574000.0,103614000.0,6478000.0,,,,,4884000.0,,,-9477000.0,140866000.0,,,0.0,,,,,1250000.0,-260997000.0,604459000.0,,117098000.0,-3033000.0,
2012-09-30,,,,,,,,,,,141224000.0,1.69,1.66,85631000.0,86293000.0,5590000.0,,,,,,,,,,,,,5217960000.0,,,,,,,,,2684852000.0,,-660000.0,2462836000.0,5217960000.0,156423000.0,9950000.0,,,,,8765000.0,,,-16322000.0,249995000.0,,,0.0,,,,,7104000.0,-458443000.0,693375000.0,,158879000.0,-49569000.0,
2012-12-31,,,,,,,,,,,283390000.0,3.35,3.3,83772000.0,85556000.0,26669000.0,,,,,,,,,,,,,5385172000.0,,,,,,,,,2758464000.0,,-1062000.0,2563099000.0,5385172000.0,209872000.0,13086000.0,,,,,2443000.0,,,-16192000.0,324267000.0,,,0.0,,,,,8837000.0,-527685000.0,693355000.0,,174928000.0,-28490000.0,
2013-03-31,,,,,,,,,,,63476000.0,0.72,0.72,86703000.0,87276000.0,59642000.0,,,,,,,,,,,,,5382856000.0,,,,,,,,,2732833000.0,,-1048000.0,2586701000.0,5382856000.0,53470000.0,3274000.0,,,,,-1158000.0,,,-791000.0,84870000.0,,,,,,,,1444000.0,8079000.0,9366000.0,,-59976000.0,32973000.0,
2013-06-30,,,,,,,,,,,135648000.0,1.54,1.53,87191000.0,88472000.0,6506000.0,,,,,,,,,,,,,5486282000.0,,,,,,,,,2781152000.0,,-1035000.0,2640264000.0,5486282000.0,107785000.0,6969000.0,,,,,2694000.0,,,2014000.0,181029000.0,,,,,,,,-804000.0,-156700000.0,40182000.0,,-44492000.0,-20163000.0,
2013-09-30,,,,,,,,,,,206368000.0,2.35,2.34,87449000.0,88429000.0,4707000.0,,,,,,,,,,,,,5691211000.0,,,,,,,,,2966129000.0,,-1021000.0,2613238000.0,5691211000.0,163573000.0,10682000.0,,,,,8964000.0,,,5939000.0,309604000.0,,,,,,,,0.0,-371265000.0,40098000.0,,39699000.0,-21962000.0,
2013-12-31,,,,,,,,,,,336364000.0,3.82,3.78,87204000.0,88494000.0,17794000.0,,,,,,,,,,,,,5632141000.0,,,,,,,,,2824780000.0,,-1106000.0,2691536000.0,5632141000.0,219650000.0,14063000.0,,,,,2639000.0,,,22139000.0,404291000.0,,,0.0,,,,,-586000.0,-258985000.0,40044000.0,,-154181000.0,-8875000.0,
2014-03-31,,,,,,,,,,,40036000.0,0.45,0.45,87651000.0,88824000.0,16768000.0,,,,,,,,,,,,,5679849000.0,,,,,,,,,2885246000.0,,-1091000.0,2670677000.0,5679849000.0,57396000.0,3626000.0,,,,,-2313000.0,,,-2953000.0,94019000.0,,,,,,,,-843000.0,-99226000.0,0.0,,4181000.0,-1026000.0,
2014-06-30,,,,,,,,,,,75308000.0,0.85,0.85,87845000.0,88972000.0,16069000.0,,,,,,,,,,,,,5790088000.0,,,,,,,,,3013492000.0,,-1077000.0,2646681000.0,5790088000.0,115349000.0,7867000.0,,,,,2994000.0,,,-6019000.0,193998000.0,,,,,,,,-1059000.0,-250212000.0,0.0,,54489000.0,-1725000.0,1411000.0
2014-09-30,,,,,,,,,,,113591000.0,1.28,1.28,88146000.0,89353000.0,66127000.0,,,,,,,,,,,,,5911976000.0,,,,,,,,,3100068000.0,,-1474000.0,2683611000.0,5911976000.0,174528000.0,11902000.0,,,,,9826000.0,,,-4273000.0,327006000.0,,,,,,,,1750000.0,-366101000.0,50535000.0,,87428000.0,48333000.0,1623000.0
2014-12-31,,,,,,,,,,,292089000.0,3.29,3.27,88084000.0,88468000.0,153918000.0,,,,,,,,,,,,,6056907000.0,,,,,,,,,3100364000.0,,-2419000.0,2815602000.0,6056907000.0,235634000.0,15552000.0,,,,,2145000.0,,,-1666000.0,418528000.0,,,,,,,,-1335000.0,-325886000.0,66225000.0,,43482000.0,136124000.0,
2015-03-31,,,,,,,,,,,115599000.0,1.29,1.27,88987000.0,90464000.0,174353000.0,,,,,,,,,,,,,6077059000.0,,,,,,,,,3067248000.0,,-2382000.0,2863000000.0,6077059000.0,61530000.0,3919000.0,,,,,-5498000.0,,,-1049000.0,76536000.0,,,,,,,,366000.0,14142000.0,,,-70243000.0,20435000.0,
2015-06-30,,,,,,,,,,,151678000.0,1.69,1.68,89153000.0,90496000.0,16508000.0,,,,,,,,,,,,,6000768000.0,,,,,,,,,3011892000.0,,-2345000.0,2842382000.0,6000768000.0,125258000.0,8432000.0,,,,,-2793000.0,,,-2989000.0,194622000.0,,,,,,,,3967000.0,-129189000.0,,,-202843000.0,-137410000.0,
2015-09-30,,,,,,,,,,,188722000.0,2.1,2.09,89164000.0,90341000.0,10375000.0,,,,,,,,,,,,,6033888000.0,,,,,,,,,3065336000.0,,-2307000.0,2819780000.0,6033888000.0,190337000.0,13012000.0,,,,,10013000.0,,,2068000.0,317653000.0,,,,,,,,9177000.0,-231883000.0,0.0,,-229313000.0,-143543000.0,
2015-12-31,,,,,,,,,,,249315000.0,2.77,2.76,89120000.0,89490000.0,10617000.0,,,,,,,,,,,,,6037612000.0,,,,,,,,,3065352000.0,,-1913000.0,2816557000.0,6037612000.0,257082000.0,17674000.0,,,,,1648000.0,,,2306000.0,423238000.0,,,,,,,,11169000.0,-293308000.0,0.0,,-273231000.0,-143301000.0,
2016-03-31,,,,,,,,,,,41730000.0,0.46,0.46,89344000.0,90509000.0,6935000.0,,,,,,,,,,,,,6040455000.0,,,,,,,,,3087750000.0,,-1881000.0,2788159000.0,6040455000.0,62091000.0,4759000.0,,,,,-6073000.0,,,-5779000.0,96510000.0,,,,,,,,2664000.0,-77400000.0,,,-22792000.0,-3682000.0,
2016-06-30,,,,,,,,,,,488032000.0,5.4,5.38,89559000.0,89862000.0,341726000.0,,,,,,,,,,,,,6199474000.0,,,,,,,,,2854604000.0,,-1848000.0,3194449000.0,6199474000.0,124547000.0,10367000.0,,,,,-102000.0,,,17000.0,222066000.0,,,,,,,,5031000.0,482123000.0,,,-373080000.0,331109000.0,
2016-09-30,,,,,,,,,,,778930000.0,8.63,8.6,89669000.0,90012000.0,313742000.0,,,,,,,,,,,,,6088279000.0,,,,,,,,,2895029000.0,,-1816000.0,3040047000.0,6088279000.0,187379000.0,15511000.0,,,,,3938000.0,,,3281000.0,357511000.0,,,,,,,,7533000.0,766644000.0,,,-821030000.0,303125000.0,
2016-12-31,,,,,,,,,,,819823000.0,9.08,9.05,89580000.0,89903000.0,237364000.0,,,,,,,,,,,,,6028152000.0,,,,,,,,,2855562000.0,,-1863000.0,3014873000.0,6028152000.0,250146000.0,20123000.0,,,,,3551000.0,,,-2361000.0,443063000.0,,,,,,,,6994000.0,690412000.0,0.0,,-904237000.0,,
2017-03-31,,,,,,,,,,,34861000.0,0.39,0.39,89925000.0,90949000.0,245529000.0,,,,,,,,,,,,,5935346000.0,,,,,,,,,2788043000.0,,-1829000.0,2991321000.0,5935346000.0,63734000.0,4449000.0,,,,,-2200000.0,,,-2211000.0,72985000.0,,,,,,,,2442000.0,34775000.0,,,-99882000.0,,
2017-06-30,,,,,,,,,,,74049000.0,0.82,0.82,90105000.0,91041000.0,16318000.0,,,,,,,,,,,,,5798600000.0,,,,,,,,,2673411000.0,,-1795000.0,2961148000.0,5798600000.0,128767000.0,8895000.0,,,,,1819000.0,,,5518000.0,203447000.0,,,,,,,,2753000.0,-109048000.0,,,-315595000.0,-221196000.0,
2017-09-30,,,,,,,,,,,108433000.0,1.2,1.2,91011000.0,92033000.0,350274000.0,,,,,,,,,,,,,6168895000.0,,,,,,,,,2629303000.0,,-7000.0,3386907000.0,6168895000.0,195781000.0,13248000.0,,,,,10135000.0,,,1178000.0,333871000.0,,,,,,,,1946000.0,-180030000.0,445038000.0,,-40215000.0,113626000.0,
2017-12-31,,,,,,,,,,,196422000.0,2.14,2.13,91499000.0,92515000.0,368492000.0,,,,,,,,,,,,,6173748000.0,,,,,,,,,2611804000.0,,-57000.0,3405363000.0,6173748000.0,263974000.0,17547000.0,,,,,6724000.0,,,-995000.0,434656000.0,,,,,,,,9303000.0,-189754000.0,445038000.0,,-112923000.0,131979000.0,
2018-03-31,,,,,,,,,,,39395000.0,0.41,0.41,95067000.0,96046000.0,101401000.0,,,,,,,,,,,,,6128375000.0,,,,,,,,,2589792000.0,,3579000.0,3383378000.0,6128375000.0,70224000.0,4183000.0,,,,,-2236000.0,,,1600000.0,87154000.0,,,,,,,,1830000.0,-275557000.0,,,-72965000.0,-261368000.0,
2018-06-30,,,,,,,,,,,78066000.0,0.81,0.81,95243000.0,95337000.0,64071000.0,,,,,,,,,,,,,6131906000.0,,,,,,,,,2617364000.0,,8794000.0,3349898000.0,6131906000.0,145793000.0,8206000.0,,,,,-2280000.0,,,2733000.0,231283000.0,,,,,,,,-798000.0,-387238000.0,,,-148198000.0,-304153000.0,
2018-09-30,709586000.0,,,,,,,,,,116932000.0,1.22,1.22,95257000.0,95417000.0,8529000.0,,,,,,,,,,,,,6198500000.0,,,,,,,,,2723703000.0,,14031000.0,3340002000.0,6198500000.0,222269000.0,12337000.0,,,,,-3167000.0,,,-837000.0,375950000.0,,,,,,,,-2219000.0,-551791000.0,0.0,,-183374000.0,-359215000.0,
2018-12-31,954505000.0,,,,,,,,,,156128000.0,1.63,1.63,95208000.0,95366000.0,34378000.0,,,,,,,,,,,,,6219586000.0,,,,,,,,,2781808000.0,,6929000.0,3311423000.0,6219586000.0,300946000.0,16749000.0,,,,,-10364000.0,,,-1486000.0,503747000.0,,,,,,,,-2046000.0,-640921000.0,0.0,,-197028000.0,-334202000.0,
2019-03-31,,,,,,,,,,,38613000.0,0.4,0.4,96892000.0,97041000.0,6092000.0,,,,,,,,,,,,,6285394000.0,,,,,,,,,2559074000.0,,616000.0,3652828000.0,6285394000.0,80274000.0,4030000.0,,,,,2280000.0,,,343000.0,92651000.0,,,,,,,,-146000.0,-176757000.0,328400000.0,,52250000.0,-31856000.0,
2019-06-30,3710000.0,,,,,182065000.0,,,,,81012000.0,0.83,0.82,98903000.0,98997000.0,149551000.0,,,,,,,,,,,,,6621602000.0,,,,,,,,,2932834000.0,,-6795000.0,3615623000.0,6621602000.0,164920000.0,8535000.0,,,,,8009000.0,,,1959000.0,218671000.0,,,,,,,,-505000.0,-430107000.0,328400000.0,,322776000.0,111340000.0,
2019-09-30,5849000.0,,,,,275938000.0,,,,,124609000.0,1.27,1.26,98959000.0,99066000.0,157239000.0,,,,,,,,,,,,,6648646000.0,,,,,,,,,2990865000.0,,-6438000.0,3584878000.0,6648646000.0,250734000.0,12183000.0,,,,,12358000.0,,,1867000.0,408435000.0,,,,,,,,770000.0,-529484000.0,328400000.0,,240371000.0,119322000.0,
2019-12-31,8696000.0,366347000.0,,,,,,,,,219623000.0,2.23,2.22,98460000.0,99384000.0,23184000.0,,,,,,,,,,,,,6748504000.0,,,,,,,,,3046780000.0,,-6529000.0,3628685000.0,6748504000.0,336274000.0,15235000.0,,,,,6976000.0,,,23119000.0,555597000.0,,,,,,,,351000.0,-792445000.0,353213000.0,,220744000.0,-16104000.0,
2020-03-31,2527000.0,,,,,94136000.0,,,,,43284000.0,0.43,0.43,99298000.0,99380000.0,22277000.0,,,,,,,,,,,,,6715570000.0,,,,,,,,,3044246000.0,,-6163000.0,3598553000.0,6715570000.0,91859000.0,3433000.0,,,,,1825000.0,,,-480000.0,110584000.0,,,,,,,,1869000.0,-113676000.0,0.0,,2237000.0,-855000.0,
2020-06-30,4907000.0,,,,,193817000.0,,,,,59761000.0,0.6,0.6,99399000.0,99408000.0,601584000.0,,,,,,,,,,,,,7321700000.0,,,,,,,,,3711133000.0,,-5797000.0,3538212000.0,7321700000.0,184662000.0,7046000.0,,,,,10143000.0,,,-1917000.0,250174000.0,,,,,,,,1920000.0,-205636000.0,0.0,,533640000.0,578178000.0,
2020-09-30,7449000.0,,,,,294869000.0,,,,,94718000.0,0.95,0.95,99419000.0,99455000.0,589614000.0,,,,,,,,,,,,,7324723000.0,,,,,,,,,3758716000.0,,-5431000.0,3494063000.0,7324723000.0,275237000.0,10237000.0,,,,,14559000.0,,,-1193000.0,413284000.0,,,,,,,,-1693000.0,-298089000.0,0.0,,450838000.0,566033000.0,
2020-12-31,10800000.0,394826000.0,,,,,,,,,123911000.0,1.24,1.24,99385000.0,99438000.0,420441000.0,,,,,,,,,,,,,7198952000.0,,,,,,,,,3682365000.0,,-5383000.0,3444905000.0,7198952000.0,367162000.0,13942000.0,,,,,5235000.0,,,997000.0,519319000.0,,,,,,,,-2941000.0,-429602000.0,0.0,,307317000.0,397034000.0,
2021-03-31,2206000.0,,,,,100932000.0,,,,,31347000.0,0.31,0.31,99547000.0,99621000.0,333402000.0,,,,,,,,,,,,,7104033000.0,,,,,,,,,3629957000.0,,-5010000.0,3405977000.0,7104033000.0,93141000.0,3677000.0,,,,,1838000.0,,,232000.0,88456000.0,,,,,,,,426000.0,-92066000.0,,,-83416000.0,-87026000.0,
2021-06-30,4469000.0,,,,,203903000.0,,,,,61526000.0,0.61,0.61,100701000.0,100767000.0,374556000.0,,,,,,,,,,,,,7457117000.0,,,,,,,,,3670909000.0,,-4638000.0,3718241000.0,7457117000.0,192727000.0,8428000.0,,,,,9698000.0,,,1667000.0,243669000.0,,,,,,,,1236000.0,-482907000.0,358843000.0,,194023000.0,-45215000.0,
2021-09-30,7717000.0,,,,,313971000.0,,,,,91009000.0,0.9,0.9,103071000.0,103171000.0,428226000.0,,,,,,,,,,,,,7685567000.0,,,,,,,,,3731745000.0,,-4266000.0,3888685000.0,7685567000.0,304189000.0,12148000.0,,,,,18233000.0,,,3551000.0,436022000.0,,,,,,,,7371000.0,-755754000.0,579518000.0,,328746000.0,9014000.0,
2021-12-31,10532000.0,417025000.0,,,,,,,,,303907000.0,2.97,2.96,101999000.0,102829000.0,613391000.0,,,,,,,,,,,,,7976784000.0,,,,,,,,,3710529000.0,,-3739000.0,4197490000.0,7976784000.0,420692000.0,15397000.0,,,,,12068000.0,,,-2133000.0,577467000.0,,,,,,,,-3597000.0,-804391000.0,759209000.0,,421371000.0,194447000.0,
2022-03-31,2450000.0,,,,,110310000.0,,,,,80745000.0,0.77,0.76,105336000.0,106152000.0,1129716000.0,,,,,,,,,,,,,8462710000.0,,,,,,,,,4176171000.0,,-3370000.0,4216429000.0,8462710000.0,113138000.0,3175000.0,,,,,9613000.0,,,10266000.0,122287000.0,,,,,,,,5696000.0,-48910000.0,26165000.0,,443137000.0,516514000.0,
2022-06-30,3640000.0,,,,,238121000.0,,,,,578060000.0,5.41,5.37,108106000.0,109745000.0,72095000.0,,,,,,,,,,,,,9486016000.0,,,,,,,,,4308736000.0,,-3001000.0,5107107000.0,9486016000.0,270872000.0,6442000.0,,,,,17576000.0,,,1801000.0,330634000.0,,,,,,,,8001000.0,-1254504000.0,516758000.0,,383548000.0,-540322000.0,
2022-09-30,4257000.0,,,,,370952000.0,,,,,607904000.0,5.66,5.62,108466000.0,108506000.0,62027000.0,,,,,,,,,,,,,9414125000.0,,,,,,,,,4305763000.0,,-2632000.0,5037993000.0,9414125000.0,429749000.0,9676000.0,,,,,16969000.0,,,-885000.0,576530000.0,,,,,,,,6083000.0,-1348078000.0,516758000.0,,220985000.0,-550563000.0,
2022-12-31,5188000.0,498081000.0,,,,,,,,,653613000.0,6.07,6.04,107605000.0,108388000.0,10687000.0,,,,,,,,,,,,,9327935000.0,,,,,,,,,4271014000.0,,-1774000.0,4986620000.0,9327935000.0,577020000.0,12822000.0,,,,,13950000.0,,,-6207000.0,744712000.0,,,,,,,,6831000.0,-1456184000.0,516758000.0,,109930000.0,-601542000.0,
2023-03-31,578000.0,,,,,134681000.0,,,,,41917000.0,0.39,0.39,108568000.0,108604000.0,20419000.0,,,,,,,,,,,,,9295169000.0,,,,,,,,,4291616000.0,,-1415000.0,4933290000.0,9295169000.0,142444000.0,3629000.0,,,,,-4044000.0,,,12539000.0,139711000.0,,,,,,,,1627000.0,-93535000.0,0.0,,-36332000.0,9844000.0,
2023-06-30,1296000.0,,,,,272278000.0,,,,,133016000.0,1.22,1.22,108663000.0,109392000.0,20326000.0,,,,,,,,,,,,,9260403000.0,,,,,,,,,4268861000.0,,-1057000.0,4921034000.0,9260403000.0,285498000.0,7098000.0,,,,,7249000.0,,,6189000.0,366642000.0,,,,,,,,3784000.0,-139696000.0,0.0,,-215527000.0,11419000.0,
2023-09-30,2373000.0,,,,,412383000.0,,,,,180979000.0,1.66,1.66,108683000.0,108706000.0,14600000.0,,,,,,,,,,,,,9214464000.0,,,,,,,,,4279485000.0,,-699000.0,4864265000.0,9214464000.0,429857000.0,10864000.0,,,,,12349000.0,,,-2152000.0,602970000.0,,,,,,,,1796000.0,-240682000.0,0.0,,-356757000.0,5531000.0,
2023-12-31,3451000.0,548920000.0,,,,,,,,,403309000.0,3.71,3.7,108653000.0,109399000.0,259686000.0,,,,,,,,,,,,,9383737000.0,,,,,,,,,4331966000.0,,-1252000.0,4980757000.0,9383737000.0,574813000.0,14512000.0,,,,,1951000.0,,,2018000.0,794950000.0,,,,,,,,1259000.0,-127127000.0,0.0,,-417214000.0,250609000.0,
2024-03-31,1284000.0,,,,,138545000.0,,,,,83889000.0,0.77,0.77,108706000.0,108729000.0,92693000.0,,,,,,,,,,,,,9103604000.0,,,,,,,,,4109976000.0,,-78000.0,4922387000.0,9103604000.0,144802000.0,3360000.0,,,,,6766000.0,,,4953000.0,135890000.0,,,,,,,,1490000.0,6890000.0,,,-309904000.0,-167124000.0,
2024-06-30,3890000.0,,,,,277434000.0,,,,,126806000.0,1.17,1.17,108556000.0,108577000.0,93932000.0,,,,,,,,,,,,,9079574000.0,,,,,,,,,4152642000.0,,283000.0,4855440000.0,9079574000.0,290696000.0,7009000.0,,,,,22344000.0,,,6982000.0,360959000.0,,,,,,,,4472000.0,-100478000.0,,,-426627000.0,-166146000.0,
2024-09-30,5597000.0,,,,,420794000.0,,,,,122602000.0,1.13,1.13,108513000.0,108547000.0,31234000.0,,,,,,,,,,,,,8947181000.0,,,,,,,,,4132903000.0,,641000.0,4742562000.0,8947181000.0,436540000.0,10789000.0,,,,,25344000.0,,,32633000.0,622519000.0,,,,,,,,92000.0,-196042000.0,,,-652178000.0,-225701000.0,
,,,,,,,,,,,,,,,,,,,,,,,,,,,,,,,,,,,,,,,,,,,,,,,,,,,,,,,,,,,,,,,,,,,
,,,,,,,,,,,,,,,,,,,,,,,,,,,,,,,,,,,,,,,,,,,,,,,,,,,,,,,,,,,,,,,,,,,
