Date,Net sales,Cost of sales,Gross margin,Research and development,"Selling, general and administrative",Total operating expenses,Operating income,"Other income/(expense), net",Income before provision for income taxes,Provision for income taxes,Net income,Earnings per share basic,Earnings per share diluted,Weighted-average basic,Weighted-average diluted,Cash and cash equivalents,Short-term marketable securities,"Accounts receivable, net",Inventories,Deferred tax assets,Vendor non-trade receivables,Other current assets,Total current assets,Long-term marketable securities,"Property, Plant and Equipment, Net",Goodwill,"Acquired intangible assets, net","Other Assets, Noncurrent",Total assets,accounts payable,Accrued expenses,Deferred revenue,Total current liabilities,Deferred revenue - non-current,deferred tax liabilities,long term taxes payable,Total other non-current liabilities,Total liabilities,Retained Earnings (Accumulated Deficit),Accumulated other comprehensive (loss)/income,Total shareholders equity,Total liabilities and shareholders' equity,"Depreciation, amortization and accretion",Stock-based compensation expense,Deferred income tax expense,"Increase (Decrease) in Accounts receivable, net",Increase (Decrease) in Inventories,Increase (Decrease) in Other Receivables,Increase (Decrease) in Other Operating Assets,Increase (Decrease) in Accounts Payable,Increase (Decrease) in Deferred Revenue,Increase (Decrease) Other liabilities,Cash generated by operating activities,Purchases of marketable securities,Proceeds from maturities of marketable securities,Proceeds from sales of marketable securities,Purchases of other long-term investments,"Business acquisitions, net of cash acquired",Cash payments for capital asset purchases,Payments for acquisition of intangible assets,Payments for (Proceeds from) Other Investing Activities,Cash used in investing activities,Proceeds from issuance of common stock,Excess tax benefits from stock-based compensation,Cash generated/used in financing activities,Increase/(decrease) in cash and cash equivalents,"Cash paid for income taxes, net"
2010-06-26,589449000.0,,,,129368000.0,,57706000.0,,44106000.0,13011000.0,31836000.0,0.49,0.48,,,219077000.0,,218695000.0,96571000.0,,,73705000.0,608048000.0,,837580000.0,500585000.0,144025000.0,53473000.0,2156637000.0,29681000.0,59570000.0,61651000.0,246060000.0,,,,107119000.0,762620000.0,-206657000.0,20200000.0,1396468000.0,2156637000.0,47851000.0,14672000.0,1755000.0,29654000.0,-3843000.0,,4163000.0,410000.0,-10739000.0,3865000.0,83796000.0,,,,,,17725000.0,,-2172000.0,23488000.0,,,-63204000.0,36503000.0,
2010-09-25,865530000.0,,,,178589000.0,,62819000.0,,35174000.0,29313000.0,-24941000.0,-0.4,-0.4,,,137433000.0,,216740000.0,100759000.0,,,72365000.0,527297000.0,,838559000.0,504772000.0,140003000.0,64730000.0,2080273000.0,33067000.0,62580000.0,62145000.0,237379000.0,,,,103651000.0,1042105000.0,-231598000.0,36254000.0,1040972000.0,2080273000.0,71999000.0,21443000.0,1647000.0,21790000.0,-1804000.0,,7299000.0,3355000.0,-10245000.0,4117000.0,101422000.0,,,,,,26853000.0,,-2405000.0,17382000.0,,,-153540000.0,-45141000.0,
2010-12-25,1133416000.0,,,,232489000.0,,-298512000.0,,-334082000.0,23000.0,-336669000.0,-5.38,-5.38,,,179160000.0,,192972000.0,100297000.0,,,76603000.0,552894000.0,,752657000.0,198438000.0,121236000.0,62323000.0,1733373000.0,30627000.0,59369000.0,66905000.0,259780000.0,,,,114596000.0,1044646000.0,-575162000.0,33635000.0,687423000.0,1733373000.0,93649000.0,25526000.0,-42342000.0,5640000.0,-1989000.0,,2131000.0,71000.0,-4209000.0,7493000.0,168236000.0,,,,,,42860000.0,,-950000.0,2954000.0,,,-167958000.0,-3414000.0,
2011-03-26,285843000.0,,,,55007000.0,,42251000.0,,32662000.0,-2715000.0,31335000.0,0.58,0.57,,,158745000.0,,215304000.0,97594000.0,,,88941000.0,560584000.0,,753612000.0,202059000.0,118950000.0,65353000.0,1744620000.0,33379000.0,59368000.0,58832000.0,307808000.0,,,,111188000.0,1180289000.0,-543827000.0,41855000.0,562918000.0,1744620000.0,21265000.0,5919000.0,3422000.0,17166000.0,-4336000.0,,406000.0,2170000.0,-8073000.0,-1007000.0,21393000.0,,,,,,6789000.0,,-146000.0,-12536000.0,,,-29261000.0,-20415000.0,
2011-06-25,574106000.0,,,,102216000.0,,95565000.0,,75467000.0,8649000.0,63653000.0,1.21,1.2,52464839.0,53152005.0,145831000.0,11780000.0,212422000.0,100533000.0,23293000.0,,,548252000.0,11239000.0,743450000.0,202429000.0,113028000.0,56304000.0,1705425000.0,33092000.0,58567000.0,59045000.0,277103000.0,,22992000.0,,106277000.0,1114798000.0,-511509000.0,39128000.0,589090000.0,1705425000.0,43081000.0,11348000.0,,14218000.0,-1562000.0,,-759000.0,-397000.0,-8882000.0,-5319000.0,86697000.0,,,,,,13450000.0,,-988000.0,-7879000.0,,,-109637000.0,-33329000.0,
2011-09-24,851685000.0,,,,152561000.0,,132659000.0,,100008000.0,11564000.0,,1.6,1.58,51671559.0,52238427.0,81220000.0,6188000.0,202379000.0,94391000.0,28521000.0,,,456329000.0,11070000.0,728887000.0,199799000.0,105941000.0,57053000.0,1585373000.0,34622000.0,56565000.0,54570000.0,223842000.0,,19591000.0,,99679000.0,1044004000.0,-492711000.0,25979000.0,539711000.0,1585373000.0,64249000.0,16919000.0,,8467000.0,-7090000.0,,-1834000.0,459000.0,-12400000.0,-6993000.0,134945000.0,,,,,,21672000.0,,-1620000.0,-12049000.0,,,-215777000.0,-97940000.0,
2011-12-31,1142647000.0,,,,198648000.0,,174306000.0,,132662000.0,17140000.0,,2.16,2.14,50823063.0,51318242.0,68905000.0,5359000.0,184810000.0,92969000.0,58245000.0,,,425843000.0,11051000.0,738030000.0,197561000.0,93437000.0,57659000.0,1558320000.0,34332000.0,54377000.0,56530000.0,216797000.0,,16074000.0,,108451000.0,1030957000.0,-465596000.0,4593000.0,525583000.0,1558320000.0,85230000.0,21706000.0,-8668000.0,-7669000.0,-3766000.0,,-505000.0,2208000.0,-9515000.0,-9098000.0,206842000.0,,,,,0.0,49143000.0,,-5447000.0,-36645000.0,,,-271786000.0,-110255000.0,
2012-03-31,285981000.0,,,,55977000.0,,43740000.0,,35146000.0,8676000.0,,0.55,0.54,48254950.0,48771743.0,61031000.0,6136000.0,205893000.0,89347000.0,26608000.0,,,437270000.0,0.0,740225000.0,198882000.0,90454000.0,47045000.0,1555358000.0,32353000.0,47889000.0,58195000.0,223835000.0,,13602000.0,,99823000.0,1000853000.0,-439157000.0,12676000.0,552599000.0,1555358000.0,20002000.0,5266000.0,,19881000.0,-3312000.0,,462000.0,-2187000.0,963000.0,-5733000.0,25277000.0,,,,,,14112000.0,,-973000.0,-3278000.0,,,-30635000.0,-7874000.0,
2012-06-30,570704000.0,,,,105877000.0,,93014000.0,,75146000.0,18129000.0,,1.18,1.17,48142347.0,48582191.0,76076000.0,6623000.0,208046000.0,92283000.0,26265000.0,,,451559000.0,0.0,727405000.0,196225000.0,84570000.0,41399000.0,1546073000.0,34487000.0,45033000.0,60993000.0,328126000.0,,15416000.0,,99319000.0,981223000.0,-408689000.0,2193000.0,562836000.0,1546073000.0,40067000.0,10586000.0,,25390000.0,1206000.0,,2665000.0,617000.0,4349000.0,-7065000.0,82644000.0,,,,,,23553000.0,,-1729000.0,-8578000.0,,,-65470000.0,7171000.0,
2012-12-29,1129530000.0,,,,208248000.0,,165765000.0,,129746000.0,27628000.0,,2.03,2.01,47912135.0,48406320.0,109685000.0,6781000.0,203001000.0,88470000.0,55015000.0,,,485252000.0,0.0,717020000.0,208609000.0,84922000.0,48659000.0,1586344000.0,31218000.0,45208000.0,56422000.0,342247000.0,,13147000.0,,104966000.0,983144000.0,-368301000.0,6603000.0,600805000.0,1586344000.0,81275000.0,21855000.0,1311000.0,16266000.0,-785000.0,,296000.0,-3257000.0,-915000.0,-5983000.0,208006000.0,,,,,16861000.0,47534000.0,,-2786000.0,-54990000.0,,,-111121000.0,40780000.0,
2013-03-30,291238000.0,,,,57199000.0,,42763000.0,,35648000.0,9722000.0,,0.54,0.53,47658995.0,48436049.0,100422000.0,6846000.0,213540000.0,84959000.0,30477000.0,,,492619000.0,8402000.0,707053000.0,227082000.0,95035000.0,48985000.0,1603808000.0,31277000.0,48078000.0,53187000.0,330812000.0,,16163000.0,,106969000.0,963942000.0,-342723000.0,-13533000.0,628279000.0,1603808000.0,20010000.0,5904000.0,,14234000.0,-2922000.0,,4775000.0,-5038000.0,-3888000.0,-1151000.0,29977000.0,,,,,24141000.0,6429000.0,,-46000.0,-28782000.0,,,-6510000.0,-9263000.0,
2013-06-29,584171000.0,,,,112118000.0,,85951000.0,,72495000.0,17941000.0,,1.1,1.09,48280371.0,48835453.0,113521000.0,6929000.0,224030000.0,88405000.0,29531000.0,,,519757000.0,11117000.0,696495000.0,227524000.0,90210000.0,53915000.0,1621598000.0,37295000.0,48858000.0,53695000.0,225854000.0,,16150000.0,,104604000.0,959208000.0,-315439000.0,-19308000.0,647951000.0,1621598000.0,40420000.0,12184000.0,,26450000.0,882000.0,,5618000.0,1143000.0,-2864000.0,-2383000.0,78943000.0,,,,,24218000.0,16223000.0,,-59000.0,-39987000.0,,,-29417000.0,3836000.0,
2013-09-28,876300000.0,,,,167021000.0,,126794000.0,,115221000.0,29331000.0,,1.75,1.72,47950018.0,48654136.0,130454000.0,11084000.0,224270000.0,87146000.0,29832000.0,,,547781000.0,15999000.0,690725000.0,229271000.0,87245000.0,57170000.0,1643767000.0,29675000.0,53998000.0,55357000.0,235171000.0,,16530000.0,,101724000.0,969736000.0,-284572000.0,-1957000.0,656508000.0,1643767000.0,67336000.0,18231000.0,,22663000.0,-1445000.0,,7917000.0,-7688000.0,-2289000.0,-5326000.0,146550000.0,,,,,24218000.0,25319000.0,,-108000.0,-54333000.0,,,-68330000.0,20769000.0,
2013-12-28,1165528000.0,,,,225695000.0,,151401000.0,,138327000.0,32911000.0,,2.15,2.12,47740167.0,48489322.0,155927000.0,,220630000.0,89396000.0,29139000.0,,,552550000.0,,676182000.0,230701000.0,84537000.0,61964000.0,1644621000.0,31770000.0,56712000.0,54177000.0,247034000.0,,14988000.0,,82497000.0,979963000.0,-265473000.0,5357000.0,640984000.0,1644621000.0,96636000.0,24542000.0,,19492000.0,1571000.0,,-2421000.0,-7080000.0,-3297000.0,-5969000.0,209045000.0,,,,,29218000.0,39154000.0,,-307000.0,-74047000.0,,,-84237000.0,46242000.0,
2014-03-29,299368000.0,,,,64767000.0,,39706000.0,,42986000.0,10358000.0,,0.68,0.67,47090830.0,48151384.0,169850000.0,11446000.0,239998000.0,91674000.0,22333000.0,,,590658000.0,,665609000.0,230321000.0,79451000.0,64043000.0,1651763000.0,35253000.0,58925000.0,54422000.0,239319000.0,,14840000.0,,70440000.0,931503000.0,-233241000.0,1084000.0,695462000.0,1651763000.0,20050000.0,6659000.0,,20224000.0,2294000.0,,5991000.0,6310000.0,615000.0,-2662000.0,28463000.0,,,,,0.0,11190000.0,,-318000.0,-6511000.0,,,-6144000.0,13923000.0,
2014-06-28,640547000.0,,,,132523000.0,,90731000.0,,93527000.0,24439000.0,,1.44,1.41,47016221.0,47909233.0,117012000.0,11855000.0,274504000.0,92621000.0,30698000.0,,,592702000.0,,687664000.0,297005000.0,181269000.0,81815000.0,1863462000.0,35218000.0,67462000.0,61870000.0,271648000.0,,34429000.0,,103305000.0,1164841000.0,-197977000.0,14211000.0,671815000.0,1863462000.0,44352000.0,14881000.0,,31161000.0,2502000.0,,14928000.0,4404000.0,1942000.0,-2467000.0,85438000.0,,,,,183151000.0,20505000.0,,1926000.0,-202498000.0,,,78212000.0,-38915000.0,
2014-09-27,968114000.0,,,,196999000.0,,136903000.0,,137409000.0,36021000.0,,2.13,2.09,46682826.0,47565834.0,130747000.0,,275024000.0,92695000.0,31636000.0,,,606019000.0,,671244000.0,289356000.0,167545000.0,83873000.0,1842358000.0,27547000.0,69516000.0,66920000.0,283083000.0,,30764000.0,,98219000.0,1143977000.0,-165941000.0,-17654000.0,670296000.0,1842358000.0,70435000.0,23132000.0,,40961000.0,4573000.0,,15055000.0,-1779000.0,8826000.0,-2842000.0,152283000.0,,,,,183151000.0,29907000.0,,1924000.0,-217189000.0,,,44296000.0,-25180000.0,
2014-12-27,1297662000.0,,,,269033000.0,,177670000.0,,177595000.0,47671000.0,,2.72,2.66,46626997.0,,160023000.0,,257991000.0,89043000.0,98183000.0,,,606898000.0,27047000.0,676797000.0,321077000.0,178875000.0,78352000.0,1885192000.0,33815000.0,67380000.0,78124000.0,296170000.0,,30816000.0,,130361000.0,1180846000.0,-138775000.0,-74247000.0,672203000.0,1885192000.0,96445000.0,31035000.0,8828000.0,28088000.0,2956000.0,,5145000.0,4599000.0,22244000.0,-9253000.0,252132000.0,,,,,234267000.0,56925000.0,,1150000.0,-297990000.0,,,61414000.0,4096000.0,
2015-03-28,320414000.0,,,,71397000.0,,43005000.0,,31952000.0,331000.0,,0.67,0.66,46772000.0,47868000.0,151919000.0,,265426000.0,86055000.0,20469000.0,,,614142000.0,,657601000.0,313159000.0,169242000.0,70686000.0,1847229000.0,34904000.0,64580000.0,76658000.0,270489000.0,,31685000.0,,117255000.0,1150214000.0,-107234000.0,-108745000.0,663713000.0,1847229000.0,22368000.0,9674000.0,,18302000.0,-431000.0,,5448000.0,3038000.0,1321000.0,-527000.0,11252000.0,,,,,893000.0,10648000.0,,-684000.0,-12293000.0,,,1934000.0,-8104000.0,
2015-06-27,659987000.0,,,,142728000.0,,98740000.0,,92280000.0,11407000.0,,1.71,1.68,46712000.0,47718000.0,150807000.0,,277398000.0,90037000.0,23058000.0,,,629647000.0,,680565000.0,317414000.0,172376000.0,63216000.0,1885917000.0,32967000.0,76030000.0,77382000.0,276532000.0,,25550000.0,,111256000.0,1150112000.0,-58725000.0,-90363000.0,701703000.0,1885917000.0,45516000.0,19873000.0,,24574000.0,1662000.0,,-5871000.0,1752000.0,422000.0,-11873000.0,97606000.0,,,,,10680000.0,24556000.0,,-2566000.0,-36488000.0,,,-63727000.0,-9216000.0,
2015-09-26,1009452000.0,,,,218953000.0,,154180000.0,,145436000.0,26662000.0,,2.52,2.47,46572000.0,47584000.0,74032000.0,,288836000.0,98097000.0,33156000.0,,84103000.0,578661000.0,,671673000.0,418245000.0,277686000.0,65552000.0,2032843000.0,31629000.0,94692000.0,76019000.0,314104000.0,,49016000.0,,139756000.0,1296799000.0,-21346000.0,-120800000.0,704359000.0,2032843000.0,69330000.0,30349000.0,,36430000.0,470000.0,,-8308000.0,-894000.0,1255000.0,-12147000.0,185895000.0,,,,,211974000.0,35008000.0,,244000.0,-248979000.0,,,-11440000.0,-85991000.0,
2015-12-26,1363302000.0,,,,300414000.0,,206449000.0,,195428000.0,43391000.0,149313000.0,3.21,3.13,46496000.0,,117947000.0,,270068000.0,93735000.0,98838000.0,,,559234000.0,32730000.0,677959000.0,438829000.0,280804000.0,71643000.0,2068497000.0,36675000.0,89494000.0,81343000.0,311761000.0,,48223000.0,,89062000.0,1302933000.0,10538000.0,-135548000.0,733067000.0,2068497000.0,94881000.0,40122000.0,4313000.0,16963000.0,-3364000.0,,-850000.0,1174000.0,6274000.0,-3659000.0,288234000.0,,,,,247651000.0,63252000.0,,2221000.0,-320287000.0,,,4548000.0,-42076000.0,
2016-03-26,354868000.0,,,,82944000.0,,51472000.0,,51550000.0,13975000.0,37143000.0,0.8,0.78,46642000.0,47617000.0,157375000.0,,287178000.0,97101000.0,,,62164000.0,637391000.0,,664437000.0,434056000.0,,76095000.0,2103718000.0,43897000.0,89433000.0,80297000.0,309989000.0,,45297000.0,,87364000.0,1290546000.0,47681000.0,-142817000.0,779824000.0,2103718000.0,24655000.0,9941000.0,,16279000.0,3081000.0,,3432000.0,9352000.0,-979000.0,-365000.0,38539000.0,,,,,318000.0,8250000.0,,-2821000.0,-6442000.0,,,7081000.0,39428000.0,
2016-06-25,788923000.0,,,,183417000.0,,109533000.0,,105940000.0,32820000.0,72350000.0,1.54,1.51,47061000.0,47919000.0,154585000.0,,345539000.0,98116000.0,,,66609000.0,701547000.0,,783678000.0,754925000.0,,84687000.0,2762987000.0,66198000.0,86841000.0,118837000.0,413393000.0,,53243000.0,,96219000.0,1901002000.0,82888000.0,-150192000.0,831348000.0,2762987000.0,57008000.0,22047000.0,,27636000.0,1685000.0,,3502000.0,19723000.0,1025000.0,-586000.0,116517000.0,,,,,578772000.0,20041000.0,,-4074000.0,-604776000.0,,,519380000.0,36638000.0,
2016-09-24,1214643000.0,,,,269067000.0,,168328000.0,,159196000.0,48385000.0,110085000.0,2.34,2.3,47160000.0,48034000.0,105722000.0,,359734000.0,99374000.0,,,52921000.0,654578000.0,,767177000.0,763576000.0,,86329000.0,2690190000.0,65809000.0,80524000.0,119298000.0,412047000.0,,54068000.0,,96771000.0,1802288000.0,120623000.0,-165746000.0,867969000.0,2690190000.0,91116000.0,32647000.0,,43260000.0,4352000.0,,5702000.0,17184000.0,2169000.0,617000.0,186123000.0,,,4600000.0,,597607000.0,29609000.0,,-3790000.0,-615430000.0,,,414191000.0,-12225000.0,
2016-12-31,1681432000.0,,,,367548000.0,,237419000.0,,222921000.0,66835000.0,154765000.0,3.29,3.23,47014000.0,47958000.0,117626000.0,,364050000.0,95833000.0,133314000.0,,45008000.0,656832000.0,,755827000.0,787517000.0,,88430000.0,2711800000.0,68485000.0,84470000.0,127731000.0,429593000.0,,55717000.0,,159239000.0,1858016000.0,165303000.0,-253764000.0,836768000.0,2711800000.0,126658000.0,43642000.0,3151000.0,52780000.0,4021000.0,,6215000.0,22076000.0,14580000.0,331000.0,300375000.0,,,,,648482000.0,55288000.0,,-3694000.0,-686370000.0,,,390726000.0,-321000.0,
2017-04-01,445763000.0,,,,91490000.0,,69472000.0,,78047000.0,31084000.0,46778000.0,0.98,0.97,47546000.0,48421000.0,131524000.0,,383748000.0,98482000.0,,,43872000.0,700121000.0,,746951000.0,756022000.0,,93862000.0,2697075000.0,60987000.0,84093000.0,127591000.0,383374000.0,,83930000.0,,160663000.0,1803330000.0,212081000.0,-242032000.0,876431000.0,2697075000.0,32411000.0,9486000.0,,21062000.0,2593000.0,,,-6258000.0,,,34029000.0,,,,,0.0,15920000.0,,-17000.0,52996000.0,,,-74324000.0,,
2017-07-01,914892000.0,,,,186023000.0,,150782000.0,,154963000.0,53327000.0,100730000.0,2.12,2.08,47591000.0,48404000.0,116466000.0,,398547000.0,104690000.0,,,67693000.0,738067000.0,,758724000.0,776453000.0,,101132000.0,2773664000.0,64652000.0,99128000.0,119336000.0,424071000.0,,82956000.0,,163799000.0,1791953000.0,266033000.0,-208327000.0,963496000.0,2773664000.0,64210000.0,21376000.0,,26596000.0,7746000.0,,,-6828000.0,,,134353000.0,,,,,0.0,31917000.0,,22000.0,14026000.0,,,-155064000.0,-874000.0,
2017-09-30,1379124000.0,,,,278886000.0,,224766000.0,,227902000.0,73272000.0,153204000.0,3.22,3.16,47530000.0,48440000.0,123618000.0,,422335000.0,107372000.0,,,86358000.0,782378000.0,,767192000.0,800247000.0,,109798000.0,2865918000.0,66232000.0,91783000.0,108984000.0,415755000.0,,81783000.0,,167493000.0,1825424000.0,318507000.0,-183312000.0,1021513000.0,2865918000.0,97675000.0,32902000.0,,42712000.0,9500000.0,,,-6160000.0,,,193838000.0,,,,,22474000.0,53928000.0,,288000.0,-39759000.0,,,-155466000.0,6259000.0,
2017-12-30,1857601000.0,,,,373446000.0,,287498000.0,,296955000.0,171369000.0,123355000.0,2.6,2.54,47481000.0,48564000.0,163794000.0,,430016000.0,114956000.0,81401000.0,,81315000.0,826625000.0,,781973000.0,804906000.0,,124002000.0,2929922000.0,77838000.0,89780000.0,117569000.0,463504000.0,,,,194815000.0,1865906000.0,288658000.0,-144731000.0,1045080000.0,2929922000.0,131159000.0,44003000.0,27987000.0,48279000.0,17838000.0,,,34000.0,,,318074000.0,,,,,25012000.0,82431000.0,,516000.0,-72586000.0,,,-208476000.0,46437000.0,
2018-03-31,493970000.0,,,,103372000.0,,67829000.0,,63040000.0,9772000.0,52631000.0,1.1,1.08,47785000.0,48828000.0,187774000.0,,440109000.0,119046000.0,,,53079000.0,843348000.0,,788554000.0,835936000.0,,136632000.0,3001003000.0,73479000.0,96630000.0,98473000.0,407098000.0,,96037000.0,,204871000.0,1841063000.0,346044000.0,-124457000.0,1139826000.0,3001003000.0,33210000.0,10541000.0,,3780000.0,3501000.0,,,-1076000.0,-23566000.0,,60051000.0,,,,,20216000.0,27726000.0,,50000.0,-24664000.0,,,-14936000.0,24069000.0,
2018-06-30,1079271000.0,,,,223903000.0,,144539000.0,,133328000.0,27210000.0,106340000.0,2.22,2.17,48198000.0,49043000.0,192300000.0,,478735000.0,124131000.0,,,300000.0,889530000.0,,896273000.0,1254444000.0,,149270000.0,3865883000.0,67481000.0,110770000.0,130393000.0,518140000.0,,,,196640000.0,2664016000.0,399752000.0,-153608000.0,1181966000.0,3865883000.0,76606000.0,24088000.0,,19375000.0,7444000.0,,,-12608000.0,-4331000.0,,183923000.0,,,,,821350000.0,48939000.0,,56000.0,-851036000.0,,,704575000.0,29034000.0,
2018-09-29,1664566000.0,,,,336936000.0,,228901000.0,,206633000.0,39613000.0,166708000.0,3.47,3.39,48310000.0,49326000.0,138866000.0,,487339000.0,125500000.0,,,300000.0,838166000.0,,896901000.0,1252700000.0,,154595000.0,3796657000.0,77736000.0,109810000.0,140760000.0,539599000.0,,,,184954000.0,2522617000.0,460120000.0,-159448000.0,1253106000.0,3796657000.0,120198000.0,35908000.0,,30318000.0,10340000.0,,,-5322000.0,33491000.0,,301167000.0,,,,,822611000.0,71378000.0,,118000.0,-884047000.0,,,557496000.0,-24455000.0,
2018-12-29,2266096000.0,,,,443854000.0,,331383000.0,,281681000.0,54463000.0,226373000.0,4.72,4.62,47947000.0,49018000.0,195442000.0,,472248000.0,127892000.0,80858000.0,,300000.0,897836000.0,,932877000.0,1247133000.0,,143759000.0,3855879000.0,66250000.0,106925000.0,145139000.0,558222000.0,,,,179121000.0,2517576000.0,42096000.0,-172703000.0,1317332000.0,3855879000.0,161779000.0,47346000.0,-10321000.0,21196000.0,13338000.0,,,-12732000.0,36072000.0,,441140000.0,,,,,824868000.0,140054000.0,,805000.0,-955003000.0,,,558059000.0,30987000.0,
2019-03-30,604569000.0,,,,122574000.0,,69792000.0,,66290000.0,10602000.0,55133000.0,1.14,1.11,48458000.0,49462000.0,126316000.0,,495501000.0,129765000.0,,,500000.0,866182000.0,,907367000.0,1245848000.0,,158005000.0,3926637000.0,78523000.0,109049000.0,137886000.0,529759000.0,,,,173562000.0,2505089000.0,97229000.0,-162800000.0,1398114000.0,3926637000.0,45358000.0,12899000.0,,23127000.0,2520000.0,,,10245000.0,-14405000.0,,14859000.0,,,,,989000.0,16731000.0,,689000.0,-20813000.0,,,-69083000.0,-69012000.0,
2019-06-29,1262137000.0,,,,258515000.0,,149560000.0,,125284000.0,25287000.0,98861000.0,2.03,1.99,48772000.0,49662000.0,200589000.0,,545148000.0,134925000.0,,,618000.0,1010058000.0,,1006330000.0,1526682000.0,,182350000.0,4625484000.0,99381000.0,122893000.0,167530000.0,635598000.0,,,,180589000.0,3146641000.0,140957000.0,-166236000.0,1455066000.0,4625484000.0,94504000.0,29404000.0,,36538000.0,2565000.0,,,18195000.0,-241000.0,,144412000.0,,,,,492381000.0,41512000.0,,607000.0,-549238000.0,,,404424000.0,5268000.0,
2019-09-28,1930088000.0,,,,388024000.0,,242362000.0,,198519000.0,24970000.0,171671000.0,3.53,3.46,48818000.0,49715000.0,164759000.0,,524074000.0,155526000.0,,,366000.0,972407000.0,,1008047000.0,1521619000.0,,193174000.0,4582562000.0,107231000.0,130015000.0,166095000.0,681646000.0,,,,171243000.0,3017830000.0,213767000.0,-178470000.0,1532313000.0,4582562000.0,146262000.0,43429000.0,,24491000.0,12981000.0,,,24481000.0,-1556000.0,,300259000.0,,,,,515647000.0,76675000.0,,660000.0,-610631000.0,,,270981000.0,-30598000.0,
2019-12-28,2621226000.0,,,,517622000.0,,351151000.0,,304084000.0,50023000.0,252019000.0,5.17,5.07,48730000.0,49693000.0,238014000.0,,514033000.0,160660000.0,152542000.0,,300000.0,1021325000.0,,1044128000.0,1540565000.0,,212615000.0,4692790000.0,111498000.0,139118000.0,171805000.0,710181000.0,,,,182933000.0,3026315000.0,280329000.0,-178019000.0,1634584000.0,4692790000.0,198095000.0,57271000.0,-21482000.0,8323000.0,21399000.0,,,29775000.0,-3620000.0,,480936000.0,,,,,515701000.0,140514000.0,,3888000.0,-681502000.0,,,231937000.0,42728000.0,
2020-03-28,707059000.0,,,,129901000.0,,94281000.0,,,4622000.0,50769000.0,1.03,1.02,49189000.0,49966000.0,372433000.0,,542390000.0,162938000.0,,,300000.0,1208281000.0,,1033409000.0,1731837000.0,,197079000.0,5201790000.0,102697000.0,139163000.0,178829000.0,690896000.0,,,,173924000.0,3522124000.0,331098000.0,-218917000.0,1651984000.0,5201790000.0,57260000.0,10960000.0,,32136000.0,-4076000.0,,,-10003000.0,6065000.0,,68590000.0,,,,,382250000.0,25721000.0,,1097000.0,-413685000.0,,,479212000.0,134407000.0,
2020-06-27,1389643000.0,,,,257613000.0,,171049000.0,,,20906000.0,118204000.0,2.39,2.36,49553000.0,50246000.0,402020000.0,,532531000.0,168366000.0,,,307000.0,1234725000.0,,,1735641000.0,,224371000.0,5240884000.0,82978000.0,144239000.0,170410000.0,727936000.0,,,,176042000.0,3460275000.0,398533000.0,-212714000.0,1752641000.0,5240884000.0,114468000.0,24103000.0,,19371000.0,1901000.0,,,-25619000.0,-3273000.0,,230896000.0,,,,,382250000.0,52521000.0,,1157000.0,-442311000.0,,,375116000.0,163996000.0,
2020-09-26,2132943000.0,,,,385902000.0,,303802000.0,,,53571000.0,221113000.0,4.47,4.39,49703000.0,50702000.0,242879000.0,,572058000.0,181367000.0,,,300000.0,1140274000.0,,,1777642000.0,,247538000.0,5213338000.0,96758000.0,151061000.0,172336000.0,787014000.0,,,,183695000.0,3287840000.0,501442000.0,-195281000.0,1896940000.0,5213338000.0,174048000.0,40973000.0,,51456000.0,14055000.0,,,-12327000.0,-1308000.0,,408196000.0,,,,,419146000.0,78706000.0,,1192000.0,-513121000.0,,,106477000.0,7377000.0,
2020-12-26,2923933000.0,,,,528935000.0,,432729000.0,,447114000.0,81808000.0,364304000.0,7.35,7.2,49550000.0,50611000.0,228424000.0,,617740000.0,185695000.0,169227000.0,,0.0,1201131000.0,,1124358000.0,1809168000.0,,352626000.0,5490831000.0,122475000.0,149820000.0,207942000.0,839751000.0,,,,205215000.0,3347163000.0,625414000.0,-138874000.0,2114602000.0,5490831000.0,234924000.0,56341000.0,1583000.0,85627000.0,18379000.0,,,748000.0,28647000.0,,546575000.0,,,,,418628000.0,166560000.0,,1065000.0,-601544000.0,,,47248000.0,-6927000.0,60059000.0
2021-03-27,824566000.0,,,,155733000.0,,123703000.0,,,2367000.0,61530000.0,1.23,1.2,49980000.0,51075000.0,465411000.0,,610566000.0,193584000.0,,,,1423209000.0,,,1890630000.0,,349431000.0,5808963000.0,127129000.0,198188000.0,213032000.0,803376000.0,,,,207008000.0,3592744000.0,686944000.0,-127017000.0,2183927000.0,5808963000.0,61508000.0,13189000.0,,-5598000.0,11404000.0,,,9622000.0,5006000.0,,170229000.0,,,,,94197000.0,28030000.0,,-781000.0,-137996000.0,,,194720000.0,237906000.0,
2021-06-26,1739173000.0,,,,327234000.0,,261253000.0,,,39947000.0,149978000.0,2.99,2.93,50297000.0,51334000.0,222969000.0,,644027000.0,194341000.0,,,,1267913000.0,,,2540067000.0,,357794000.0,6720352000.0,110926000.0,228972000.0,231329000.0,929610000.0,,,,207377000.0,4366273000.0,775392000.0,-108021000.0,2318440000.0,6720352000.0,129613000.0,30266000.0,,5224000.0,7107000.0,,,-13383000.0,502000.0,,356819000.0,,,,,1000505000.0,74461000.0,,-839000.0,-1092189000.0,,,712675000.0,-5629000.0,
2021-09-25,2635110000.0,,,,475807000.0,,417055000.0,,,58058000.0,253404000.0,5.04,4.93,50425000.0,51558000.0,212539000.0,,660452000.0,181694000.0,,,,1379040000.0,,,2736322000.0,,341445000.0,7058437000.0,127913000.0,244790000.0,221731000.0,983751000.0,,,,214258000.0,4593816000.0,878818000.0,-132779000.0,2426566000.0,7058437000.0,198299000.0,52289000.0,,35592000.0,5639000.0,,,11431000.0,-9394000.0,,531541000.0,,,,,1292093000.0,129997000.0,,-854000.0,-1447239000.0,,,891570000.0,-6614000.0,
2021-12-25,3540160000.0,,,,619919000.0,,589862000.0,,480710000.0,81873000.0,390982000.0,7.77,7.6,50293000.0,51425000.0,241214000.0,,642881000.0,199146000.0,221086000.0,,,1274095000.0,,1291068000.0,2711881000.0,,352889000.0,7024292000.0,198130000.0,228797000.0,219703000.0,1033185000.0,,,,242859000.0,4432300000.0,980751000.0,-164740000.0,2534820000.0,7024292000.0,265540000.0,71474000.0,-20309000.0,26633000.0,25159000.0,,,44901000.0,-13402000.0,,760799000.0,,,,,1293095000.0,228772000.0,,-264000.0,-1437932000.0,,,672598000.0,13195000.0,75441000.0
2022-03-26,913929000.0,,,,150033000.0,,148778000.0,,,15620000.0,93022000.0,1.84,1.81,50640000.0,51325000.0,241869000.0,,697843000.0,221175000.0,,,,1333086000.0,,,2695994000.0,,356652000.0,7075049000.0,225977000.0,227203000.0,228260000.0,993839000.0,,,,239015000.0,4404324000.0,1073773000.0,-174933000.0,2610184000.0,7075049000.0,75299000.0,14619000.0,,57942000.0,23164000.0,,,40932000.0,12078000.0,,102630000.0,,,,,0.0,80464000.0,,4450000.0,-98005000.0,,,-13283000.0,-2918000.0,
2022-06-25,1887060000.0,,,,281744000.0,,336189000.0,,,49069000.0,202343000.0,3.99,3.94,50823000.0,51293000.0,200321000.0,,747605000.0,256765000.0,,,,1393086000.0,,,2860258000.0,,435635000.0,7529361000.0,211381000.0,199234000.0,242084000.0,1048135000.0,,,,195075000.0,4836257000.0,1183094000.0,-258555000.0,2647706000.0,7529361000.0,151720000.0,29549000.0,,117642000.0,63725000.0,,,31466000.0,27641000.0,,252104000.0,,,,,283392000.0,163316000.0,,4774000.0,-560119000.0,,,258153000.0,-39106000.0,
2022-09-24,2876217000.0,,,,465458000.0,,487165000.0,,,74564000.0,298816000.0,5.88,5.83,50870000.0,51285000.0,193701000.0,,770776000.0,261522000.0,,,,1415352000.0,,,2776005000.0,,429693000.0,7382769000.0,181629000.0,196754000.0,251473000.0,1014194000.0,,,,194710000.0,4710825000.0,1279567000.0,-395608000.0,2626853000.0,7382769000.0,226325000.0,51548000.0,,174169000.0,76283000.0,,,5979000.0,53565000.0,,384883000.0,,,,,283392000.0,235709000.0,,6945000.0,-652305000.0,,,206559000.0,-50137000.0,
2022-12-31,3976060000.0,,,,665098000.0,,650975000.0,,622987000.0,130379000.0,486226000.0,9.57,9.48,50812000.0,51301000.0,233912000.0,,752390000.0,255809000.0,258746000.0,,,1439032000.0,,1465655000.0,2849903000.0,,148279000.0,7602770000.0,205915000.0,219758000.0,264259000.0,1091585000.0,,,,174822000.0,4579265000.0,1432901000.0,-262057000.0,2976293000.0,7602770000.0,303870000.0,73617000.0,-33107000.0,150570000.0,78523000.0,,,-2652000.0,57658000.0,,619640000.0,,,,,283392000.0,324733000.0,,9347000.0,-607922000.0,,,-42397000.0,-5100000.0,75909000.0
2023-04-01,1029373000.0,,,,174846000.0,,167892000.0,,,27087000.0,103131000.0,2.02,2.01,51097000.0,51428000.0,201587000.0,,788309000.0,262584000.0,,,,1448355000.0,,,2901627000.0,,153990000.0,7699439000.0,120004000.0,221370000.0,262226000.0,981392000.0,,,,186975000.0,4542621000.0,1536032000.0,-239124000.0,3108597000.0,7699439000.0,77069000.0,13460000.0,,33831000.0,8587000.0,,,-41313000.0,-481000.0,,109383000.0,,,,,50166000.0,106875000.0,,960000.0,-168618000.0,,,25241000.0,-32323000.0,
2023-07-01,2089310000.0,,,,374604000.0,,332837000.0,,,56308000.0,200151000.0,3.91,3.9,51216000.0,51467000.0,200445000.0,,800646000.0,285280000.0,,,,1504780000.0,,,2916593000.0,,155465000.0,7772381000.0,140204000.0,220704000.0,257396000.0,1007623000.0,,,,177252000.0,4472379000.0,1633052000.0,-208269000.0,3251703000.0,7772381000.0,154740000.0,29730000.0,,48249000.0,32671000.0,,,-24985000.0,-6796000.0,,257505000.0,,,,,50166000.0,174258000.0,,1057000.0,-245227000.0,,,-46223000.0,-32437000.0,
2023-09-30,3115933000.0,,,,550713000.0,,484339000.0,,,81160000.0,287540000.0,5.62,5.58,51283000.0,51607000.0,157174000.0,,799310000.0,292972000.0,,,,1444325000.0,,,2884602000.0,,154876000.0,7607007000.0,136341000.0,198062000.0,250485000.0,993816000.0,,,,172518000.0,4256298000.0,1720441000.0,-268066000.0,3305993000.0,7607007000.0,233610000.0,52527000.0,,59081000.0,44126000.0,,,-26531000.0,-9997000.0,,462955000.0,,,,,50166000.0,240205000.0,,2044000.0,-324784000.0,,,-209089000.0,-75598000.0,
2023-12-30,4129409000.0,,,,747855000.0,,617261000.0,,581284000.0,100914000.0,474624000.0,9.27,9.22,51227000.0,51451000.0,276771000.0,,780375000.0,380259000.0,290311000.0,,,1608662000.0,,1639741000.0,3095045000.0,,309383000.0,8195001000.0,168937000.0,227825000.0,241820000.0,1055082000.0,,,,223191000.0,4536003000.0,1887218000.0,-196427000.0,3596882000.0,8195001000.0,314124000.0,72048000.0,-51349000.0,33434000.0,62301000.0,,,-20427000.0,-21743000.0,,683898000.0,,,,,194785000.0,318528000.0,,2294000.0,-563155000.0,,,-85521000.0,43266000.0,90374000.0
2024-03-30,1011560000.0,666717000.0,,,186291000.0,,125977000.0,,,24529000.0,72960000.0,1.31,1.3,51437000.0,51842000.0,327039000.0,,786980000.0,361281000.0,,,,1668188000.0,,,3070241000.0,,303147000.0,8152783000.0,129682000.0,190892000.0,256383000.0,954810000.0,,,,235441000.0,4448858000.0,1959777000.0,-249919000.0,3640435000.0,8152783000.0,85357000.0,16738000.0,,17281000.0,-5600000.0,,,-8541000.0,19957000.0,,129888000.0,,,,,0.0,79144000.0,,283000.0,-85792000.0,,,18346000.0,54055000.0,18728000.0
2024-06-29,2037677000.0,1339121000.0,,,356082000.0,,277629000.0,,,49921000.0,167041000.0,3.06,3.04,51551000.0,51846000.0,179213000.0,,762221000.0,349111000.0,,,,1499273000.0,,,3079693000.0,,301178000.0,7948283000.0,133101000.0,192156000.0,247177000.0,947519000.0,,,,224520000.0,4175189000.0,2053557000.0,-269709000.0,3722729000.0,7948283000.0,171439000.0,33325000.0,,-1072000.0,-9750000.0,,,-6436000.0,8151000.0,,323423000.0,,,,,5479000.0,118630000.0,,370000.0,-147658000.0,,,-267512000.0,-103476000.0,71722000.0
2024-09-28,3047440000.0,1999863000.0,,,555295000.0,,395034000.0,,,70867000.0,236698000.0,4.39,4.37,51461000.0,51713000.0,210171000.0,,754207000.0,336200000.0,,,,1494723000.0,,,3124592000.0,,307005000.0,8003842000.0,135963000.0,208124000.0,251968000.0,1012221000.0,,,,236669000.0,4176125000.0,2122835000.0,-192871000.0,3782273000.0,8003842000.0,259637000.0,52656000.0,,-18300000.0,-13789000.0,,,-7095000.0,13583000.0,,575215000.0,,,,,5479000.0,157351000.0,,358000.0,-168982000.0,,,-475048000.0,-72840000.0,94609000.0
,,,,,,,,,,,,,,,,,,,,,,,,,,,,,,,,,,,,,,,,,,,,,,,,,,,,,,,,,,,,,,,,,,,
,,,,,,,,,,,,,,,,,,,,,,,,,,,,,,,,,,,,,,,,,,,,,,,,,,,,,,,,,,,,,,,,,,,
