Date,Net sales,Cost of sales,Gross margin,Research and development,"Selling, general and administrative",Total operating expenses,Operating income,"Other income/(expense), net",Income before provision for income taxes,Provision for income taxes,Net income,Earnings per share basic,Earnings per share diluted,Weighted-average basic,Weighted-average diluted,Cash and cash equivalents,Short-term marketable securities,"Accounts receivable, net",Inventories,Deferred tax assets,Vendor non-trade receivables,Other current assets,Total current assets,Long-term marketable securities,"Property, Plant and Equipment, Net",Goodwill,"Acquired intangible assets, net","Other Assets, Noncurrent",Total assets,accounts payable,Accrued expenses,Deferred revenue,Total current liabilities,Deferred revenue - non-current,deferred tax liabilities,long term taxes payable,Total other non-current liabilities,Total liabilities,Retained Earnings (Accumulated Deficit),Accumulated other comprehensive (loss)/income,Total shareholders equity,Total liabilities and shareholders' equity,"Depreciation, amortization and accretion",Stock-based compensation expense,Deferred income tax expense,"Increase (Decrease) in Accounts receivable, net",Increase (Decrease) in Inventories,Increase (Decrease) in Other Receivables,Increase (Decrease) in Other Operating Assets,Increase (Decrease) in Accounts Payable,Increase (Decrease) in Deferred Revenue,Increase (Decrease) Other liabilities,Cash generated by operating activities,Purchases of marketable securities,Proceeds from maturities of marketable securities,Proceeds from sales of marketable securities,Purchases of other long-term investments,"Business acquisitions, net of cash acquired",Cash payments for capital asset purchases,Payments for acquisition of intangible assets,Payments for (Proceeds from) Other Investing Activities,Cash used in investing activities,Proceeds from issuance of common stock,Excess tax benefits from stock-based compensation,Cash generated/used in financing activities,Increase/(decrease) in cash and cash equivalents,"Cash paid for income taxes, net"
2010-01-31,1305583000.0,257925000.0,1047658000.0,131897000.0,,932386000.0,115272000.0,,142381000.0,57689000.0,80719000.0,0.65,0.63,124462000.0,128114000.0,1011306000.0,230659000.0,320956000.0,,40116000.0,,,1706159000.0,485083000.0,89711000.0,48955000.0,,39765000.0,2460201000.0,14791000.0,194738000.0,690177000.0,908130000.0,14171000.0,,17551000.0,,1403535000.0,106561000.0,-1430000.0,1043802000.0,2460201000.0,,88892000.0,,54522000.0,,,1405000.0,-1588000.0,110322000.0,,270911000.0,1317952000.0,130663000.0,874573000.0,,11999000.0,53901000.0,,,-378616000.0,,51539000.0,637153000.0,527472000.0,28479000.0
2010-04-30,376813000.0,71581000.0,305232000.0,40122000.0,,272182000.0,33050000.0,,31892000.0,12016000.0,17745000.0,0.14,0.13,128032000.0,132251000.0,690794000.0,260958000.0,183612000.0,,36315000.0,,,1263752000.0,949796000.0,86710000.0,47749000.0,,41727000.0,2488097000.0,13133000.0,171612000.0,647454000.0,838100000.0,17075000.0,,17101000.0,,1339730000.0,124306000.0,70000.0,1134510000.0,2488097000.0,,26468000.0,,-138951000.0,,,1439000.0,-1658000.0,-39819000.0,,143183000.0,816358000.0,116262000.0,204153000.0,,,12190000.0,,,-509406000.0,,9288000.0,44886000.0,-320512000.0,-5513000.0
2010-07-31,771185000.0,149371000.0,621814000.0,83052000.0,,559082000.0,62732000.0,,61359000.0,24900000.0,32489000.0,0.25,0.24,129462000.0,134176000.0,409925000.0,332342000.0,228550000.0,,44088000.0,,,1112136000.0,1116661000.0,100946000.0,184539000.0,9166000.0,53357000.0,2698476000.0,20745000.0,236034000.0,662897000.0,928566000.0,20122000.0,51100000.0,18474000.0,,1442921000.0,139050000.0,7855000.0,1240626000.0,2698476000.0,,53083000.0,,-97538000.0,,,4142000.0,5583000.0,-24229000.0,,219279000.0,1222439000.0,142512000.0,349954000.0,,151503000.0,39521000.0,,,-924770000.0,,32190000.0,99792000.0,-601381000.0,-4790000.0
2010-10-31,1200272000.0,231502000.0,968770000.0,130357000.0,,870882000.0,97888000.0,,99919000.0,41092000.0,53561000.0,0.41,0.4,130888000.0,137044000.0,630303000.0,139545000.0,258764000.0,,49620000.0,,,1192936000.0,1032592000.0,116078000.0,187038000.0,8716000.0,69194000.0,2740694000.0,23320000.0,287627000.0,672454000.0,993045000.0,22103000.0,51100000.0,18284000.0,,1528228000.0,160122000.0,9030000.0,1210288000.0,2740694000.0,,78715000.0,,-67326000.0,,,9405000.0,6500000.0,-12691000.0,,293319000.0,1518996000.0,200768000.0,868595000.0,,155337000.0,60311000.0,,,-679781000.0,,46768000.0,-95155000.0,-381003000.0,4260000.0
2011-01-31,1657139000.0,323813000.0,1333326000.0,187887000.0,,1235829000.0,97497000.0,,104298000.0,34601000.0,64474000.0,0.5,0.47,130222000.0,136598000.0,424292000.0,72678000.0,426943000.0,,68715000.0,,,1074924000.0,910587000.0,387174000.0,396081000.0,31660000.0,104371000.0,3091165000.0,18106000.0,345121000.0,913239000.0,1276466000.0,21702000.0,51100000.0,18481000.0,,1814674000.0,171035000.0,6719000.0,1276491000.0,3091165000.0,,120429000.0,-14906000.0,102507000.0,,,9770000.0,1246000.0,227693000.0,,459081000.0,1682549000.0,214770000.0,1197492000.0,,403331000.0,90887000.0,,,-1062554000.0,,35991000.0,14074000.0,-587014000.0,90000.0
2011-04-30,504364000.0,103066000.0,401298000.0,65292000.0,,404101000.0,-2803000.0,,781000.0,251000.0,530000.0,0.0,0.0,133454000.0,141062000.0,664612000.0,99224000.0,270816000.0,,23791000.0,,,1188129000.0,758449000.0,446268000.0,406889000.0,30620000.0,109595000.0,3128068000.0,16969000.0,295970000.0,893904000.0,1685212000.0,21229000.0,,20292000.0,,1775795000.0,171565000.0,76000.0,1255642000.0,3128068000.0,,47558000.0,,-156127000.0,,,2713000.0,-1137000.0,-19808000.0,,139518000.0,232127000.0,6515000.0,352070000.0,,13335000.0,27314000.0,,,79362000.0,,2034000.0,27958000.0,240320000.0,10978000.0
2011-07-31,1050366000.0,223976000.0,826390000.0,138685000.0,,844941000.0,-18551000.0,,-17713000.0,-13445000.0,-4268000.0,-0.03,-0.03,135093000.0,135093000.0,449794000.0,127582000.0,342397000.0,,33915000.0,,,1114822000.0,709282000.0,470070000.0,671570000.0,47114000.0,145500000.0,3421328000.0,22321000.0,389853000.0,917755000.0,1814057000.0,17511000.0,51100000.0,34777000.0,,1912433000.0,167297000.0,7219000.0,1418123000.0,3421328000.0,,102152000.0,,-90051000.0,,,4626000.0,4121000.0,19453000.0,,222451000.0,307564000.0,18735000.0,436949000.0,,298670000.0,72365000.0,,,-321928000.0,,4120000.0,48377000.0,-214818000.0,12006000.0
2011-10-31,1634626000.0,352541000.0,1282085000.0,214734000.0,,1310793000.0,-28708000.0,,-25782000.0,-18288000.0,-7494000.0,-0.06,-0.06,135847000.0,135847000.0,502987000.0,142861000.0,312331000.0,,38834000.0,,,1148240000.0,650845000.0,504827000.0,732062000.0,45410000.0,156418000.0,3511278000.0,28265000.0,409150000.0,905055000.0,1832589000.0,12766000.0,51100000.0,30204000.0,,1928118000.0,163541000.0,3977000.0,1498389000.0,3511278000.0,,159158000.0,,-120152000.0,,,-4693000.0,8928000.0,-17800000.0,,351160000.0,408228000.0,31894000.0,563621000.0,,364785000.0,107043000.0,,,-332354000.0,,11012000.0,63378000.0,78695000.0,19864000.0
2012-01-31,2266539000.0,488886000.0,1777653000.0,295347000.0,,1812738000.0,-35085000.0,,-33317000.0,-21745000.0,-11572000.0,-0.09,-0.09,135302000.0,135302000.0,607284000.0,170582000.0,683745000.0,,119408000.0,,,1672222000.0,669308000.0,527946000.0,785381000.0,46110000.0,155149000.0,4164154000.0,33258000.0,502442000.0,1291622000.0,2323471000.0,88673000.0,51100000.0,37258000.0,,2498053000.0,159463000.0,12683000.0,,4164154000.0,,229258000.0,-51144000.0,244947000.0,,,-2883000.0,12644000.0,444674000.0,,591507000.0,623231000.0,40346000.0,724564000.0,,422699000.0,151645000.0,,,-489690000.0,,6018000.0,75850000.0,182992000.0,20981000.0
2012-04-30,695467000.0,151551000.0,543916000.0,94776000.0,,566165000.0,-22249000.0,,-24868000.0,-5393000.0,-19475000.0,-0.14,-0.14,138150000.0,138150000.0,440785000.0,269603000.0,371395000.0,,47538000.0,,,1323033000.0,946701000.0,549732000.0,831004000.0,43684000.0,22191000.0,4156092000.0,19752000.0,399731000.0,1257369000.0,1676852000.0,77347000.0,51100000.0,42010000.0,,2346323000.0,139988000.0,10197000.0,1809769000.0,4156092000.0,22400000.0,81266000.0,,-312660000.0,,,-1755000.0,-13505000.0,-45580000.0,,213212000.0,487803000.0,37699000.0,75522000.0,,48913000.0,44721000.0,,,-474987000.0,,11043000.0,97036000.0,-166499000.0,41961000.0
2012-07-31,1427116000.0,313969000.0,1113147000.0,194218000.0,,1148862000.0,-35715000.0,,-38900000.0,-9596000.0,-29304000.0,-0.21,-0.21,139425000.0,139425000.0,1000730000.0,106933000.0,446917000.0,,56723000.0,,,1853125000.0,696602000.0,556776000.0,840531000.0,41311000.0,148039000.0,4453570000.0,69339000.0,482888000.0,1268407000.0,2329167000.0,68777000.0,51100000.0,47165000.0,,2494899000.0,130159000.0,19730000.0,1892314000.0,4453570000.0,,166683000.0,,-237138000.0,,,891000.0,49586000.0,-43111000.0,,349409000.0,594904000.0,84887000.0,548232000.0,,58991000.0,74025000.0,,,372286000.0,,25745000.0,138083000.0,559945000.0,45467000.0
2012-10-31,2215514000.0,500217000.0,1715297000.0,308292000.0,,1805200000.0,-89903000.0,,-101751000.0,157446000.0,-249601000.0,-1.78,-1.78,142203000.0,142203000.0,521720000.0,83844000.0,418590000.0,,14723000.0,,,1257285000.0,810486000.0,583839000.0,1525154000.0,51447000.0,153800000.0,4642290000.0,57940000.0,524267000.0,1226118000.0,2323216000.0,65585000.0,51100000.0,46246000.0,,2498676000.0,-90138000.0,23649000.0,2083615000.0,4642290000.0,,271795000.0,149147000.0,-270802000.0,,,-7639000.0,21725000.0,-91873000.0,,455324000.0,808409000.0,126879000.0,630317000.0,,574751000.0,125079000.0,,,-760600000.0,,28905000.0,210062000.0,-479010000.0,51981000.0
2013-01-31,3050195000.0,683579000.0,2366616000.0,429479000.0,,2477326000.0,-110710000.0,,-127794000.0,142651000.0,-270445000.0,-1.92,-1.92,141224000.0,141224000.0,747245000.0,120376000.0,872634000.0,,16371000.0,,,2015880000.0,890664000.0,604669000.0,1529378000.0,49354000.0,149748000.0,5528956000.0,14535000.0,597706000.0,1798640000.0,2917624000.0,64355000.0,51100000.0,49074000.0,,3157711000.0,-110982000.0,17137000.0,2317633000.0,5528956000.0,,379350000.0,96473000.0,183242000.0,,,-11122000.0,,479419000.0,,736897000.0,1021287000.0,144623000.0,706893000.0,,579745000.0,175601000.0,,,-938918000.0,,14933000.0,334545000.0,139961000.0,53089000.0
2013-04-30,892633000.0,208994000.0,683639000.0,131939000.0,,728179000.0,-44540000.0,,-53943000.0,13778000.0,-67721000.0,-0.12,-0.12,588385000.0,588385000.0,1927990000.0,171827000.0,502609000.0,,6794000.0,,,2876039000.0,979640000.0,623684000.0,1544584000.0,50494000.0,190623000.0,6513709000.0,31522000.0,527080000.0,1674797000.0,2729687000.0,58363000.0,,49239000.0,,4003833000.0,-178703000.0,13726000.0,2462796000.0,6513709000.0,,114729000.0,,-369889000.0,,,-1522000.0,,-129835000.0,,283189000.0,264287000.0,14558000.0,111740000.0,,22161000.0,54010000.0,,,-219276000.0,,1866000.0,1123641000.0,1180745000.0,17283000.0
2013-07-31,1849727000.0,426711000.0,1423016000.0,280018000.0,,1507413000.0,-84397000.0,,-110747000.0,-133407000.0,76603000.0,0.13,0.12,593955000.0,624656000.0,579881000.0,43610000.0,599543000.0,,14157000.0,,,1698165000.0,306517000.0,1184861000.0,3503681000.0,,633428000.0,7969896000.0,66859000.0,,1734841000.0,3063315000.0,54807000.0,,,687355000.0,5110748000.0,-102100000.0,11239000.0,2818649000.0,7969896000.0,,225205000.0,,-336592000.0,,,-1582000.0,,-120034000.0,,466372000.0,320745000.0,20604000.0,1005650000.0,,2614732000.0,156559000.0,,,-2074596000.0,,-1278000.0,1448950000.0,-1348109000.0,19521000.0
2013-10-31,2925761000.0,694898000.0,2230863000.0,450708000.0,,2413191000.0,-182328000.0,,-234788000.0,-119236000.0,-124434000.0,-0.21,-0.21,600467000.0,600467000.0,651750000.0,51792000.0,604045000.0,,23441000.0,,,1800886000.0,381765000.0,1205349000.0,3495021000.0,,599511000.0,8097634000.0,45162000.0,,1686262000.0,3096689000.0,48357000.0,,,702918000.0,5151547000.0,-226534000.0,16806000.0,2912356000.0,8097634000.0,,366741000.0,,-332090000.0,,,,,-175153000.0,,604231000.0,419795000.0,21031000.0,1022470000.0,,2614732000.0,229261000.0,,,-2238118000.0,,2166000.0,1541298000.0,-95495000.0,25626000.0
2014-01-31,4071003000.0,968428000.0,3102575000.0,623798000.0,,3388649000.0,-286074000.0,,-357935000.0,-125760000.0,-232175000.0,-0.39,-0.39,597613000.0,597613000.0,781635000.0,57139000.0,1360837000.0,,-2900000.0,,,2680252000.0,482243000.0,1240746000.0,3500823000.0,,613490000.0,9152930000.0,64988000.0,,2473705000.0,3980188000.0,48410000.0,,,757187000.0,6087715000.0,-343157000.0,17680000.0,3038510000.0,9152930000.0,,503280000.0,-154868000.0,424702000.0,,,,,612343000.0,,875469000.0,558703000.0,36436000.0,1038284000.0,,2617302000.0,299110000.0,,,-2431555000.0,,8144000.0,1598234000.0,34390000.0,28870000.0
2014-04-30,1226772000.0,292305000.0,934467000.0,188358000.0,,989808000.0,-55341000.0,,-84769000.0,12142000.0,-96911000.0,-0.16,-0.16,612512000.0,612512000.0,827891000.0,51233000.0,684155000.0,,48556000.0,,,2039381000.0,650764000.0,1251000000.0,3500823000.0,,600090000.0,8641344000.0,36723000.0,,2288324000.0,3359954000.0,36291000.0,,,802927000.0,5499487000.0,-440068000.0,15298000.0,3131914000.0,8641344000.0,,131092000.0,,-676682000.0,,,,,-197500000.0,,473087000.0,250536000.0,7198000.0,79312000.0,,0.0,60098000.0,,,-210370000.0,,9041000.0,-219150000.0,46256000.0,9994000.0
2014-07-31,2545323000.0,600136000.0,1945187000.0,391467000.0,,2033962000.0,-88775000.0,,-137738000.0,20261000.0,-157999000.0,-0.26,-0.26,617016000.0,617016000.0,774725000.0,69850000.0,834323000.0,,51395000.0,,,2304687000.0,827183000.0,1189930000.0,3492713000.0,,604556000.0,9009828000.0,83604000.0,,2316574000.0,3502738000.0,36330000.0,,,865277000.0,5703082000.0,-501156000.0,11163000.0,3300568000.0,9009828000.0,,273503000.0,,-526514000.0,,,,,-169211000.0,,718980000.0,535464000.0,23960000.0,150385000.0,,0.0,131674000.0,,,-496846000.0,,-6815000.0,-226069000.0,-53166000.0,24799000.0
2014-10-31,3928978000.0,933347000.0,2995631000.0,586927000.0,,3106448000.0,-110817000.0,,-159587000.0,37336000.0,-196923000.0,-0.32,-0.32,629548000.0,629548000.0,846325000.0,79779000.0,794590000.0,,45738000.0,,,2439155000.0,901173000.0,1109816000.0,3782569000.0,,595163000.0,9412663000.0,88794000.0,,2192655000.0,3308352000.0,31322000.0,,,915810000.0,5620167000.0,-540080000.0,-1251000.0,3790614000.0,9412663000.0,,412963000.0,,-566306000.0,,,,,-298642000.0,,841491000.0,690024000.0,46248000.0,197293000.0,,-38071000.0,205100000.0,,,-553112000.0,,3447000.0,-206176000.0,71600000.0,30986000.0
2015-01-31,5373586000.0,,4084316000.0,792917000.0,,4229949000.0,-145633000.0,,-213085000.0,49603000.0,-262688000.0,-0.42,-0.42,624148000.0,624148000.0,908117000.0,87312000.0,1905506000.0,,7022000.0,,,3550072000.0,894855000.0,1125866000.0,3782660000.0,,628320000.0,10692982000.0,95537000.0,,3286768000.0,4390103000.0,34681000.0,,,922323000.0,6717799000.0,-605845000.0,-24108000.0,3975183000.0,10692982000.0,,564765000.0,-3171000.0,544610000.0,,,,,798830000.0,,1173714000.0,780540000.0,87638000.0,243845000.0,,-38071000.0,290454000.0,,,-698360000.0,,7730000.0,-310481000.0,126482000.0,36219000.0
2015-04-30,,,1129365000.0,222128000.0,,1098260000.0,31105000.0,,18073000.0,13981000.0,4092000.0,0.01,0.01,653809000.0,664310000.0,941956000.0,77059000.0,926381000.0,,44342000.0,,,2604825000.0,903461000.0,1737094000.0,3791583000.0,,754378000.0,10365682000.0,60227000.0,,3032771000.0,3960876000.0,24049000.0,,,870051000.0,6130479000.0,-601753000.0,-28352000.0,4235203000.0,10365682000.0,,142560000.0,,-979170000.0,,,,,-264629000.0,,730857000.0,207225000.0,14446000.0,192184000.0,,12470000.0,71087000.0,,,-536123000.0,,4224000.0,-157586000.0,33839000.0,10581000.0
2015-07-31,,,2358665000.0,456228000.0,,2307736000.0,50929000.0,,25031000.0,21791000.0,3240000.0,0.0,0.0,659366000.0,672231000.0,1089351000.0,81118000.0,1067799000.0,,45032000.0,,,2916787000.0,896494000.0,1725184000.0,3804288000.0,,415432000.0,10793977000.0,99286000.0,,3014940000.0,4112994000.0,20051000.0,,,843517000.0,6258174000.0,-602605000.0,-28144000.0,4535803000.0,10793977000.0,,290339000.0,,-837752000.0,,,,,-286459000.0,,1035268000.0,343421000.0,16279000.0,323106000.0,,30921000.0,135970000.0,,,-769900000.0,,4091000.0,-83994000.0,181234000.0,16202000.0
2015-10-31,,,3646949000.0,695440000.0,,3552586000.0,94363000.0,,68422000.0,90339000.0,-25157000.0,-0.04,-0.04,664131000.0,664131000.0,1223318000.0,134687000.0,1060726000.0,,42605000.0,,,2938773000.0,943301000.0,1742142000.0,3849054000.0,,396727000.0,10911966000.0,88755000.0,,2827285000.0,3976978000.0,19225000.0,,,878048000.0,6162012000.0,-627762000.0,-33325000.0,4749954000.0,10911966000.0,,434656000.0,,-853014000.0,,,,,-475357000.0,,1153175000.0,543422000.0,23445000.0,414259000.0,,58680000.0,216011000.0,,,-882646000.0,,48698000.0,131678000.0,315201000.0,24450000.0
2016-01-31,6667216000.0,,5012668000.0,946300000.0,,4897745000.0,114923000.0,,64279000.0,111705000.0,-47426000.0,-0.07,-0.07,661647000.0,661647000.0,1158363000.0,183018000.0,2496165000.0,,4399000.0,,,4347327000.0,1383996000.0,1715828000.0,3849937000.0,,378762000.0,12770772000.0,71481000.0,,4267667000.0,5617005000.0,23886000.0,,,833065000.0,7767903000.0,-653271000.0,-49917000.0,5002869000.0,12770772000.0,,593628000.0,612000.0,582425000.0,,,,,969686000.0,,1612585000.0,1139267000.0,37811000.0,500264000.0,,58680000.0,284476000.0,,,-1487878000.0,,59496000.0,132648000.0,250246000.0,31462000.0
2016-04-30,,,1419622000.0,260970000.0,,1367636000.0,51986000.0,,37155000.0,-1604000.0,38759000.0,0.06,0.06,677514000.0,686799000.0,1799083000.0,232109000.0,1192965000.0,,,,,3774672000.0,1684260000.0,1711472000.0,4129656000.0,,409185000.0,12817270000.0,54583000.0,,3991906000.0,5085103000.0,15008000.0,,,839725000.0,7233006000.0,-605783000.0,-28577000.0,5584264000.0,12817270000.0,,188919000.0,,-1307312000.0,,,,,-293117000.0,,1051062000.0,589336000.0,23285000.0,222934000.0,,1799000.0,83301000.0,,,-450278000.0,,,39173000.0,640720000.0,7909000.0
2016-07-31,,,2930661000.0,552476000.0,,2846124000.0,84537000.0,,61438000.0,-206943000.0,268381000.0,0.4,0.39,681126000.0,695968000.0,1115226000.0,59057000.0,1323114000.0,,,,,3277999000.0,545663000.0,1728243000.0,6029895000.0,,1455797000.0,14381314000.0,101404000.0,,3808200000.0,5376096000.0,15361000.0,,,1060352000.0,8248738000.0,-376161000.0,-11215000.0,6132576000.0,14381314000.0,,371229000.0,,-1234145000.0,,,,,-499179000.0,,1301740000.0,875131000.0,50538000.0,1833658000.0,,2799993000.0,179331000.0,,,-1992710000.0,,,655806000.0,-683857000.0,14231000.0
2016-10-31,,,4489914000.0,863935000.0,,4402341000.0,87573000.0,,48852000.0,-182220000.0,231072000.0,0.34,0.33,690468000.0,696257000.0,1145736000.0,55071000.0,1281425000.0,,,,,3001554000.0,550323000.0,1756673000.0,6616999000.0,,1100436000.0,14387669000.0,140541000.0,,3478693000.0,4975534000.0,16440000.0,,,785287000.0,7581632000.0,-413470000.0,-62943000.0,6806037000.0,14387669000.0,,575980000.0,,-1276798000.0,,,,,-829695000.0,,1456052000.0,986862000.0,64741000.0,1927049000.0,,2832110000.0,319984000.0,,,-2186494000.0,,,737655000.0,30510000.0,25451000.0
2017-01-31,8391984000.0,,6157945000.0,1208127000.0,,6093717000.0,64228000.0,,25383000.0,-154249000.0,179632000.0,0.26,0.26,687797000.0,700217000.0,1606549000.0,602338000.0,3196643000.0,,4668000.0,,,5996827000.0,,1787534000.0,7263846000.0,1113374000.0,486869000.0,17584923000.0,115257000.0,,5505689000.0,7258353000.0,37113000.0,,,780939000.0,10084796000.0,-464910000.0,-75841000.0,7500127000.0,17584923000.0,,820367000.0,-230906000.0,628477000.0,,,,,1210973000.0,,2162198000.0,1070412000.0,67454000.0,2005301000.0,,3192739000.0,463958000.0,,,-2684341000.0,,,997698000.0,448186000.0,36388000.0
2017-04-30,,,1737024000.0,376081000.0,,1745906000.0,-8882000.0,,-22963000.0,-13756000.0,-9207000.0,-0.01,-0.01,706174000.0,706174000.0,2024904000.0,1194646000.0,1439875000.0,,,,,5404491000.0,,1846413000.0,7290025000.0,1041384000.0,475234000.0,17058930000.0,128065000.0,,5042652000.0,7625863000.0,,,,802734000.0,9124442000.0,-474117000.0,9513000.0,7934488000.0,17058930000.0,,251569000.0,,-1757507000.0,,,,,-500150000.0,,1229584000.0,698561000.0,3850000.0,103837000.0,,19781000.0,156602000.0,,,-767715000.0,,,-49636000.0,418355000.0,17347000.0
2017-07-31,,,3627946000.0,762528000.0,,3586035000.0,50793000.0,,30453000.0,12717000.0,17736000.0,0.02,0.02,712039000.0,729386000.0,1949110000.0,1552135000.0,1569322000.0,,,,,5811341000.0,,1866576000.0,7294381000.0,965887000.0,457996000.0,17418803000.0,148279000.0,,4818634000.0,7526185000.0,,,,727882000.0,8950266000.0,-456381000.0,17535000.0,8451314000.0,17418803000.0,,508054000.0,,-1628060000.0,,,,,-724168000.0,,1560853000.0,1199894000.0,13270000.0,243465000.0,,19781000.0,284990000.0,,,-1291346000.0,,,117278000.0,342561000.0,26682000.0
2017-10-31,,,5593279000.0,1156526000.0,,5435380000.0,157899000.0,,113891000.0,55007000.0,59923000.0,0.08,0.08,717445000.0,738106000.0,2071837000.0,1556828000.0,1519916000.0,,,,,5946170000.0,,1864891000.0,7294141000.0,895768000.0,424888000.0,17490036000.0,120019000.0,,4392082000.0,7216444000.0,,,,736870000.0,8649869000.0,-404987000.0,3554000.0,8829370000.0,17490036000.0,,759331000.0,,-1677466000.0,,,,,-1150720000.0,,1686645000.0,1433718000.0,43089000.0,437248000.0,,19781000.0,396268000.0,,,-1426620000.0,,,201896000.0,465288000.0,41519000.0
2018-01-31,,,7706490000.0,1553073000.0,,7470722000.0,235768000.0,,202108000.0,74630000.0,127478000.0,0.18,0.17,714919000.0,734598000.0,2543484000.0,1978221000.0,3917401000.0,,11625000.0,,,9290371000.0,,1946527000.0,7314096000.0,826445000.0,395640000.0,21009802000.0,76465000.0,564778000.0,7094705000.0,10129518000.0,,,,793140000.0,11617439000.0,-337432000.0,-27142000.0,9388496000.0,21009802000.0,,997013000.0,-5790000.0,720019000.0,,,,,1551904000.0,,2737965000.0,2003115000.0,79123000.0,558614000.0,,25391000.0,534027000.0,,,-2010502000.0,,,221225000.0,936935000.0,53234000.0
2018-04-30,3006000000.0,,2239000000.0,424000000.0,,2048000000.0,191000000.0,,385000000.0,41000000.0,344000000.0,0.47,0.46,729000000.0,754000000.0,5922000000.0,1237000000.0,1763000000.0,,,,,10151000000.0,,1950000000.0,7444000000.0,815000000.0,392000000.0,22963000000.0,134000000.0,648000000.0,6201000000.0,7895000000.0,,,,836000000.0,11903000000.0,969000000.0,-33000000.0,11060000000.0,22963000000.0,,252000000.0,,-2162000000.0,,,,,-802000000.0,,1466000000.0,263000000.0,48000000.0,938000000.0,,182000000.0,122000000.0,,,276000000.0,,,1625000000.0,3379000000.0,19000000.0
2018-07-31,6287000000.0,1616000000.0,4671000000.0,887000000.0,,4365000000.0,306000000.0,,616000000.0,-68000000.0,643000000.0,0.87,0.84,747000000.0,774000000.0,2319000000.0,1108000000.0,1980000000.0,,,,,6802000000.0,,1986000000.0,12254000000.0,1976000000.0,459000000.0,25823000000.0,201000000.0,700000000.0,5883000000.0,8469000000.0,,,,653000000.0,12295000000.0,1269000000.0,-50000000.0,13528000000.0,25823000000.0,,603000000.0,,-2013000000.0,,,,,-1175000000.0,,1924000000.0,291000000.0,88000000.0,1273000000.0,,4985000000.0,292000000.0,,,-4661000000.0,,,2214000000.0,-3603000000.0,37000000.0
2018-10-31,9679000000.0,2505000000.0,7174000000.0,1368000000.0,,6776000000.0,398000000.0,,744000000.0,23000000.0,748000000.0,1.0,0.97,760000000.0,785000000.0,2105000000.0,1345000000.0,2037000000.0,,,,,6870000000.0,,1998000000.0,12848000000.0,2053000000.0,436000000.0,26588000000.0,160000000.0,730000000.0,5376000000.0,8022000000.0,,,,700000000.0,11895000000.0,1373000000.0,-74000000.0,14693000000.0,26588000000.0,,954000000.0,,-1965000000.0,,,,,-1686000000.0,,2067000000.0,634000000.0,98000000.0,1352000000.0,,5115000000.0,428000000.0,,,-4930000000.0,,,2396000000.0,-438000000.0,62000000.0
2019-01-31,13282000000.0,3451000000.0,9831000000.0,1886000000.0,,9296000000.0,535000000.0,,983000000.0,-127000000.0,1110000000.0,1.48,1.43,751000000.0,775000000.0,2669000000.0,1673000000.0,4924000000.0,,104000000.0,,,10683000000.0,,2051000000.0,12851000000.0,1923000000.0,543000000.0,30737000000.0,165000000.0,1356000000.0,8564000000.0,11255000000.0,,,,704000000.0,15132000000.0,1735000000.0,-58000000.0,15605000000.0,30737000000.0,,1283000000.0,-283000000.0,923000000.0,,,,74000000.0,1503000000.0,,3398000000.0,1068000000.0,146000000.0,1426000000.0,,5115000000.0,595000000.0,,,-5308000000.0,,,2010000000.0,126000000.0,83000000.0
2019-04-30,3737000000.0,914000000.0,2823000000.0,554000000.0,,2613000000.0,210000000.0,,482000000.0,90000000.0,392000000.0,0.51,0.49,771000000.0,793000000.0,4110000000.0,2269000000.0,2153000000.0,,,,,10035000000.0,,2243000000.0,12854000000.0,1794000000.0,677000000.0,33154000000.0,,,7585000000.0,10488000000.0,,,,664000000.0,16708000000.0,2127000000.0,-65000000.0,16446000000.0,33154000000.0,,343000000.0,,-2774000000.0,,,,15000000.0,-979000000.0,,1965000000.0,734000000.0,56000000.0,86000000.0,,10000000.0,159000000.0,,,-726000000.0,,,207000000.0,1441000000.0,18000000.0
2019-07-31,7734000000.0,1881000000.0,5853000000.0,1161000000.0,,5585000000.0,268000000.0,,646000000.0,163000000.0,483000000.0,0.62,0.61,776000000.0,795000000.0,3510000000.0,2532000000.0,2332000000.0,,,,,9903000000.0,,2283000000.0,13199000000.0,1725000000.0,603000000.0,33336000000.0,,,7142000000.0,10195000000.0,,,,661000000.0,16170000000.0,2218000000.0,-77000000.0,17166000000.0,33336000000.0,,731000000.0,,-2628000000.0,,,,41000000.0,-1573000000.0,,2401000000.0,1506000000.0,193000000.0,461000000.0,,433000000.0,337000000.0,,,-1578000000.0,,,-183000000.0,841000000.0,55000000.0
2019-10-31,12247000000.0,3015000000.0,9232000000.0,1935000000.0,,8899000000.0,333000000.0,,710000000.0,336000000.0,374000000.0,0.46,0.45,879000000.0,879000000.0,3868000000.0,2661000000.0,2573000000.0,,,,,11026000000.0,,2365000000.0,25022000000.0,4987000000.0,529000000.0,49942000000.0,,,6858000000.0,10474000000.0,,,,830000000.0,16663000000.0,2109000000.0,-74000000.0,33279000000.0,49942000000.0,,1274000000.0,,-2599000000.0,,,,63000000.0,-2139000000.0,,2699000000.0,1944000000.0,551000000.0,888000000.0,,339000000.0,507000000.0,,,-1515000000.0,,,39000000.0,1199000000.0,93000000.0
2020-01-31,17098000000.0,4235000000.0,12863000000.0,2766000000.0,,12566000000.0,297000000.0,,706000000.0,580000000.0,-248000000.0,-0.28,-0.28,829000000.0,850000000.0,4145000000.0,3802000000.0,6174000000.0,,2052000000.0,,,15963000000.0,,2375000000.0,25134000000.0,4724000000.0,579000000.0,55126000000.0,,,10662000000.0,14845000000.0,,,,1278000000.0,21241000000.0,1861000000.0,-93000000.0,33885000000.0,55126000000.0,455000000.0,1785000000.0,27000000.0,1000000000.0,,,,15000000.0,1665000000.0,,4331000000.0,3857000000.0,779000000.0,1444000000.0,,369000000.0,643000000.0,,,-2980000000.0,,,164000000.0,1476000000.0,129000000.0
2020-04-30,4865000000.0,1254000000.0,3611000000.0,859000000.0,,3751000000.0,-140000000.0,,47000000.0,-52000000.0,99000000.0,0.11,0.11,896000000.0,913000000.0,5772000000.0,4030000000.0,3076000000.0,,,,,14713000000.0,,2518000000.0,25266000000.0,4488000000.0,582000000.0,53623000000.0,,,9112000000.0,12843000000.0,,,,1120000000.0,19058000000.0,1960000000.0,-135000000.0,34565000000.0,53623000000.0,,504000000.0,,-3094000000.0,,,,147000000.0,-1555000000.0,,1859000000.0,834000000.0,227000000.0,337000000.0,,103000000.0,323000000.0,,,-437000000.0,,,209000000.0,1627000000.0,58000000.0
2020-07-31,10016000000.0,2565000000.0,7451000000.0,1757000000.0,,7413000000.0,178000000.0,,886000000.0,-1838000000.0,2724000000.0,3.02,2.96,904000000.0,922000000.0,4052000000.0,5231000000.0,3445000000.0,,,,,14846000000.0,,2528000000.0,26301000000.0,4676000000.0,2580000000.0,57780000000.0,,,8711000000.0,12963000000.0,,,,1297000000.0,19340000000.0,4585000000.0,-68000000.0,38440000000.0,57780000000.0,,1082000000.0,-2003000000.0,-2745000000.0,,,,,-2020000000.0,,2288000000.0,2515000000.0,557000000.0,544000000.0,,1257000000.0,437000000.0,,,-3030000000.0,,,650000000.0,-1720000000.0,124000000.0
2020-10-31,15435000000.0,3959000000.0,11476000000.0,2659000000.0,,11214000000.0,262000000.0,,2136000000.0,-1700000000.0,3805000000.0,4.2,4.11,911000000.0,939000000.0,3724000000.0,5768000000.0,3316000000.0,,,,,14946000000.0,,2564000000.0,26313000000.0,4398000000.0,2564000000.0,59136000000.0,,,7923000000.0,12234000000.0,,,,1517000000.0,18826000000.0,5666000000.0,-84000000.0,40310000000.0,59136000000.0,,1648000000.0,-2003000000.0,-2873000000.0,,,,,-2812000000.0,,2627000000.0,3968000000.0,796000000.0,1206000000.0,,1281000000.0,561000000.0,,,-4065000000.0,,,1018000000.0,-421000000.0,180000000.0
2021-01-31,21252000000.0,5438000000.0,15814000000.0,3598000000.0,,15359000000.0,455000000.0,,2561000000.0,-1511000000.0,4072000000.0,4.48,4.38,908000000.0,930000000.0,6195000000.0,5771000000.0,7786000000.0,,1584000000.0,,,21889000000.0,,2459000000.0,26318000000.0,4114000000.0,2693000000.0,66301000000.0,,,12607000000.0,17728000000.0,,,,1565000000.0,24808000000.0,5933000000.0,-42000000.0,41493000000.0,66301000000.0,579000000.0,2190000000.0,-1790000000.0,1556000000.0,,,,,1872000000.0,,4801000000.0,4833000000.0,1035000000.0,1836000000.0,,1281000000.0,150000000.0,,,-3971000000.0,,,1194000000.0,2050000000.0,216000000.0
2021-04-30,5963000000.0,1555000000.0,4408000000.0,951000000.0,,4054000000.0,354000000.0,,604000000.0,135000000.0,469000000.0,0.51,0.5,921000000.0,940000000.0,8544000000.0,6479000000.0,3174000000.0,,,,,20444000000.0,,2490000000.0,26640000000.0,3925000000.0,2641000000.0,64885000000.0,,,11158000000.0,15323000000.0,,,,1589000000.0,22318000000.0,6402000000.0,-68000000.0,42567000000.0,64885000000.0,,564000000.0,,-4616000000.0,,,,,-1451000000.0,,3228000000.0,1809000000.0,498000000.0,581000000.0,,425000000.0,171000000.0,,,-1047000000.0,,,165000000.0,2349000000.0,49000000.0
2021-07-31,12303000000.0,3168000000.0,9135000000.0,1971000000.0,,8449000000.0,686000000.0,,1430000000.0,426000000.0,1004000000.0,1.08,1.06,933000000.0,950000000.0,6299000000.0,3351000000.0,4074000000.0,,,,,16256000000.0,,2711000000.0,48103000000.0,9746000000.0,2794000000.0,88658000000.0,,,11067000000.0,17393000000.0,,,,2278000000.0,33138000000.0,6937000000.0,-84000000.0,55520000000.0,88658000000.0,,1204000000.0,,-3804000000.0,,,,,-1924000000.0,,3614000000.0,2316000000.0,1652000000.0,3045000000.0,,14781000000.0,384000000.0,,,-12101000000.0,,,8605000000.0,-2245000000.0,83000000.0
2021-10-31,19166000000.0,5012000000.0,14154000000.0,3174000000.0,,13430000000.0,724000000.0,,1729000000.0,257000000.0,1472000000.0,1.56,1.53,980000000.0,1001000000.0,4753000000.0,4638000000.0,4019000000.0,,,,,15957000000.0,,2768000000.0,47951000000.0,9472000000.0,2525000000.0,87436000000.0,,,10116000000.0,15035000000.0,,,,2034000000.0,30382000000.0,7405000000.0,-122000000.0,57054000000.0,87436000000.0,,2016000000.0,,-3895000000.0,,,,,-2880000000.0,,4018000000.0,4509000000.0,1802000000.0,3765000000.0,,14816000000.0,550000000.0,,,-13077000000.0,,,7635000000.0,-1546000000.0,151000000.0
2022-01-31,26492000000.0,7026000000.0,19466000000.0,4465000000.0,,18918000000.0,548000000.0,,1532000000.0,88000000.0,1444000000.0,1.51,1.48,955000000.0,974000000.0,5464000000.0,5073000000.0,9739000000.0,,1282000000.0,,,22850000000.0,,,47937000000.0,8978000000.0,2623000000.0,95209000000.0,,,15628000000.0,21788000000.0,,,,1995000000.0,37078000000.0,7377000000.0,-166000000.0,58131000000.0,95209000000.0,678000000.0,2779000000.0,-254000000.0,1824000000.0,,,,,2629000000.0,,6000000000.0,5674000000.0,2069000000.0,4179000000.0,,14876000000.0,717000000.0,,,-14536000000.0,,,7838000000.0,-731000000.0,196000000.0
2022-04-30,7411000000.0,2045000000.0,5366000000.0,1318000000.0,,5346000000.0,20000000.0,,-29000000.0,-57000000.0,28000000.0,0.03,0.03,991000000.0,1001000000.0,6859000000.0,6644000000.0,3952000000.0,,,,,20411000000.0,,,48319000000.0,8559000000.0,2693000000.0,93022000000.0,,,13636000000.0,19899000000.0,,,,1922000000.0,34146000000.0,7405000000.0,-310000000.0,58876000000.0,93022000000.0,,776000000.0,,-5805000000.0,,,,,-1994000000.0,,3676000000.0,2572000000.0,445000000.0,441000000.0,,414000000.0,179000000.0,,,-2457000000.0,,,201000000.0,1395000000.0,181000000.0
2022-07-31,15131000000.0,4172000000.0,10959000000.0,2647000000.0,,10746000000.0,213000000.0,,181000000.0,113000000.0,96000000.0,0.1,0.1,997000000.0,1001000000.0,6931000000.0,6602000000.0,4745000000.0,,,,,21246000000.0,,,48568000000.0,8072000000.0,2669000000.0,94148000000.0,,,12825000000.0,20080000000.0,,,,1974000000.0,34050000000.0,7473000000.0,-355000000.0,60098000000.0,94148000000.0,,1627000000.0,,-5015000000.0,,,,,-2807000000.0,,4010000000.0,3724000000.0,1167000000.0,892000000.0,,439000000.0,382000000.0,,,-2834000000.0,,,337000000.0,1467000000.0,277000000.0
2022-10-31,22968000000.0,6260000000.0,16708000000.0,3927000000.0,,16035000000.0,673000000.0,,627000000.0,321000000.0,306000000.0,0.31,0.31,997000000.0,1001000000.0,6076000000.0,5842000000.0,4275000000.0,,,,,19209000000.0,,,48555000000.0,7598000000.0,2679000000.0,91884000000.0,,,11193000000.0,18227000000.0,,,,2057000000.0,32533000000.0,7683000000.0,-481000000.0,59351000000.0,91884000000.0,,2470000000.0,,-5486000000.0,,,,,-4439000000.0,,4323000000.0,4132000000.0,1752000000.0,1392000000.0,,439000000.0,580000000.0,,,-2301000000.0,,,-1678000000.0,-855000000.0,390000000.0
2023-01-31,31352000000.0,8360000000.0,22992000000.0,5055000000.0,,21962000000.0,1030000000.0,,660000000.0,452000000.0,208000000.0,0.21,0.21,992000000.0,997000000.0,7016000000.0,5492000000.0,10755000000.0,,1704000000.0,,,26395000000.0,,,48568000000.0,7125000000.0,2800000000.0,98849000000.0,,,17376000000.0,25891000000.0,,,,2283000000.0,40490000000.0,7585000000.0,-274000000.0,58359000000.0,98849000000.0,903000000.0,3279000000.0,-334000000.0,995000000.0,,,,,1744000000.0,,7111000000.0,4777000000.0,2449000000.0,1771000000.0,,439000000.0,798000000.0,,,-1989000000.0,,,-3562000000.0,1552000000.0,510000000.0
2023-04-30,8247000000.0,2125000000.0,6122000000.0,1207000000.0,,5710000000.0,412000000.0,,326000000.0,127000000.0,199000000.0,0.2,0.2,980000000.0,988000000.0,9155000000.0,4822000000.0,4632000000.0,,,,,21981000000.0,,,48567000000.0,6654000000.0,2859000000.0,93541000000.0,,,15121000000.0,21626000000.0,,,,2202000000.0,36129000000.0,7784000000.0,-255000000.0,57412000000.0,93541000000.0,,696000000.0,,-6123000000.0,,,,,-2255000000.0,,4491000000.0,368000000.0,785000000.0,269000000.0,,0.0,243000000.0,,,347000000.0,,,-2716000000.0,2139000000.0,122000000.0
2023-07-31,16850000000.0,4238000000.0,12612000000.0,2427000000.0,,10724000000.0,1888000000.0,,1818000000.0,352000000.0,1466000000.0,1.5,1.49,977000000.0,987000000.0,6772000000.0,5625000000.0,5400000000.0,,,,,21138000000.0,,,48566000000.0,6182000000.0,2980000000.0,92447000000.0,,,14237000000.0,20805000000.0,,,,2269000000.0,34365000000.0,9051000000.0,-258000000.0,58082000000.0,92447000000.0,,1420000000.0,,-5355000000.0,,,,,-3139000000.0,,5299000000.0,2166000000.0,1247000000.0,802000000.0,,0.0,423000000.0,,,-1152000000.0,,,-4766000000.0,-2383000000.0,251000000.0
2023-10-31,25570000000.0,6393000000.0,19177000000.0,3631000000.0,,15788000000.0,3389000000.0,,3305000000.0,615000000.0,2690000000.0,2.76,2.73,976000000.0,985000000.0,6453000000.0,5410000000.0,4850000000.0,,,,,20202000000.0,,,48614000000.0,5737000000.0,3176000000.0,91022000000.0,,,12564000000.0,19394000000.0,,,,2348000000.0,32932000000.0,10275000000.0,-331000000.0,58090000000.0,91022000000.0,,2113000000.0,,-5905000000.0,,,,,-4816000000.0,,6831000000.0,2827000000.0,1810000000.0,1117000000.0,,82000000.0,589000000.0,,,-859000000.0,,,-6531000000.0,-563000000.0,709000000.0
2024-01-31,34857000000.0,8541000000.0,26316000000.0,4906000000.0,,21305000000.0,5011000000.0,,4950000000.0,814000000.0,4136000000.0,4.25,4.2,974000000.0,984000000.0,8472000000.0,5722000000.0,11414000000.0,,2403000000.0,,,29074000000.0,,,48620000000.0,5278000000.0,3433000000.0,99823000000.0,,,19003000000.0,26631000000.0,,,,2475000000.0,40177000000.0,11721000000.0,-225000000.0,59646000000.0,99823000000.0,1100000000.0,2787000000.0,-742000000.0,659000000.0,,,,,1623000000.0,,10234000000.0,3761000000.0,2129000000.0,1511000000.0,,82000000.0,736000000.0,,,-1327000000.0,,,-7477000000.0,1456000000.0,1027000000.0
2024-04-30,9133000000.0,2162000000.0,6971000000.0,1368000000.0,,5262000000.0,1709000000.0,,1900000000.0,334000000.0,1533000000.0,1.58,1.56,970000000.0,985000000.0,9958000000.0,7712000000.0,4273000000.0,,,,,25604000000.0,,,48940000000.0,4869000000.0,3742000000.0,96180000000.0,,,16061000000.0,23149000000.0,,,,2400000000.0,36497000000.0,12866000000.0,-270000000.0,59683000000.0,96180000000.0,,750000000.0,,-7162000000.0,,,,,-2955000000.0,,6247000000.0,3252000000.0,636000000.0,616000000.0,,338000000.0,163000000.0,,,-2651000000.0,,,-2108000000.0,1486000000.0,94000000.0
2024-07-31,18458000000.0,4321000000.0,14137000000.0,2717000000.0,,10645000000.0,3492000000.0,,3704000000.0,742000000.0,2962000000.0,3.06,3.03,967000000.0,979000000.0,7682000000.0,4954000000.0,5391000000.0,,,,,21862000000.0,,,48941000000.0,4415000000.0,4034000000.0,92180000000.0,,,15222000000.0,21001000000.0,,,,2712000000.0,34547000000.0,13907000000.0,-236000000.0,57633000000.0,92180000000.0,,1560000000.0,,-6026000000.0,,,,,-3794000000.0,,7139000000.0,3802000000.0,1534000000.0,3098000000.0,,338000000.0,300000000.0,,,2641000000.0,,,-7910000000.0,-2276000000.0,917000000.0
2024-10-31,27902000000.0,6426000000.0,21476000000.0,4073000000.0,,16091000000.0,5385000000.0,,5500000000.0,961000000.0,4489000000.0,4.66,4.6,963000000.0,975000000.0,7997000000.0,4760000000.0,4741000000.0,,,,,21425000000.0,,,49093000000.0,4119000000.0,4209000000.0,91395000000.0,,,13472000000.0,19375000000.0,,,,2643000000.0,32870000000.0,15049000000.0,-225000000.0,58525000000.0,91395000000.0,,2380000000.0,,-6681000000.0,,,,,-5555000000.0,,9122000000.0,5041000000.0,2439000000.0,3652000000.0,,517000000.0,504000000.0,,,-227000000.0,,,-9356000000.0,-475000000.0,1388000000.0
