Date,Net sales,Cost of sales,Gross margin,Research and development,"Selling, general and administrative",Total operating expenses,Operating income,"Other income/(expense), net",Income before provision for income taxes,Provision for income taxes,Net income,Earnings per share basic,Earnings per share diluted,Weighted-average basic,Weighted-average diluted,Cash and cash equivalents,Short-term marketable securities,"Accounts receivable, net",Inventories,Deferred tax assets,Vendor non-trade receivables,Other current assets,Total current assets,Long-term marketable securities,"Property, Plant and Equipment, Net",Goodwill,"Acquired intangible assets, net","Other Assets, Noncurrent",Total assets,accounts payable,Accrued expenses,Deferred revenue,Total current liabilities,Deferred revenue - non-current,deferred tax liabilities,long term taxes payable,Total other non-current liabilities,Total liabilities,Retained Earnings (Accumulated Deficit),Accumulated other comprehensive (loss)/income,Total shareholders equity,Total liabilities and shareholders' equity,"Depreciation, amortization and accretion",Stock-based compensation expense,Deferred income tax expense,"Increase (Decrease) in Accounts receivable, net",Increase (Decrease) in Inventories,Increase (Decrease) in Other Receivables,Increase (Decrease) in Other Operating Assets,Increase (Decrease) in Accounts Payable,Increase (Decrease) in Deferred Revenue,Increase (Decrease) Other liabilities,Cash generated by operating activities,Purchases of marketable securities,Proceeds from maturities of marketable securities,Proceeds from sales of marketable securities,Purchases of other long-term investments,"Business acquisitions, net of cash acquired",Cash payments for capital asset purchases,Payments for acquisition of intangible assets,Payments for (Proceeds from) Other Investing Activities,Cash used in investing activities,Proceeds from issuance of common stock,Excess tax benefits from stock-based compensation,Cash generated/used in financing activities,Increase/(decrease) in cash and cash equivalents,"Cash paid for income taxes, net"
2010-01-23,18836000000.0,6616000000.0,12220000000.0,,,7726000000.0,4494000000.0,100000000.0,,954000000.0,3640000000.0,0.63,0.62,5754000000.0,5866000000.0,4710000000.0,,4237000000.0,1215000000.0,2233000000.0,,2816000000.0,50139000000.0,,3958000000.0,14423000000.0,2661000000.0,5222000000.0,76403000000.0,750000000.0,4594000000.0,6751000000.0,14405000000.0,2906000000.0,,1941000000.0,425000000.0,34871000000.0,5086000000.0,739000000.0,41512000000.0,76403000000.0,,692000000.0,,994000000.0,80000000.0,,202000000.0,58000000.0,190000000.0,493000000.0,3974000000.0,,11278000000.0,6282000000.0,,2308000000.0,408000000.0,,-60000000.0,-8185000000.0,1436000000.0,49000000.0,3203000000.0,-1008000000.0,
2010-05-01,29204000000.0,10354000000.0,18850000000.0,,,12011000000.0,6839000000.0,158000000.0,,1165000000.0,5832000000.0,1.01,0.99,5746000000.0,5869000000.0,3961000000.0,,4078000000.0,1250000000.0,2277000000.0,,3047000000.0,49758000000.0,,3994000000.0,16668000000.0,3448000000.0,5424000000.0,79292000000.0,902000000.0,4380000000.0,7154000000.0,18439000000.0,3149000000.0,,1054000000.0,679000000.0,35440000000.0,5570000000.0,676000000.0,43830000000.0,79292000000.0,,1126000000.0,,662000000.0,86000000.0,,544000000.0,160000000.0,740000000.0,-149000000.0,6941000000.0,,17474000000.0,12193000000.0,,4950000000.0,699000000.0,,-80000000.0,-11233000000.0,2780000000.0,177000000.0,2535000000.0,-1757000000.0,
2010-07-31,40040000000.0,14397000000.0,25643000000.0,,,16479000000.0,9164000000.0,251000000.0,,1648000000.0,7767000000.0,1.36,1.33,5732000000.0,5848000000.0,4581000000.0,35280000000.0,4929000000.0,1327000000.0,3842000000.0,,3178000000.0,51421000000.0,,3941000000.0,16674000000.0,3274000000.0,5820000000.0,81130000000.0,895000000.0,4359000000.0,7664000000.0,19233000000.0,3419000000.0,276000000.0,1353000000.0,652000000.0,36845000000.0,5851000000.0,623000000.0,44267000000.0,81130000000.0,,1517000000.0,-477000000.0,1528000000.0,158000000.0,,639000000.0,139000000.0,1531000000.0,148000000.0,10173000000.0,,23697000000.0,19300000000.0,,5279000000.0,1008000000.0,,-128000000.0,-11931000000.0,3278000000.0,211000000.0,621000000.0,-1137000000.0,2068000000.0
2010-10-30,10750000000.0,3995000000.0,6755000000.0,,,4404000000.0,2351000000.0,74000000.0,,495000000.0,1930000000.0,0.34,0.34,5595000000.0,5675000000.0,3796000000.0,35129000000.0,4471000000.0,1523000000.0,1992000000.0,,3495000000.0,50406000000.0,,3984000000.0,16742000000.0,3176000000.0,5707000000.0,80015000000.0,945000000.0,4068000000.0,7420000000.0,18120000000.0,3316000000.0,,940000000.0,730000000.0,35320000000.0,6034000000.0,950000000.0,44675000000.0,80015000000.0,,407000000.0,338000000.0,-506000000.0,193000000.0,,8000000.0,45000000.0,-367000000.0,-200000000.0,1667000000.0,,3574000000.0,6232000000.0,,69000000.0,326000000.0,,-19000000.0,-167000000.0,374000000.0,28000000.0,-2285000000.0,-785000000.0,565000000.0
2011-01-29,21157000000.0,8141000000.0,13016000000.0,,,8981000000.0,4035000000.0,120000000.0,,704000000.0,3451000000.0,0.62,0.61,5563000000.0,5630000000.0,4924000000.0,35305000000.0,4620000000.0,1602000000.0,2054000000.0,,3561000000.0,52066000000.0,,4031000000.0,16746000000.0,2799000000.0,6339000000.0,81981000000.0,796000000.0,3972000000.0,7878000000.0,18505000000.0,3929000000.0,,968000000.0,741000000.0,36295000000.0,6363000000.0,976000000.0,45641000000.0,81981000000.0,,837000000.0,64000000.0,-343000000.0,270000000.0,,393000000.0,-105000000.0,686000000.0,-246000000.0,4276000000.0,,8357000000.0,9394000000.0,,94000000.0,652000000.0,,-28000000.0,-649000000.0,1158000000.0,45000000.0,-3284000000.0,343000000.0,957000000.0
2011-04-30,32023000000.0,12348000000.0,19675000000.0,,,13457000000.0,6218000000.0,140000000.0,,1100000000.0,5258000000.0,0.95,0.94,5545000000.0,5596000000.0,6635000000.0,36732000000.0,4413000000.0,1442000000.0,2120000000.0,,3862000000.0,55204000000.0,,4023000000.0,16880000000.0,2702000000.0,6541000000.0,85350000000.0,799000000.0,3917000000.0,7771000000.0,16110000000.0,3928000000.0,,1166000000.0,772000000.0,38144000000.0,7217000000.0,1307000000.0,47163000000.0,85350000000.0,,1237000000.0,-37000000.0,-603000000.0,105000000.0,,567000000.0,-103000000.0,537000000.0,-341000000.0,7255000000.0,,14134000000.0,14942000000.0,,266000000.0,930000000.0,,-48000000.0,-2461000000.0,1516000000.0,65000000.0,-2740000000.0,2054000000.0,1328000000.0
2011-07-30,43218000000.0,16682000000.0,26536000000.0,,,18862000000.0,7674000000.0,151000000.0,,1335000000.0,6490000000.0,1.17,1.17,5529000000.0,5563000000.0,7662000000.0,36923000000.0,4698000000.0,1486000000.0,3879000000.0,,941000000.0,57231000000.0,,3916000000.0,16818000000.0,2541000000.0,3101000000.0,87095000000.0,876000000.0,4734000000.0,8025000000.0,17506000000.0,4182000000.0,264000000.0,1191000000.0,723000000.0,39836000000.0,7284000000.0,1294000000.0,47226000000.0,87095000000.0,,1620000000.0,,-298000000.0,147000000.0,,-275000000.0,-28000000.0,1028000000.0,245000000.0,10079000000.0,,18117000000.0,17538000000.0,,266000000.0,1174000000.0,,-22000000.0,-2934000000.0,1831000000.0,71000000.0,-4064000000.0,3081000000.0,1649000000.0
2011-10-29,11256000000.0,4366000000.0,6890000000.0,,,4680000000.0,2210000000.0,35000000.0,,468000000.0,1777000000.0,0.33,0.33,5394000000.0,5407000000.0,4747000000.0,39641000000.0,4300000000.0,1622000000.0,2158000000.0,,1499000000.0,57267000000.0,,3753000000.0,16823000000.0,2369000000.0,3543000000.0,86964000000.0,908000000.0,4508000000.0,8444000000.0,17461000000.0,3952000000.0,,1501000000.0,572000000.0,39750000000.0,7910000000.0,981000000.0,47188000000.0,86964000000.0,,341000000.0,,-399000000.0,168000000.0,,374000000.0,36000000.0,232000000.0,2000000.0,2333000000.0,,1179000000.0,7721000000.0,,38000000.0,265000000.0,,-77000000.0,-3191000000.0,203000000.0,21000000.0,-2057000000.0,-2915000000.0,398000000.0
2012-01-28,22783000000.0,8828000000.0,13955000000.0,,,9011000000.0,4944000000.0,50000000.0,,1035000000.0,3959000000.0,0.74,0.73,5381000000.0,5404000000.0,8561000000.0,38181000000.0,3876000000.0,1590000000.0,2102000000.0,,1441000000.0,59298000000.0,,3711000000.0,16841000000.0,2236000000.0,3701000000.0,89259000000.0,791000000.0,4612000000.0,8534000000.0,17598000000.0,3928000000.0,,1556000000.0,613000000.0,39994000000.0,9490000000.0,850000000.0,49246000000.0,89259000000.0,,695000000.0,,-761000000.0,194000000.0,,505000000.0,-78000000.0,304000000.0,191000000.0,5434000000.0,,4039000000.0,12291000000.0,,109000000.0,549000000.0,,-160000000.0,-2085000000.0,653000000.0,32000000.0,-2450000000.0,899000000.0,860000000.0
2012-04-28,34371000000.0,13247000000.0,21124000000.0,,,13430000000.0,7694000000.0,79000000.0,,1649000000.0,6124000000.0,1.14,1.13,5388000000.0,5456000000.0,6461000000.0,41951000000.0,3980000000.0,1497000000.0,2104000000.0,,1510000000.0,61212000000.0,,3634000000.0,17006000000.0,2134000000.0,3650000000.0,91154000000.0,903000000.0,4491000000.0,8568000000.0,17124000000.0,4080000000.0,,1698000000.0,588000000.0,39776000000.0,10869000000.0,978000000.0,51357000000.0,91154000000.0,,1032000000.0,,-660000000.0,113000000.0,,495000000.0,34000000.0,482000000.0,-100000000.0,8403000000.0,,7930000000.0,19591000000.0,,333000000.0,830000000.0,,-175000000.0,-6244000000.0,1115000000.0,57000000.0,-3360000000.0,-1201000000.0,1424000000.0
2012-07-28,46061000000.0,17852000000.0,28209000000.0,,,18144000000.0,10065000000.0,94000000.0,,2118000000.0,8041000000.0,1.5,1.49,5370000000.0,5404000000.0,9799000000.0,38917000000.0,4369000000.0,1663000000.0,4308000000.0,,1230000000.0,61933000000.0,,3402000000.0,16998000000.0,1959000000.0,3882000000.0,91759000000.0,859000000.0,4785000000.0,8852000000.0,17731000000.0,4028000000.0,133000000.0,1844000000.0,558000000.0,40458000000.0,11354000000.0,661000000.0,51286000000.0,91759000000.0,,1401000000.0,,-272000000.0,287000000.0,,674000000.0,-7000000.0,727000000.0,300000000.0,11491000000.0,,12103000000.0,27365000000.0,,375000000.0,1126000000.0,,-166000000.0,-3815000000.0,1372000000.0,60000000.0,-5539000000.0,2137000000.0,2014000000.0
2012-10-27,11876000000.0,4637000000.0,7239000000.0,,,4588000000.0,2651000000.0,-20000000.0,,539000000.0,2092000000.0,0.39,0.39,5301000000.0,5334000000.0,4773000000.0,40227000000.0,3942000000.0,1709000000.0,2253000000.0,,1277000000.0,57907000000.0,,3409000000.0,20443000000.0,3449000000.0,3740000000.0,92643000000.0,889000000.0,4539000000.0,8721000000.0,17114000000.0,3902000000.0,,1577000000.0,1077000000.0,39942000000.0,12563000000.0,833000000.0,52686000000.0,92643000000.0,,306000000.0,,-615000000.0,-42000000.0,,-99000000.0,-19000000.0,-295000000.0,-288000000.0,2465000000.0,,4388000000.0,2447000000.0,,4912000000.0,265000000.0,,-22000000.0,-6530000000.0,117000000.0,15000000.0,-961000000.0,-5026000000.0,776000000.0
2013-01-26,23974000000.0,9392000000.0,14582000000.0,,,9142000000.0,5440000000.0,-29000000.0,,-363000000.0,5235000000.0,0.99,0.98,5318000000.0,5357000000.0,6847000000.0,39529000000.0,4462000000.0,1574000000.0,2297000000.0,,2122000000.0,60725000000.0,,3403000000.0,21361000000.0,3542000000.0,3510000000.0,96378000000.0,890000000.0,4907000000.0,9108000000.0,17950000000.0,4213000000.0,,1340000000.0,1096000000.0,40853000000.0,14647000000.0,898000000.0,55515000000.0,96378000000.0,,608000000.0,,-100000000.0,-194000000.0,,63000000.0,-17000000.0,407000000.0,-7000000.0,5814000000.0,14234000000.0,8652000000.0,4991000000.0,,6035000000.0,552000000.0,,-30000000.0,-7196000000.0,652000000.0,32000000.0,-1570000000.0,-2952000000.0,1472000000.0
2013-04-27,36190000000.0,14097000000.0,22093000000.0,,,13711000000.0,8382000000.0,-26000000.0,,643000000.0,7713000000.0,1.45,1.44,5329000000.0,5387000000.0,5122000000.0,42266000000.0,4942000000.0,1469000000.0,2377000000.0,,1363000000.0,61417000000.0,,3330000000.0,21640000000.0,3408000000.0,3451000000.0,97084000000.0,957000000.0,4749000000.0,9055000000.0,21063000000.0,3630000000.0,,1503000000.0,1134000000.0,40286000000.0,15668000000.0,689000000.0,56788000000.0,97084000000.0,,880000000.0,,439000000.0,-238000000.0,,41000000.0,91000000.0,-169000000.0,-56000000.0,8908000000.0,23969000000.0,13234000000.0,7279000000.0,,6371000000.0,843000000.0,,-47000000.0,-10653000000.0,1193000000.0,48000000.0,-2932000000.0,-4677000000.0,1236000000.0
2013-07-27,48607000000.0,19167000000.0,29440000000.0,5942000000.0,,18244000000.0,11196000000.0,31000000.0,11227000000.0,1244000000.0,9983000000.0,1.87,1.86,5329000000.0,5380000000.0,7925000000.0,42685000000.0,5470000000.0,1476000000.0,3642000000.0,,1312000000.0,65521000000.0,,3322000000.0,21919000000.0,3403000000.0,3115000000.0,101191000000.0,1029000000.0,5048000000.0,9262000000.0,22192000000.0,4161000000.0,399000000.0,1748000000.0,1034000000.0,42063000000.0,16215000000.0,608000000.0,59120000000.0,101191000000.0,,1120000000.0,,1001000000.0,-218000000.0,,27000000.0,164000000.0,598000000.0,196000000.0,12894000000.0,,17909000000.0,14799000000.0,,6766000000.0,1160000000.0,,-74000000.0,-11768000000.0,3338000000.0,92000000.0,-3000000000.0,-1874000000.0,1519000000.0
2013-10-26,12085000000.0,4678000000.0,7407000000.0,,,4952000000.0,2455000000.0,85000000.0,,544000000.0,1996000000.0,0.37,0.37,5378000000.0,5430000000.0,5254000000.0,42947000000.0,5188000000.0,1466000000.0,2333000000.0,,1476000000.0,62796000000.0,,3273000000.0,23804000000.0,3835000000.0,3140000000.0,100741000000.0,1025000000.0,5441000000.0,9212000000.0,21728000000.0,3995000000.0,,1575000000.0,1587000000.0,41832000000.0,15959000000.0,772000000.0,58897000000.0,100741000000.0,,309000000.0,,-361000000.0,-22000000.0,,-28000000.0,-29000000.0,-307000000.0,574000000.0,2649000000.0,8835000000.0,4058000000.0,4733000000.0,134000000.0,2447000000.0,315000000.0,,4000000.0,-2755000000.0,444000000.0,55000000.0,-2565000000.0,-2671000000.0,803000000.0
2014-01-25,23240000000.0,9882000000.0,13358000000.0,,,9236000000.0,4122000000.0,173000000.0,,870000000.0,3425000000.0,0.64,0.64,5336000000.0,5383000000.0,5339000000.0,41726000000.0,4378000000.0,1548000000.0,2419000000.0,,1263000000.0,60689000000.0,,3234000000.0,24086000000.0,3693000000.0,3097000000.0,98427000000.0,891000000.0,5535000000.0,9350000000.0,22944000000.0,3894000000.0,,1483000000.0,1637000000.0,42343000000.0,13928000000.0,703000000.0,56069000000.0,98427000000.0,,656000000.0,,-1134000000.0,77000000.0,,-179000000.0,-161000000.0,-205000000.0,577000000.0,5522000000.0,15874000000.0,7988000000.0,9081000000.0,263000000.0,2784000000.0,577000000.0,,6000000.0,-2190000000.0,837000000.0,73000000.0,-5918000000.0,-2586000000.0,1340000000.0
2014-04-26,34785000000.0,14421000000.0,20364000000.0,,,13700000000.0,6664000000.0,273000000.0,,1331000000.0,5606000000.0,1.06,1.06,5271000000.0,5311000000.0,6241000000.0,44228000000.0,4443000000.0,1528000000.0,2504000000.0,,1273000000.0,64288000000.0,,3310000000.0,24076000000.0,3461000000.0,3184000000.0,101856000000.0,1051000000.0,4945000000.0,9198000000.0,18515000000.0,3953000000.0,,1530000000.0,1678000000.0,46060000000.0,13849000000.0,697000000.0,55787000000.0,101856000000.0,,1009000000.0,,-1064000000.0,50000000.0,,-180000000.0,-2000000.0,-309000000.0,291000000.0,8720000000.0,27884000000.0,12048000000.0,14490000000.0,315000000.0,2784000000.0,950000000.0,,30000000.0,-5138000000.0,1053000000.0,84000000.0,-5266000000.0,-1684000000.0,1868000000.0
2014-07-26,47142000000.0,19373000000.0,27769000000.0,6294000000.0,,18424000000.0,9345000000.0,370000000.0,9715000000.0,1862000000.0,7853000000.0,1.5,1.49,5234000000.0,5281000000.0,6726000000.0,45348000000.0,5157000000.0,1591000000.0,4005000000.0,,1331000000.0,67114000000.0,,3252000000.0,24239000000.0,3280000000.0,3331000000.0,105134000000.0,1032000000.0,126000000.0,9478000000.0,19809000000.0,4664000000.0,369000000.0,1851000000.0,1748000000.0,48473000000.0,14093000000.0,677000000.0,56654000000.0,105134000000.0,1200000000.0,1348000000.0,,-340000000.0,109000000.0,,-33000000.0,-23000000.0,659000000.0,785000000.0,12332000000.0,,15660000000.0,18193000000.0,,2989000000.0,1275000000.0,,-24000000.0,-6643000000.0,1907000000.0,118000000.0,-6888000000.0,-1199000000.0,2349000000.0
2014-10-25,12245000000.0,4912000000.0,7333000000.0,1583000000.0,,4991000000.0,2342000000.0,18000000.0,2360000000.0,532000000.0,1828000000.0,0.36,0.35,5112000000.0,5156000000.0,4387000000.0,47720000000.0,4375000000.0,1676000000.0,2689000000.0,,1284000000.0,66396000000.0,,3233000000.0,24364000000.0,3066000000.0,3228000000.0,103978000000.0,1022000000.0,5496000000.0,9449000000.0,20056000000.0,4295000000.0,,1504000000.0,1793000000.0,47263000000.0,14273000000.0,451000000.0,56708000000.0,103978000000.0,,369000000.0,,-723000000.0,107000000.0,,-5000000.0,-5000000.0,-328000000.0,68000000.0,2491000000.0,,3906000000.0,3450000000.0,,184000000.0,285000000.0,,-2000000.0,-2877000000.0,353000000.0,71000000.0,-1953000000.0,-2339000000.0,694000000.0
2015-01-24,24181000000.0,9758000000.0,14423000000.0,3112000000.0,,9459000000.0,4964000000.0,269000000.0,5233000000.0,1008000000.0,4225000000.0,0.83,0.82,5117000000.0,5160000000.0,4797000000.0,48225000000.0,4541000000.0,1890000000.0,2654000000.0,,1565000000.0,67882000000.0,,3212000000.0,24382000000.0,2755000000.0,3142000000.0,104922000000.0,988000000.0,6128000000.0,9369000000.0,20034000000.0,4652000000.0,,1433000000.0,1403000000.0,47189000000.0,14847000000.0,186000000.0,57718000000.0,104922000000.0,,677000000.0,,-501000000.0,340000000.0,,218000000.0,-32000000.0,26000000.0,-27000000.0,5374000000.0,,7212000000.0,9948000000.0,,217000000.0,550000000.0,,109000000.0,-3636000000.0,1162000000.0,83000000.0,-3667000000.0,-1929000000.0,1152000000.0
2015-04-25,36318000000.0,14370000000.0,21948000000.0,4659000000.0,,14059000000.0,7889000000.0,379000000.0,8268000000.0,1606000000.0,6662000000.0,1.3,1.29,5110000000.0,5154000000.0,3870000000.0,50549000000.0,4889000000.0,1760000000.0,2539000000.0,,1476000000.0,69331000000.0,,3276000000.0,24398000000.0,2626000000.0,3075000000.0,106212000000.0,1118000000.0,5532000000.0,9371000000.0,23245000000.0,4810000000.0,,1294000000.0,1444000000.0,47379000000.0,15503000000.0,187000000.0,58823000000.0,106212000000.0,,1044000000.0,,-97000000.0,235000000.0,,341000000.0,101000000.0,217000000.0,-310000000.0,8414000000.0,,11632000000.0,13890000000.0,,238000000.0,907000000.0,,115000000.0,-6228000000.0,1584000000.0,102000000.0,-5042000000.0,-2856000000.0,1680000000.0
2015-07-25,49161000000.0,19480000000.0,29681000000.0,6207000000.0,,18911000000.0,10770000000.0,431000000.0,11201000000.0,2220000000.0,8981000000.0,1.76,1.75,5104000000.0,5146000000.0,6877000000.0,53539000000.0,5344000000.0,1627000000.0,4105000000.0,,1490000000.0,76283000000.0,,3332000000.0,24469000000.0,2376000000.0,3163000000.0,113481000000.0,1104000000.0,36000000.0,9824000000.0,23623000000.0,5359000000.0,246000000.0,1876000000.0,1459000000.0,53774000000.0,16045000000.0,61000000.0,59698000000.0,113481000000.0,1100000000.0,1440000000.0,,413000000.0,116000000.0,,370000000.0,87000000.0,1275000000.0,75000000.0,12552000000.0,,15293000000.0,20237000000.0,,326000000.0,1227000000.0,,178000000.0,-10088000000.0,2016000000.0,128000000.0,-2313000000.0,151000000.0,2190000000.0
2015-10-24,12682000000.0,4850000000.0,7832000000.0,1560000000.0,,4753000000.0,3079000000.0,58000000.0,3137000000.0,707000000.0,2430000000.0,0.48,0.48,5080000000.0,5113000000.0,5758000000.0,53349000000.0,4712000000.0,1482000000.0,2706000000.0,,1433000000.0,73946000000.0,,3346000000.0,24882000000.0,2292000000.0,3270000000.0,111773000000.0,1119000000.0,5400000000.0,9821000000.0,22100000000.0,5341000000.0,,1490000000.0,1263000000.0,51788000000.0,16586000000.0,-252000000.0,59977000000.0,111773000000.0,,376000000.0,,-631000000.0,-130000000.0,,-129000000.0,4000000.0,-19000000.0,-590000000.0,2766000000.0,,4133000000.0,6675000000.0,,614000000.0,262000000.0,,11000000.0,-950000000.0,385000000.0,73000000.0,-2935000000.0,-1119000000.0,828000000.0
2016-01-23,24609000000.0,9345000000.0,15264000000.0,3069000000.0,,8891000000.0,6373000000.0,70000000.0,6443000000.0,866000000.0,5577000000.0,1.1,1.09,5075000000.0,5106000000.0,6314000000.0,54061000000.0,4302000000.0,1362000000.0,2834000000.0,,1618000000.0,75005000000.0,,3386000000.0,24958000000.0,2322000000.0,3068000000.0,112642000000.0,962000000.0,5996000000.0,9796000000.0,22799000000.0,5389000000.0,,706000000.0,1279000000.0,51764000000.0,17821000000.0,-807000000.0,60871000000.0,112642000000.0,,706000000.0,,-988000000.0,-153000000.0,,181000000.0,-147000000.0,69000000.0,-162000000.0,6688000000.0,,7955000000.0,10247000000.0,,1089000000.0,576000000.0,,87000000.0,-2387000000.0,701000000.0,82000000.0,-4864000000.0,-563000000.0,1355000000.0
2016-04-30,36609000000.0,13624000000.0,22985000000.0,4695000000.0,,13628000000.0,9357000000.0,169000000.0,9526000000.0,1600000000.0,7926000000.0,1.57,1.56,5060000000.0,5095000000.0,8895000000.0,54617000000.0,4047000000.0,1343000000.0,2723000000.0,,2230000000.0,78571000000.0,,3529000000.0,26762000000.0,2744000000.0,3148000000.0,118654000000.0,1007000000.0,6273000000.0,9662000000.0,24003000000.0,5610000000.0,,891000000.0,1361000000.0,56296000000.0,18448000000.0,-227000000.0,62358000000.0,118654000000.0,,1101000000.0,,-1412000000.0,-189000000.0,,94000000.0,-114000000.0,7000000.0,-704000000.0,9752000000.0,,11790000000.0,23806000000.0,,3161000000.0,880000000.0,,195000000.0,-4751000000.0,771000000.0,103000000.0,-2983000000.0,2018000000.0,2093000000.0
2016-07-30,49247000000.0,18287000000.0,30960000000.0,6296000000.0,,18300000000.0,12660000000.0,260000000.0,12920000000.0,2181000000.0,10739000000.0,2.13,2.11,5053000000.0,5088000000.0,7631000000.0,58125000000.0,5847000000.0,1217000000.0,4021000000.0,,1627000000.0,78719000000.0,,3506000000.0,26625000000.0,2501000000.0,1844000000.0,121652000000.0,1056000000.0,6072000000.0,10155000000.0,24911000000.0,6317000000.0,278000000.0,925000000.0,1431000000.0,58067000000.0,19396000000.0,-326000000.0,63586000000.0,121652000000.0,1000000000.0,1458000000.0,,404000000.0,-315000000.0,,37000000.0,-65000000.0,1219000000.0,-605000000.0,13570000000.0,,14115000000.0,28778000000.0,,3161000000.0,1146000000.0,,191000000.0,-8117000000.0,1127000000.0,129000000.0,-4699000000.0,754000000.0,2675000000.0
2016-10-29,12352000000.0,4468000000.0,7884000000.0,1545000000.0,,5007000000.0,2877000000.0,76000000.0,2953000000.0,631000000.0,2322000000.0,0.46,0.46,5027000000.0,5066000000.0,8583000000.0,62385000000.0,4805000000.0,1176000000.0,,,1651000000.0,83141000000.0,,3499000000.0,26823000000.0,2297000000.0,1686000000.0,126287000000.0,996000000.0,5200000000.0,10215000000.0,23217000000.0,6736000000.0,,883000000.0,1404000000.0,62874000000.0,19694000000.0,-524000000.0,63406000000.0,126287000000.0,,372000000.0,,-1049000000.0,-44000000.0,,-191000000.0,-63000000.0,462000000.0,-687000000.0,2730000000.0,,2449000000.0,11337000000.0,,251000000.0,275000000.0,,-23000000.0,-5396000000.0,88000000.0,91000000.0,3618000000.0,952000000.0,913000000.0
2017-01-28,23932000000.0,8772000000.0,15160000000.0,3053000000.0,,9390000000.0,5770000000.0,146000000.0,5916000000.0,1246000000.0,4670000000.0,0.93,0.92,5021000000.0,5054000000.0,10898000000.0,60947000000.0,4458000000.0,1264000000.0,,,1329000000.0,83392000000.0,,3422000000.0,26822000000.0,2117000000.0,1538000000.0,126248000000.0,957000000.0,4478000000.0,10243000000.0,22708000000.0,6843000000.0,,1025000000.0,1383000000.0,62430000000.0,20027000000.0,-801000000.0,63811000000.0,126248000000.0,,724000000.0,,-1396000000.0,51000000.0,,-155000000.0,-98000000.0,611000000.0,-571000000.0,6502000000.0,,5245000000.0,18420000000.0,,251000000.0,526000000.0,,-10000000.0,-4978000000.0,386000000.0,101000000.0,1743000000.0,3267000000.0,1529000000.0
2017-04-29,35872000000.0,13194000000.0,22678000000.0,4560000000.0,,13739000000.0,8939000000.0,168000000.0,9107000000.0,1922000000.0,7185000000.0,1.43,1.42,5015000000.0,5056000000.0,8116000000.0,59858000000.0,4635000000.0,1366000000.0,,,1348000000.0,79962000000.0,,3395000000.0,29516000000.0,2704000000.0,1454000000.0,125950000000.0,1219000000.0,4062000000.0,10344000000.0,22718000000.0,6978000000.0,,1168000000.0,1482000000.0,60568000000.0,20721000000.0,-342000000.0,65382000000.0,125950000000.0,,1124000000.0,,-1253000000.0,149000000.0,,-140000000.0,149000000.0,592000000.0,-1014000000.0,9875000000.0,,8390000000.0,24414000000.0,,3211000000.0,756000000.0,,-35000000.0,-6688000000.0,418000000.0,125000000.0,-2702000000.0,485000000.0,2159000000.0
2017-07-29,48005000000.0,17781000000.0,30224000000.0,6059000000.0,,18251000000.0,11973000000.0,314000000.0,12287000000.0,2678000000.0,9609000000.0,1.92,1.9,5010000000.0,5049000000.0,11708000000.0,58784000000.0,5146000000.0,1616000000.0,3968000000.0,,1593000000.0,83703000000.0,,3322000000.0,29766000000.0,2539000000.0,1511000000.0,129818000000.0,1385000000.0,4392000000.0,10821000000.0,27583000000.0,7673000000.0,,1250000000.0,1450000000.0,63681000000.0,20838000000.0,46000000.0,66137000000.0,129818000000.0,1100000000.0,1526000000.0,,-756000000.0,394000000.0,,-15000000.0,311000000.0,1683000000.0,-697000000.0,13876000000.0,,12143000000.0,28827000000.0,,3324000000.0,964000000.0,,-39000000.0,-5993000000.0,708000000.0,153000000.0,-3806000000.0,4077000000.0,2742000000.0
2017-10-28,12136000000.0,4709000000.0,7427000000.0,1567000000.0,,4671000000.0,2756000000.0,206000000.0,2962000000.0,568000000.0,2394000000.0,0.48,0.48,4959000000.0,4994000000.0,11043000000.0,60545000000.0,4206000000.0,1693000000.0,,,1555000000.0,84080000000.0,,3202000000.0,30233000000.0,2677000000.0,1448000000.0,130522000000.0,1155000000.0,4200000000.0,10920000000.0,29284000000.0,7645000000.0,,883000000.0,1476000000.0,64972000000.0,20647000000.0,31000000.0,65550000000.0,130522000000.0,,392000000.0,,-957000000.0,80000000.0,,-8000000.0,-235000000.0,77000000.0,-137000000.0,3080000000.0,,3929000000.0,2682000000.0,,725000000.0,168000000.0,,0.0,-2495000000.0,9000000.0,0.0,-1250000000.0,-665000000.0,810000000.0
2018-01-27,24023000000.0,9098000000.0,14925000000.0,3116000000.0,,9096000000.0,5829000000.0,365000000.0,6194000000.0,12578000000.0,-8778000000.0,-1.78,-1.78,4942000000.0,4942000000.0,17624000000.0,56059000000.0,3963000000.0,1896000000.0,,,1583000000.0,86050000000.0,,3113000000.0,30391000000.0,2474000000.0,1472000000.0,131510000000.0,1060000000.0,4521000000.0,11102000000.0,35364000000.0,7686000000.0,,9185000000.0,1668000000.0,79528000000.0,7364000000.0,83000000.0,51982000000.0,131510000000.0,,785000000.0,,-1236000000.0,276000000.0,,15000000.0,-338000000.0,237000000.0,88000000.0,7150000000.0,,7365000000.0,9111000000.0,,754000000.0,379000000.0,,7000000.0,1495000000.0,302000000.0,0.0,-2729000000.0,5916000000.0,1311000000.0
2018-04-28,36486000000.0,13802000000.0,22684000000.0,4706000000.0,,13721000000.0,8963000000.0,484000000.0,9447000000.0,13140000000.0,-3693000000.0,-0.76,-0.76,4892000000.0,4892000000.0,6719000000.0,47712000000.0,4274000000.0,1900000000.0,,,1668000000.0,67141000000.0,,3082000000.0,31654000000.0,2681000000.0,1491000000.0,114008000000.0,1552000000.0,4125000000.0,11301000000.0,28642000000.0,7652000000.0,,9076000000.0,1641000000.0,67347000000.0,3709000000.0,-604000000.0,46661000000.0,114008000000.0,,1184000000.0,,-1064000000.0,289000000.0,,135000000.0,148000000.0,415000000.0,-237000000.0,9566000000.0,,12259000000.0,12422000000.0,,2789000000.0,620000000.0,,3000000.0,7255000000.0,318000000.0,0.0,-21810000000.0,-4989000000.0,3332000000.0
2018-07-28,49330000000.0,18724000000.0,30606000000.0,6332000000.0,,18297000000.0,12309000000.0,730000000.0,13039000000.0,12929000000.0,110000000.0,0.02,0.02,4837000000.0,4881000000.0,8934000000.0,37614000000.0,5554000000.0,1846000000.0,3078000000.0,,2940000000.0,61837000000.0,,3006000000.0,31706000000.0,2552000000.0,1582000000.0,108784000000.0,1904000000.0,4413000000.0,11490000000.0,27035000000.0,8195000000.0,,8585000000.0,1434000000.0,65580000000.0,1233000000.0,-849000000.0,43204000000.0,108784000000.0,1100000000.0,1576000000.0,,269000000.0,244000000.0,,-66000000.0,504000000.0,1205000000.0,83000000.0,13666000000.0,,15769000000.0,17706000000.0,,3006000000.0,834000000.0,,13000000.0,15324000000.0,623000000.0,0.0,-31764000000.0,-2774000000.0,3911000000.0
2018-10-27,13072000000.0,4926000000.0,8146000000.0,1608000000.0,,4341000000.0,3805000000.0,104000000.0,3909000000.0,360000000.0,3549000000.0,0.78,0.77,4565000000.0,4614000000.0,8410000000.0,,4536000000.0,1572000000.0,,,2134000000.0,55686000000.0,,2956000000.0,33386000000.0,2716000000.0,2081000000.0,105429000000.0,1805000000.0,4025000000.0,9637000000.0,26414000000.0,,,8216000000.0,1451000000.0,61581000000.0,3169000000.0,-1218000000.0,43848000000.0,105429000000.0,,403000000.0,,-892000000.0,34000000.0,,295000000.0,-153000000.0,-309000000.0,-186000000.0,3763000000.0,,,,,1964000000.0,212000000.0,,0.0,2675000000.0,8000000.0,,-6945000000.0,,869000000.0
2019-01-26,25518000000.0,9599000000.0,15919000000.0,3165000000.0,,8903000000.0,7016000000.0,236000000.0,7252000000.0,881000000.0,6371000000.0,1.41,1.4,4517000000.0,4557000000.0,9835000000.0,,3745000000.0,1701000000.0,,,2231000000.0,53117000000.0,,2931000000.0,33293000000.0,2270000000.0,2205000000.0,102462000000.0,1655000000.0,4402000000.0,9976000000.0,29479000000.0,,,7760000000.0,1256000000.0,61673000000.0,538000000.0,-1110000000.0,40789000000.0,102462000000.0,,792000000.0,,-1613000000.0,203000000.0,,652000000.0,-296000000.0,207000000.0,88000000.0,7560000000.0,,,,,,473000000.0,,12000000.0,6542000000.0,312000000.0,,-13216000000.0,,1968000000.0
2019-04-27,38476000000.0,14384000000.0,24092000000.0,4824000000.0,,13563000000.0,10529000000.0,338000000.0,10867000000.0,1452000000.0,9415000000.0,2.11,2.09,4468000000.0,4509000000.0,10251000000.0,,3800000000.0,1513000000.0,,,2331000000.0,47311000000.0,,2834000000.0,33544000000.0,2398000000.0,2315000000.0,97287000000.0,2022000000.0,4172000000.0,10117000000.0,27913000000.0,,,8038000000.0,1272000000.0,60483000000.0,-2877000000.0,-896000000.0,36804000000.0,97287000000.0,,1166000000.0,,-1560000000.0,1000000.0,,736000000.0,52000000.0,421000000.0,-154000000.0,11889000000.0,,,,,,701000000.0,,12000000.0,12148000000.0,321000000.0,,-22757000000.0,,2491000000.0
2019-07-27,51904000000.0,19238000000.0,32666000000.0,6577000000.0,,18447000000.0,14219000000.0,352000000.0,14571000000.0,2950000000.0,11621000000.0,2.63,2.61,4419000000.0,4453000000.0,11750000000.0,,5500000000.0,1383000000.0,3970000000.0,,2373000000.0,47755000000.0,,2789000000.0,33529000000.0,2201000000.0,2496000000.0,97793000000.0,2059000000.0,4424000000.0,10668000000.0,31712000000.0,,,8927000000.0,1309000000.0,64222000000.0,-5903000000.0,-792000000.0,33571000000.0,97793000000.0,1000000000.0,1570000000.0,,84000000.0,-131000000.0,,955000000.0,87000000.0,1407000000.0,151000000.0,15831000000.0,,12928000000.0,7388000000.0,,,909000000.0,,12000000.0,14837000000.0,640000000.0,0.0,-27889000000.0,2779000000.0,2986000000.0
2019-10-26,13159000000.0,4695000000.0,8464000000.0,1666000000.0,,4885000000.0,3579000000.0,107000000.0,3686000000.0,760000000.0,2926000000.0,0.69,0.68,4246000000.0,4273000000.0,8587000000.0,,4900000000.0,1344000000.0,,,2433000000.0,41716000000.0,,2669000000.0,33578000000.0,2107000000.0,3628000000.0,92492000000.0,2016000000.0,4406000000.0,10646000000.0,24597000000.0,,,8919000000.0,2100000000.0,58069000000.0,-5083000000.0,-815000000.0,34423000000.0,92492000000.0,,395000000.0,,-515000000.0,-34000000.0,,-59000000.0,-45000000.0,158000000.0,-382000000.0,3587000000.0,,1966000000.0,2342000000.0,,,202000000.0,,,1922000000.0,2000000.0,,-8668000000.0,-3159000000.0,1009000000.0
2020-01-25,25164000000.0,8936000000.0,16228000000.0,3236000000.0,,9269000000.0,6959000000.0,261000000.0,7220000000.0,1416000000.0,5804000000.0,1.37,1.36,4244000000.0,4265000000.0,8475000000.0,,4330000000.0,1353000000.0,,,2481000000.0,40053000000.0,,2621000000.0,33612000000.0,1906000000.0,3581000000.0,90426000000.0,1935000000.0,4507000000.0,10638000000.0,22088000000.0,,,8227000000.0,2036000000.0,54893000000.0,-4384000000.0,-700000000.0,35533000000.0,90426000000.0,,779000000.0,,-1084000000.0,-25000000.0,,-130000000.0,-126000000.0,236000000.0,-355000000.0,7387000000.0,,4044000000.0,3410000000.0,,,391000000.0,,10000000.0,2765000000.0,334000000.0,,-13425000000.0,-3273000000.0,2295000000.0
2020-04-25,37147000000.0,13148000000.0,23999000000.0,4782000000.0,,13626000000.0,10373000000.0,291000000.0,10664000000.0,2086000000.0,8578000000.0,2.02,2.01,4239000000.0,4258000000.0,10366000000.0,,4600000000.0,1212000000.0,,,2249000000.0,41307000000.0,,2535000000.0,33453000000.0,1744000000.0,3676000000.0,91394000000.0,2393000000.0,4341000000.0,10710000000.0,25937000000.0,,,8285000000.0,1948000000.0,55686000000.0,-3874000000.0,-1109000000.0,35708000000.0,91394000000.0,,1170000000.0,,-774000000.0,-143000000.0,,-145000000.0,324000000.0,333000000.0,-645000000.0,11624000000.0,,5708000000.0,4737000000.0,,,562000000.0,,10000000.0,3001000000.0,335000000.0,,-16027000000.0,-1402000000.0,2683000000.0
2020-07-25,49301000000.0,17618000000.0,31683000000.0,6347000000.0,,18063000000.0,13620000000.0,350000000.0,13970000000.0,2756000000.0,11214000000.0,2.65,2.64,4236000000.0,4254000000.0,11809000000.0,,5500000000.0,1282000000.0,3909000000.0,,2349000000.0,43573000000.0,,2453000000.0,33806000000.0,1576000000.0,3741000000.0,94853000000.0,2218000000.0,4741000000.0,11406000000.0,25331000000.0,,,8837000000.0,2147000000.0,56933000000.0,-2763000000.0,-519000000.0,37920000000.0,94853000000.0,900000000.0,1569000000.0,,107000000.0,-84000000.0,,-96000000.0,141000000.0,2011000000.0,-110000000.0,15426000000.0,,7975000000.0,5631000000.0,,,770000000.0,,10000000.0,3500000000.0,655000000.0,,-18886000000.0,40000000.0,3116000000.0
2020-10-24,11929000000.0,4348000000.0,7581000000.0,1612000000.0,,5011000000.0,2570000000.0,111000000.0,2681000000.0,507000000.0,2174000000.0,0.51,0.51,4230000000.0,4244000000.0,10822000000.0,,4000000000.0,1303000000.0,,,2589000000.0,42989000000.0,,2412000000.0,34535000000.0,1581000000.0,3832000000.0,95003000000.0,2294000000.0,4636000000.0,11271000000.0,26991000000.0,,,8786000000.0,2303000000.0,56846000000.0,-2756000000.0,-447000000.0,38157000000.0,95003000000.0,,438000000.0,,-1526000000.0,21000000.0,,259000000.0,73000000.0,-45000000.0,7000000.0,4096000000.0,,1425000000.0,657000000.0,,,171000000.0,,,-2710000000.0,1000000.0,,-2373000000.0,-987000000.0,710000000.0
2021-01-23,23889000000.0,8524000000.0,15365000000.0,3139000000.0,,9572000000.0,5793000000.0,143000000.0,5936000000.0,1217000000.0,4719000000.0,1.12,1.11,4227000000.0,4239000000.0,11793000000.0,,4307000000.0,1436000000.0,,,2553000000.0,43911000000.0,,2386000000.0,34733000000.0,1462000000.0,3900000000.0,95601000000.0,1867000000.0,4791000000.0,11552000000.0,27268000000.0,,,8084000000.0,2280000000.0,56480000000.0,-2351000000.0,-218000000.0,39121000000.0,95601000000.0,,874000000.0,,-1245000000.0,145000000.0,,212000000.0,-358000000.0,226000000.0,-16000000.0,7070000000.0,,3373000000.0,1374000000.0,,,358000000.0,,4000000.0,-2528000000.0,306000000.0,,-4551000000.0,-9000000.0,2142000000.0
2021-05-01,36692000000.0,13142000000.0,23550000000.0,4836000000.0,,14292000000.0,9258000000.0,269000000.0,9527000000.0,1945000000.0,7582000000.0,1.79,1.79,4224000000.0,4238000000.0,7350000000.0,,4425000000.0,1579000000.0,,,2829000000.0,37060000000.0,,2367000000.0,37690000000.0,3716000000.0,3925000000.0,93896000000.0,2440000000.0,4250000000.0,11492000000.0,24262000000.0,,,8247000000.0,2253000000.0,53691000000.0,-1456000000.0,-288000000.0,40205000000.0,93896000000.0,,1337000000.0,,-1250000000.0,260000000.0,,233000000.0,24000000.0,263000000.0,-569000000.0,10950000000.0,,6445000000.0,2724000000.0,,,530000000.0,,56000000.0,-5633000000.0,307000000.0,,-9770000000.0,-4453000000.0,2862000000.0
2021-07-31,49818000000.0,17924000000.0,31894000000.0,6549000000.0,,19061000000.0,12833000000.0,429000000.0,13262000000.0,2671000000.0,10591000000.0,2.51,2.5,4222000000.0,4236000000.0,9175000000.0,,5800000000.0,1559000000.0,4226000000.0,,2889000000.0,39112000000.0,,2338000000.0,38168000000.0,3619000000.0,5016000000.0,97497000000.0,2362000000.0,4620000000.0,12148000000.0,26257000000.0,,,8538000000.0,2393000000.0,56222000000.0,-654000000.0,-417000000.0,41275000000.0,97497000000.0,800000000.0,1761000000.0,,107000000.0,244000000.0,,797000000.0,-53000000.0,1560000000.0,-46000000.0,15454000000.0,,8409000000.0,3373000000.0,,,692000000.0,,56000000.0,-5285000000.0,643000000.0,,-12039000000.0,-1870000000.0,3604000000.0
2021-10-30,12900000000.0,4847000000.0,8053000000.0,1714000000.0,,4615000000.0,3438000000.0,219000000.0,3657000000.0,677000000.0,2980000000.0,0.71,0.7,4218000000.0,4243000000.0,7619000000.0,,5306000000.0,1832000000.0,,,3034000000.0,37588000000.0,,2238000000.0,38802000000.0,3350000000.0,5259000000.0,95981000000.0,2261000000.0,4407000000.0,12017000000.0,23238000000.0,,,8553000000.0,2438000000.0,53280000000.0,553000000.0,-473000000.0,42701000000.0,95981000000.0,,453000000.0,,-427000000.0,275000000.0,,170000000.0,-93000000.0,-95000000.0,-129000000.0,3427000000.0,,1856000000.0,580000000.0,,,122000000.0,,,-1020000000.0,0.0,,-3970000000.0,-1563000000.0,758000000.0
2022-01-29,25620000000.0,9518000000.0,16102000000.0,3384000000.0,,9177000000.0,6925000000.0,335000000.0,7260000000.0,1307000000.0,5953000000.0,1.42,1.41,4201000000.0,4222000000.0,6731000000.0,,6003000000.0,2059000000.0,,,3627000000.0,36799000000.0,,2140000000.0,38679000000.0,3079000000.0,5272000000.0,94262000000.0,2101000000.0,4843000000.0,12268000000.0,25915000000.0,,,7628000000.0,2209000000.0,54766000000.0,-2006000000.0,-789000000.0,39496000000.0,94262000000.0,,930000000.0,,308000000.0,506000000.0,,780000000.0,-250000000.0,202000000.0,123000000.0,5888000000.0,,3185000000.0,1402000000.0,,,232000000.0,,11000000.0,31000000.0,306000000.0,,-8369000000.0,-2450000000.0,2320000000.0
2022-04-30,38455000000.0,14232000000.0,24223000000.0,5092000000.0,,13688000000.0,10535000000.0,526000000.0,11061000000.0,2064000000.0,8997000000.0,2.15,2.14,4184000000.0,4204000000.0,6952000000.0,,5800000000.0,2231000000.0,,,4055000000.0,35981000000.0,,2046000000.0,38452000000.0,2811000000.0,5272000000.0,92797000000.0,2289000000.0,4728000000.0,12249000000.0,24150000000.0,,,7689000000.0,2096000000.0,52397000000.0,-724000000.0,-1463000000.0,40400000000.0,92797000000.0,,1407000000.0,,134000000.0,683000000.0,,1295000000.0,-54000000.0,292000000.0,109000000.0,9549000000.0,,4308000000.0,2488000000.0,,,338000000.0,,15000000.0,684000000.0,306000000.0,,-12466000000.0,-2233000000.0,2960000000.0
2022-07-30,51557000000.0,19309000000.0,32248000000.0,6774000000.0,,18279000000.0,13969000000.0,508000000.0,14477000000.0,2665000000.0,11812000000.0,2.83,2.82,4170000000.0,4192000000.0,7079000000.0,,6622000000.0,2568000000.0,4394000000.0,,4355000000.0,36717000000.0,,1997000000.0,38304000000.0,2569000000.0,5957000000.0,94002000000.0,2281000000.0,5199000000.0,12784000000.0,25640000000.0,,,7725000000.0,1968000000.0,54229000000.0,-1319000000.0,-1622000000.0,39773000000.0,94002000000.0,800000000.0,1886000000.0,,1009000000.0,1030000000.0,,1615000000.0,-55000000.0,1328000000.0,535000000.0,13226000000.0,,5686000000.0,2660000000.0,,,477000000.0,,15000000.0,1553000000.0,660000000.0,,-15962000000.0,-1363000000.0,3663000000.0
2022-10-29,13632000000.0,5286000000.0,8346000000.0,1781000000.0,,4806000000.0,3540000000.0,-65000000.0,3475000000.0,805000000.0,2670000000.0,0.65,0.65,4108000000.0,4116000000.0,7292000000.0,,5439000000.0,2664000000.0,,,4571000000.0,36141000000.0,,1972000000.0,38160000000.0,2360000000.0,5912000000.0,93054000000.0,2316000000.0,4956000000.0,12578000000.0,24896000000.0,,,7835000000.0,1981000000.0,52782000000.0,-594000000.0,-2118000000.0,40272000000.0,93054000000.0,,496000000.0,,-1119000000.0,108000000.0,,316000000.0,42000000.0,-78000000.0,-242000000.0,3962000000.0,,971000000.0,407000000.0,,,176000000.0,,20000000.0,-799000000.0,,,-2855000000.0,213000000.0,1150000000.0
2023-01-28,27224000000.0,10451000000.0,16773000000.0,3636000000.0,,9941000000.0,6832000000.0,123000000.0,6890000000.0,1447000000.0,5443000000.0,1.33,1.32,4105000000.0,4116000000.0,9009000000.0,,5237000000.0,3140000000.0,,,4520000000.0,38515000000.0,,1964000000.0,38388000000.0,2134000000.0,5964000000.0,95840000000.0,2329000000.0,5177000000.0,13109000000.0,27252000000.0,,,6609000000.0,2050000000.0,54366000000.0,-364000000.0,-1586000000.0,41474000000.0,95840000000.0,,1097000000.0,,-1393000000.0,569000000.0,,210000000.0,42000000.0,633000000.0,-57000000.0,8701000000.0,,2316000000.0,587000000.0,,,346000000.0,,20000000.0,-1293000000.0,316000000.0,,-5481000000.0,1930000000.0,2172000000.0
2023-04-29,41795000000.0,15790000000.0,26005000000.0,5598000000.0,,15227000000.0,10778000000.0,69000000.0,10847000000.0,2192000000.0,8655000000.0,2.11,2.11,4100000000.0,4111000000.0,8044000000.0,,5104000000.0,3474000000.0,,,4682000000.0,39950000000.0,,2047000000.0,38369000000.0,1966000000.0,5987000000.0,97529000000.0,2442000000.0,4813000000.0,13249000000.0,28719000000.0,,,6725000000.0,2116000000.0,55234000000.0,262000000.0,-1606000000.0,42295000000.0,97529000000.0,,1720000000.0,,-1494000000.0,894000000.0,,428000000.0,156000000.0,1055000000.0,-324000000.0,13920000000.0,,3789000000.0,802000000.0,,,616000000.0,,26000000.0,-3887000000.0,316000000.0,,-8976000000.0,967000000.0,2414000000.0
2023-07-29,56998000000.0,21245000000.0,35753000000.0,7551000000.0,,20722000000.0,15031000000.0,287000000.0,15318000000.0,2705000000.0,12613000000.0,3.08,3.07,4093000000.0,4105000000.0,10123000000.0,,5900000000.0,3644000000.0,6514000000.0,,4352000000.0,43348000000.0,,2085000000.0,38535000000.0,1818000000.0,6007000000.0,101852000000.0,2313000000.0,5136000000.0,13908000000.0,31309000000.0,,,5756000000.0,2134000000.0,57499000000.0,1639000000.0,-1575000000.0,44353000000.0,101852000000.0,700000000.0,2353000000.0,,-734000000.0,1069000000.0,,-5000000.0,27000000.0,2326000000.0,48000000.0,19886000000.0,,5978000000.0,1054000000.0,,,849000000.0,,26000000.0,-5107000000.0,700000000.0,,-11626000000.0,3048000000.0,3571000000.0
2023-10-28,14668000000.0,5111000000.0,9557000000.0,1913000000.0,,5281000000.0,4276000000.0,166000000.0,4442000000.0,804000000.0,3638000000.0,0.9,0.89,4057000000.0,4087000000.0,9602000000.0,,4833000000.0,3342000000.0,,,4547000000.0,39659000000.0,,2004000000.0,38900000000.0,1914000000.0,5879000000.0,98782000000.0,2084000000.0,4730000000.0,13812000000.0,27035000000.0,,,5790000000.0,2240000000.0,53572000000.0,2689000000.0,-2025000000.0,45210000000.0,98782000000.0,,661000000.0,,-979000000.0,-307000000.0,,290000000.0,-235000000.0,259000000.0,-273000000.0,2371000000.0,,2497000000.0,1280000000.0,,,134000000.0,,-1000000.0,952000000.0,,,-3800000000.0,-522000000.0,3090000000.0
2024-01-27,27459000000.0,9685000000.0,17774000000.0,3856000000.0,,10402000000.0,7372000000.0,231000000.0,7603000000.0,1331000000.0,6272000000.0,1.55,1.54,4056000000.0,4079000000.0,13715000000.0,,4900000000.0,3209000000.0,,,4887000000.0,42127000000.0,,2005000000.0,39087000000.0,1678000000.0,5575000000.0,101174000000.0,1848000000.0,4964000000.0,14011000000.0,30851000000.0,,,3390000000.0,2253000000.0,54923000000.0,2761000000.0,-1512000000.0,46251000000.0,101174000000.0,,1463000000.0,,-941000000.0,-442000000.0,,403000000.0,-476000000.0,293000000.0,-125000000.0,3179000000.0,,4044000000.0,2484000000.0,,878000000.0,304000000.0,,1000000.0,3165000000.0,349000000.0,,-2721000000.0,3591000000.0,6804000000.0
2024-04-27,40161000000.0,14114000000.0,26047000000.0,5804000000.0,,16484000000.0,9563000000.0,275000000.0,9838000000.0,1680000000.0,8158000000.0,2.01,2.0,4051000000.0,4071000000.0,8913000000.0,,5127000000.0,3118000000.0,,,5428000000.0,35886000000.0,,2000000000.0,58633000000.0,11819000000.0,5882000000.0,122998000000.0,2054000000.0,5334000000.0,15751000000.0,40108000000.0,,,2869000000.0,2427000000.0,77230000000.0,2055000000.0,-1630000000.0,45768000000.0,122998000000.0,,2274000000.0,,-1286000000.0,-530000000.0,,382000000.0,-300000000.0,211000000.0,-86000000.0,7150000000.0,,5804000000.0,3874000000.0,,25874000000.0,472000000.0,,2000000.0,-19650000000.0,347000000.0,,11351000000.0,-1188000000.0,7150000000.0
2024-07-27,53803000000.0,18975000000.0,34828000000.0,7983000000.0,,22647000000.0,12181000000.0,53000000.0,12234000000.0,1914000000.0,10320000000.0,2.55,2.54,4043000000.0,4062000000.0,7508000000.0,,6700000000.0,3373000000.0,6186000000.0,,5612000000.0,36862000000.0,,2090000000.0,58660000000.0,11219000000.0,5944000000.0,124413000000.0,2304000000.0,5643000000.0,16249000000.0,40584000000.0,,,3985000000.0,2540000000.0,78956000000.0,1087000000.0,-1430000000.0,45457000000.0,124413000000.0,700000000.0,3074000000.0,,289000000.0,-275000000.0,,671000000.0,-90000000.0,1220000000.0,416000000.0,10880000000.0,,6367000000.0,4136000000.0,,25994000000.0,670000000.0,,5000000.0,-20478000000.0,714000000.0,,6844000000.0,-2785000000.0,7426000000.0
2024-10-26,13841000000.0,4720000000.0,9121000000.0,2286000000.0,,6763000000.0,2358000000.0,-91000000.0,2267000000.0,-444000000.0,2711000000.0,0.68,0.68,3990000000.0,4013000000.0,9065000000.0,,4500000000.0,3143000000.0,,,6358000000.0,35752000000.0,,2082000000.0,58774000000.0,10744000000.0,6056000000.0,123333000000.0,1996000000.0,5610000000.0,15615000000.0,40542000000.0,,,3367000000.0,2637000000.0,78056000000.0,662000000.0,-1376000000.0,45277000000.0,123333000000.0,,827000000.0,,-2227000000.0,-229000000.0,,190000000.0,-269000000.0,-971000000.0,37000000.0,3661000000.0,,1164000000.0,1490000000.0,,217000000.0,217000000.0,,1000000.0,479000000.0,,,-2784000000.0,1366000000.0,643000000.0
