Date,Net sales,Cost of sales,Gross margin,Research and development,"Selling, general and administrative",Total operating expenses,Operating income,"Other income/(expense), net",Income before provision for income taxes,Provision for income taxes,Net income,Earnings per share basic,Earnings per share diluted,Weighted-average basic,Weighted-average diluted,Cash and cash equivalents,Short-term marketable securities,"Accounts receivable, net",Inventories,Deferred tax assets,Vendor non-trade receivables,Other current assets,Total current assets,Long-term marketable securities,"Property, Plant and Equipment, Net",Goodwill,"Acquired intangible assets, net","Other Assets, Noncurrent",Total assets,accounts payable,Accrued expenses,Deferred revenue,Total current liabilities,Deferred revenue - non-current,deferred tax liabilities,long term taxes payable,Total other non-current liabilities,Total liabilities,Retained Earnings (Accumulated Deficit),Accumulated other comprehensive (loss)/income,Total shareholders equity,Total liabilities and shareholders' equity,"Depreciation, amortization and accretion",Stock-based compensation expense,Deferred income tax expense,"Increase (Decrease) in Accounts receivable, net",Increase (Decrease) in Inventories,Increase (Decrease) in Other Receivables,Increase (Decrease) in Other Operating Assets,Increase (Decrease) in Accounts Payable,Increase (Decrease) in Deferred Revenue,Increase (Decrease) Other liabilities,Cash generated by operating activities,Purchases of marketable securities,Proceeds from maturities of marketable securities,Proceeds from sales of marketable securities,Purchases of other long-term investments,"Business acquisitions, net of cash acquired",Cash payments for capital asset purchases,Payments for acquisition of intangible assets,Payments for (Proceeds from) Other Investing Activities,Cash used in investing activities,Proceeds from issuance of common stock,Excess tax benefits from stock-based compensation,Cash generated/used in financing activities,Increase/(decrease) in cash and cash equivalents,"Cash paid for income taxes, net"
2009-12-25,9041000000.0,,,,,6756000000.0,2285000000.0,,,-624000000.0,1152000000.0,2.94,2.91,392127.0,395686.0,1029000000.0,,995000000.0,,158000000.0,,124000000.0,2570000000.0,,23213000000.0,,,165000000.0,27036000000.0,967000000.0,100000000.0,,1865000000.0,,6585000000.0,,1284000000.0,18176000000.0,9182000000.0,-809000000.0,,27036000000.0,,,436000000.0,92000000.0,,,28000000.0,-4000000.0,,-111000000.0,2060000000.0,,,,,,-1447000000.0,,54000000.0,-1393000000.0,,,-307000000.0,360000000.0,201000000.0
2010-03-26,2491000000.0,,,,,1857000000.0,634000000.0,,,197000000.0,306000000.0,0.78,0.78,391079.0,394323.0,993000000.0,,971000000.0,,184000000.0,,78000000.0,2501000000.0,,23290000000.0,,,306000000.0,27193000000.0,931000000.0,117000000.0,,2388000000.0,,6668000000.0,,1327000000.0,18308000000.0,9279000000.0,-798000000.0,,27193000000.0,,,47000000.0,24000000.0,,,-34000000.0,-26000000.0,,12000000.0,747000000.0,,,,,,331000000.0,,-18000000.0,-313000000.0,,,-470000000.0,-36000000.0,
2010-06-25,5154000000.0,,,,,3754000000.0,1400000000.0,,,424000000.0,719000000.0,1.86,1.84,387121000.0,390357000.0,633000000.0,,938000000.0,,185000000.0,,108000000.0,2143000000.0,,23173000000.0,,,319000000.0,26744000000.0,922000000.0,113000000.0,,2354000000.0,,6650000000.0,,1299000000.0,18167000000.0,8968000000.0,-787000000.0,,26744000000.0,,,79000000.0,57000000.0,,,-52000000.0,-34000000.0,,22000000.0,1422000000.0,,,,,,687000000.0,,-68000000.0,-619000000.0,,,-1199000000.0,-396000000.0,
2010-09-24,7820000000.0,,,,,5595000000.0,2225000000.0,,,712000000.0,1133000000.0,2.95,2.92,384102000.0,387516000.0,636000000.0,,1001000000.0,,206000000.0,,97000000.0,2205000000.0,,23334000000.0,,,364000000.0,27029000000.0,981000000.0,115000000.0,,2540000000.0,,6732000000.0,,1288000000.0,18391000000.0,9022000000.0,-771000000.0,,27029000000.0,,,139000000.0,-6000000.0,,,-44000000.0,27000000.0,,97000000.0,2266000000.0,,,,,,1092000000.0,,-41000000.0,-1051000000.0,,,-1608000000.0,-393000000.0,
2010-12-31,10636000000.0,,,,,7565000000.0,3071000000.0,,,983000000.0,1563000000.0,4.1,4.06,381108000.0,384509000.0,1292000000.0,,993000000.0,,6861000000.0,,106000000.0,2855000000.0,69000000.0,23799000000.0,70000000.0,,353000000.0,28141000000.0,1046000000.0,97000000.0,,2537000000.0,160000000.0,7053000000.0,,1298000000.0,19441000000.0,9087000000.0,-771000000.0,,28141000000.0,,,474000000.0,2000000.0,,,-22000000.0,79000000.0,,123000000.0,3246000000.0,,,,,,1825000000.0,,-69000000.0,-1756000000.0,,38000000.0,-1227000000.0,263000000.0,421000000.0
2011-04-01,2810000000.0,,,,,2037000000.0,773000000.0,,,243000000.0,395000000.0,1.07,1.06,369349000.0,371586000.0,534000000.0,,1068000000.0,,174000000.0,,102000000.0,2171000000.0,,23915000000.0,,,351000000.0,27577000000.0,1024000000.0,92000000.0,,2222000000.0,,7182000000.0,,1289000000.0,18821000000.0,9134000000.0,-760000000.0,,27577000000.0,,,137000000.0,-75000000.0,,,-35000000.0,-17000000.0,,-181000000.0,506000000.0,,,,,,390000000.0,,-14000000.0,-376000000.0,,,-888000000.0,-758000000.0,
2011-12-30,11743000000.0,,,,,8325000000.0,3418000000.0,,2888000000.0,1066000000.0,1822000000.0,1.68,1.67,1083000000.0,1089000000.0,783000000.0,,1129000000.0,,-7419000000.0,,78000000.0,2935000000.0,105000000.0,24974000000.0,64000000.0,,393000000.0,29473000000.0,1147000000.0,180000000.0,,2687000000.0,189000000.0,7601000000.0,,1525000000.0,21005000000.0,8275000000.0,-875000000.0,,29473000000.0,,,609000000.0,73000000.0,,,,84000000.0,,,3491000000.0,,,,,,2297000000.0,,38000000.0,-2587000000.0,,35000000.0,-1413000000.0,-509000000.0,
2012-03-30,2966000000.0,,,,,2110000000.0,856000000.0,,716000000.0,267000000.0,449000000.0,0.43,0.43,1047000000.0,1049000000.0,627000000.0,,1161000000.0,,178000000.0,,112000000.0,2468000000.0,,25141000000.0,,,399000000.0,29186000000.0,1205000000.0,192000000.0,,2593000000.0,,7799000000.0,,1330000000.0,20682000000.0,8313000000.0,-866000000.0,,29186000000.0,,,195000000.0,22000000.0,,,,69000000.0,,,444000000.0,,,,,,469000000.0,,-8000000.0,-77000000.0,,,-523000000.0,-156000000.0,
2012-06-29,5978000000.0,,,,,4179000000.0,1799000000.0,,1525000000.0,564000000.0,961000000.0,0.92,0.92,1044000000.0,1046000000.0,642000000.0,,1136000000.0,,172000000.0,,125000000.0,2372000000.0,,25632000000.0,,,402000000.0,29589000000.0,1055000000.0,179000000.0,,2575000000.0,,7896000000.0,,1315000000.0,20694000000.0,8679000000.0,-849000000.0,,29589000000.0,,,300000000.0,-2000000.0,,,,-81000000.0,,,1291000000.0,,,,,,1223000000.0,,-6000000.0,-729000000.0,,,-703000000.0,-141000000.0,
2012-09-28,8872000000.0,,,,,6219000000.0,2653000000.0,,2246000000.0,830000000.0,1416000000.0,1.36,1.36,1042000000.0,1044000000.0,693000000.0,,1163000000.0,,134000000.0,,104000000.0,2393000000.0,,25932000000.0,,,410000000.0,29930000000.0,1197000000.0,172000000.0,,3021000000.0,,8018000000.0,,1284000000.0,20899000000.0,8798000000.0,-833000000.0,,29930000000.0,,,456000000.0,0.0,,,,60000000.0,,,2304000000.0,,,,,,1830000000.0,,-10000000.0,-1325000000.0,,,-1069000000.0,-90000000.0,
2012-12-28,11756000000.0,,,,,8299000000.0,3457000000.0,,2964000000.0,1105000000.0,1859000000.0,1.79,1.79,1038000000.0,1040000000.0,784000000.0,,962000000.0,,-7977000000.0,,75000000.0,2801000000.0,,26050000000.0,64000000.0,,514000000.0,30571000000.0,1014000000.0,140000000.0,,2627000000.0,,8096000000.0,,1457000000.0,21569000000.0,8876000000.0,-936000000.0,,30571000000.0,,,592000000.0,-67000000.0,,,,-3000000.0,,,2946000000.0,,,,,,2341000000.0,,70000000.0,-2277000000.0,,37000000.0,-668000000.0,1000000.0,
2013-03-29,2958000000.0,,,,,2083000000.0,875000000.0,,725000000.0,266000000.0,459000000.0,0.45,0.45,1022000000.0,1023000000.0,705000000.0,,976000000.0,,133000000.0,,103000000.0,2567000000.0,,26288000000.0,,,516000000.0,30586000000.0,1043000000.0,138000000.0,,2474000000.0,,8202000000.0,,1393000000.0,21238000000.0,9191000000.0,-919000000.0,,30586000000.0,,,82000000.0,42000000.0,,,,48000000.0,,,731000000.0,,,,,,491000000.0,,18000000.0,-265000000.0,,,-545000000.0,-79000000.0,
2013-06-28,6027000000.0,,,,,4189000000.0,1838000000.0,,1557000000.0,563000000.0,994000000.0,0.97,0.97,1022000000.0,1023000000.0,614000000.0,,946000000.0,,144000000.0,,118000000.0,2489000000.0,,26599000000.0,,,565000000.0,30881000000.0,1022000000.0,119000000.0,,2418000000.0,,8313000000.0,,1378000000.0,21219000000.0,9482000000.0,-902000000.0,,30881000000.0,,,172000000.0,14000000.0,,,,28000000.0,,,1579000000.0,,,,,,1085000000.0,,50000000.0,-921000000.0,,,-828000000.0,-170000000.0,
2013-09-27,9026000000.0,,,,,6334000000.0,2692000000.0,,2280000000.0,823000000.0,1457000000.0,1.43,1.43,1021000000.0,1021000000.0,591000000.0,,981000000.0,,148000000.0,,85000000.0,2200000000.0,,26946000000.0,,,556000000.0,30943000000.0,1078000000.0,111000000.0,,2251000000.0,,8387000000.0,,1366000000.0,21075000000.0,9670000000.0,-886000000.0,,30943000000.0,,,229000000.0,76000000.0,,,,85000000.0,,,2499000000.0,,,,,,1687000000.0,,54000000.0,-1243000000.0,,,-1449000000.0,-193000000.0,
2013-12-27,12026000000.0,,,,,8553000000.0,3473000000.0,11000000.0,2922000000.0,1058000000.0,1864000000.0,1.83,1.83,1019000000.0,1019000000.0,592000000.0,,1052000000.0,,-8507000000.0,,64000000.0,2602000000.0,,27291000000.0,64000000.0,,591000000.0,31782000000.0,957000000.0,105000000.0,,2424000000.0,,8662000000.0,,870000000.0,21278000000.0,9936000000.0,-523000000.0,,31782000000.0,,,300000000.0,6000000.0,,,,28000000.0,,,3267000000.0,,,,,,2313000000.0,,112000000.0,-2227000000.0,,13000000.0,-1232000000.0,-192000000.0,
2014-03-28,3012000000.0,,,,,2273000000.0,739000000.0,,606000000.0,208000000.0,398000000.0,0.4,0.4,1008000000.0,1008000000.0,475000000.0,,1073000000.0,,143000000.0,,91000000.0,2289000000.0,,27494000000.0,,,583000000.0,31680000000.0,975000000.0,113000000.0,,2212000000.0,,8658000000.0,,859000000.0,21035000000.0,10062000000.0,-507000000.0,,31680000000.0,,,-1000000.0,46000000.0,,,,30000000.0,,,599000000.0,,,,,,475000000.0,,-4000000.0,-227000000.0,,,-489000000.0,-117000000.0,
2014-06-27,6256000000.0,,,,,4520000000.0,1736000000.0,,1456000000.0,529000000.0,927000000.0,0.92,0.92,1005000000.0,1006000000.0,573000000.0,,1062000000.0,,123000000.0,,123000000.0,2372000000.0,,27685000000.0,,,587000000.0,31975000000.0,900000000.0,128000000.0,,2797000000.0,,8728000000.0,,847000000.0,21071000000.0,10304000000.0,-492000000.0,,31975000000.0,,,86000000.0,60000000.0,,,,-50000000.0,,,1445000000.0,,,,,,956000000.0,,-20000000.0,-650000000.0,,,-814000000.0,-19000000.0,
2014-09-26,9477000000.0,,,,,6765000000.0,2712000000.0,,2269000000.0,833000000.0,1436000000.0,1.43,1.43,1003000000.0,1004000000.0,479000000.0,,1123000000.0,,128000000.0,,95000000.0,2676000000.0,,27994000000.0,,,608000000.0,32623000000.0,986000000.0,108000000.0,,2231000000.0,,8742000000.0,,840000000.0,21481000000.0,10527000000.0,-483000000.0,,32623000000.0,,,90000000.0,116000000.0,,,,20000000.0,,,2302000000.0,,,,,,1557000000.0,,-5000000.0,-1620000000.0,,,-795000000.0,-113000000.0,
2014-12-26,12669000000.0,,,,,9056000000.0,3613000000.0,,3044000000.0,1117000000.0,1927000000.0,1.93,1.92,1001000000.0,1002000000.0,669000000.0,,1129000000.0,,-8717000000.0,,68000000.0,2572000000.0,,28584000000.0,63000000.0,,541000000.0,33053000000.0,845000000.0,116000000.0,,2107000000.0,,8858000000.0,,1122000000.0,21877000000.0,10734000000.0,-666000000.0,,33053000000.0,,,298000000.0,119000000.0,,,,1000000.0,,,3343000000.0,,,,,,2449000000.0,,37000000.0,-2183000000.0,,3000000.0,-1083000000.0,77000000.0,
2015-03-27,3027000000.0,,,,,2184000000.0,843000000.0,,711000000.0,269000000.0,442000000.0,0.45,0.45,991000000.0,992000000.0,561000000.0,,1103000000.0,,146000000.0,,99000000.0,2457000000.0,,28872000000.0,,,479000000.0,33161000000.0,858000000.0,113000000.0,,2038000000.0,,8886000000.0,,1100000000.0,21823000000.0,10895000000.0,-668000000.0,,33161000000.0,,,6000000.0,-19000000.0,,,,24000000.0,,,690000000.0,,,,,,598000000.0,,-63000000.0,-500000000.0,,,-298000000.0,-108000000.0,
2015-06-26,6091000000.0,,,,,4231000000.0,1860000000.0,,1598000000.0,603000000.0,995000000.0,1.01,1.0,989000000.0,990000000.0,438000000.0,,1022000000.0,,132000000.0,,102000000.0,2669000000.0,,29250000000.0,,,492000000.0,33777000000.0,772000000.0,119000000.0,,1778000000.0,,8897000000.0,,1138000000.0,22200000000.0,11117000000.0,-656000000.0,,33777000000.0,,,33000000.0,-101000000.0,,,,-68000000.0,,,1582000000.0,,,,,,1288000000.0,,-52000000.0,-1574000000.0,,,-239000000.0,-231000000.0,
2015-09-25,9030000000.0,,,,,6237000000.0,2793000000.0,8000000.0,2397000000.0,895000000.0,1502000000.0,1.52,1.52,986000000.0,987000000.0,541000000.0,,1003000000.0,,137000000.0,,87000000.0,2502000000.0,,29637000000.0,,,500000000.0,34015000000.0,842000000.0,187000000.0,,1922000000.0,,8957000000.0,,1118000000.0,22355000000.0,11195000000.0,-645000000.0,,34015000000.0,,,82000000.0,-126000000.0,,,,3000000.0,,,2512000000.0,,,,,,1909000000.0,,-42000000.0,-1951000000.0,,,-689000000.0,-128000000.0,
2015-12-25,11811000000.0,,,,,8227000000.0,3584000000.0,98000000.0,3138000000.0,1170000000.0,1968000000.0,2.0,2.0,983000000.0,984000000.0,628000000.0,,982000000.0,,726000000.0,,70000000.0,2966000000.0,,30174000000.0,63000000.0,,505000000.0,35039000000.0,764000000.0,439000000.0,,1952000000.0,,9305000000.0,,1162000000.0,23371000000.0,11238000000.0,-665000000.0,,35039000000.0,,,456000000.0,-149000000.0,,,,-79000000.0,,,3370000000.0,,,,,,2562000000.0,,-37000000.0,-2892000000.0,,4000000.0,-519000000.0,-41000000.0,
2016-03-25,2618000000.0,,,,,1914000000.0,704000000.0,7000000.0,568000000.0,212000000.0,356000000.0,0.37,0.37,962000000.0,963000000.0,731000000.0,,917000000.0,,132000000.0,,83000000.0,2608000000.0,,30293000000.0,,,307000000.0,34610000000.0,815000000.0,159000000.0,,1692000000.0,,9396000000.0,,1145000000.0,23004000000.0,11183000000.0,-658000000.0,,34610000000.0,,,80000000.0,-57000000.0,,,,50000000.0,,,754000000.0,,,,,,425000000.0,,-31000000.0,41000000.0,,,-692000000.0,103000000.0,
2016-06-24,5322000000.0,,,,,3778000000.0,1544000000.0,15000000.0,1275000000.0,474000000.0,801000000.0,0.84,0.84,957000000.0,958000000.0,566000000.0,,912000000.0,,,,89000000.0,2228000000.0,,30607000000.0,,,302000000.0,34550000000.0,766000000.0,150000000.0,,2282000000.0,,9355000000.0,,1137000000.0,22925000000.0,11199000000.0,-649000000.0,,34550000000.0,,,165000000.0,-66000000.0,,,,0.0,,,1592000000.0,,,,,,1066000000.0,,-27000000.0,-481000000.0,,,-1173000000.0,-62000000.0,
2016-09-23,8032000000.0,,,,,5647000000.0,2385000000.0,28000000.0,1990000000.0,734000000.0,1256000000.0,1.32,1.32,952000000.0,953000000.0,603000000.0,,925000000.0,,,,86000000.0,2163000000.0,,30782000000.0,,,303000000.0,34681000000.0,859000000.0,109000000.0,,2263000000.0,,9505000000.0,,1105000000.0,23011000000.0,11233000000.0,-639000000.0,,34681000000.0,,,312000000.0,-68000000.0,,,,94000000.0,,,2488000000.0,,,,,,1590000000.0,,-26000000.0,-893000000.0,,,-1620000000.0,-25000000.0,
2016-12-30,11069000000.0,,,,,7680000000.0,3389000000.0,46000000.0,2741000000.0,1027000000.0,1714000000.0,1.81,1.81,947000000.0,948000000.0,603000000.0,,938000000.0,,622000000.0,,122000000.0,2487000000.0,,31150000000.0,63000000.0,,318000000.0,35414000000.0,806000000.0,114000000.0,,2040000000.0,,9596000000.0,,863000000.0,23720000000.0,11253000000.0,-640000000.0,,35414000000.0,,,405000000.0,-84000000.0,,,,40000000.0,,,3041000000.0,,,,,,2398000000.0,,-9000000.0,-1798000000.0,,,-1268000000.0,-25000000.0,
2017-03-31,2869000000.0,,,,,2157000000.0,712000000.0,7000000.0,582000000.0,220000000.0,362000000.0,0.39,0.39,927000000.0,929000000.0,930000000.0,,943000000.0,,,,85000000.0,2660000000.0,,31259000000.0,,,324000000.0,35712000000.0,898000000.0,187000000.0,,2277000000.0,,9648000000.0,,903000000.0,24043000000.0,11197000000.0,-634000000.0,,35712000000.0,,,59000000.0,30000000.0,,,,91000000.0,,,1043000000.0,,,,,,441000000.0,,-25000000.0,-286000000.0,,,-430000000.0,327000000.0,
2017-06-30,5802000000.0,,,,,4132000000.0,1670000000.0,13000000.0,1409000000.0,537000000.0,872000000.0,0.94,0.94,923000000.0,926000000.0,620000000.0,,1015000000.0,,,,90000000.0,2630000000.0,,31427000000.0,,,317000000.0,35861000000.0,810000000.0,127000000.0,,1672000000.0,,9737000000.0,,797000000.0,24260000000.0,11033000000.0,-569000000.0,,35861000000.0,,,112000000.0,103000000.0,,,,6000000.0,,,1566000000.0,,,,,,955000000.0,,-41000000.0,-967000000.0,,,-582000000.0,17000000.0,
2017-09-30,8545000000.0,,,,,5999000000.0,2546000000.0,19000000.0,2159000000.0,828000000.0,1331000000.0,1.45,1.45,916000000.0,919000000.0,591000000.0,,981000000.0,,,,95000000.0,2172000000.0,,31579000000.0,,,316000000.0,35573000000.0,905000000.0,106000000.0,,2075000000.0,,9789000000.0,,766000000.0,24671000000.0,10327000000.0,-561000000.0,,35573000000.0,,,161000000.0,78000000.0,,,,102000000.0,,,2861000000.0,,,,,,1462000000.0,,-71000000.0,-1079000000.0,,,-1794000000.0,-12000000.0,
2017-12-31,11408000000.0,,,,,7741000000.0,3667000000.0,21000000.0,3142000000.0,-2329000000.0,5471000000.0,6.01,5.99,911000000.0,914000000.0,401000000.0,,970000000.0,,880000000.0,,154000000.0,1915000000.0,,31764000000.0,63000000.0,,374000000.0,35739000000.0,847000000.0,161000000.0,,1894000000.0,,,,650000000.0,21018000000.0,14084000000.0,-486000000.0,,35739000000.0,,,-3233000000.0,70000000.0,,,,41000000.0,,,3472000000.0,,,,,,2040000000.0,,-37000000.0,-1495000000.0,,,-2179000000.0,-202000000.0,
2018-03-31,2876000000.0,,,,,1832000000.0,1044000000.0,17000000.0,912000000.0,217000000.0,695000000.0,0.78,0.78,885000000.0,888000000.0,1980000000.0,,1045000000.0,,,,138000000.0,3542000000.0,,31748000000.0,,,435000000.0,37439000000.0,905000000.0,144000000.0,,1891000000.0,,6485000000.0,,646000000.0,23048000000.0,13873000000.0,-585000000.0,,37439000000.0,,,54000000.0,50000000.0,,,,64000000.0,,,966000000.0,,,,,,368000000.0,,8000000.0,-316000000.0,,,929000000.0,1579000000.0,
2018-06-30,5978000000.0,,,,,3651000000.0,2327000000.0,35000000.0,2056000000.0,484000000.0,1572000000.0,1.8,1.79,875000000.0,878000000.0,1320000000.0,,1036000000.0,,,,116000000.0,2881000000.0,,31847000000.0,,,455000000.0,36924000000.0,852000000.0,138000000.0,,1732000000.0,,6532000000.0,,636000000.0,22901000000.0,13604000000.0,-581000000.0,,36924000000.0,,,98000000.0,47000000.0,,,,11000000.0,,,2009000000.0,,,,,,823000000.0,,8000000.0,-755000000.0,,,-335000000.0,919000000.0,
2018-09-30,9107000000.0,,,,,5487000000.0,3620000000.0,54000000.0,3206000000.0,740000000.0,2466000000.0,2.85,2.83,866000000.0,870000000.0,663000000.0,,1090000000.0,,,,133000000.0,2784000000.0,,31871000000.0,,,442000000.0,36861000000.0,982000000.0,151000000.0,,1944000000.0,,6584000000.0,,613000000.0,23126000000.0,13320000000.0,-574000000.0,,36861000000.0,,,148000000.0,97000000.0,,,,140000000.0,,,3406000000.0,,,,,,1240000000.0,,8000000.0,-1587000000.0,,,-1557000000.0,262000000.0,
2018-12-31,12300000000.0,,,,,7381000000.0,4869000000.0,74000000.0,4304000000.0,995000000.0,3309000000.0,3.86,3.84,857000000.0,861000000.0,858000000.0,,1010000000.0,,754000000.0,,181000000.0,2565000000.0,,31998000000.0,,,387000000.0,36729000000.0,949000000.0,179000000.0,,1915000000.0,,,,594000000.0,24149000000.0,12157000000.0,-661000000.0,,36729000000.0,,,279000000.0,46000000.0,,,,104000000.0,,,4641000000.0,,,,,,1745000000.0,,27000000.0,-1684000000.0,,,-2500000000.0,457000000.0,
2019-03-31,3013000000.0,,,,,1794000000.0,1219000000.0,23000000.0,1064000000.0,230000000.0,834000000.0,1.02,1.02,814000000.0,817000000.0,1188000000.0,,1106000000.0,,,,122000000.0,3479000000.0,,31988000000.0,,,344000000.0,38154000000.0,1019000000.0,178000000.0,,1926000000.0,,6743000000.0,,583000000.0,25709000000.0,12011000000.0,-659000000.0,,38154000000.0,,,51000000.0,56000000.0,,,,74000000.0,,,1173000000.0,,,,,,353000000.0,,2000000.0,-870000000.0,,,27000000.0,330000000.0,
2019-06-30,6074000000.0,,,,,3550000000.0,2524000000.0,48000000.0,2210000000.0,506000000.0,1704000000.0,2.1,2.1,810000000.0,812000000.0,853000000.0,,1111000000.0,,,,122000000.0,3186000000.0,,32019000000.0,,,347000000.0,37924000000.0,989000000.0,164000000.0,,2053000000.0,,,,568000000.0,25634000000.0,11843000000.0,-655000000.0,,37924000000.0,,,97000000.0,61000000.0,,,,39000000.0,,,2267000000.0,,,,,,769000000.0,,16000000.0,-1256000000.0,,,-1016000000.0,-5000000.0,
2019-09-30,9052000000.0,,,,,5241000000.0,3811000000.0,72000000.0,3335000000.0,775000000.0,2560000000.0,3.19,3.18,803000000.0,805000000.0,1521000000.0,,1101000000.0,,,,66000000.0,3960000000.0,,32078000000.0,,,369000000.0,38795000000.0,1101000000.0,208000000.0,,2805000000.0,,,,548000000.0,26916000000.0,11416000000.0,-648000000.0,,38795000000.0,,,186000000.0,39000000.0,,,,152000000.0,,,3737000000.0,,,,,,1191000000.0,,-19000000.0,-1729000000.0,,,-1345000000.0,663000000.0,
2019-12-31,11937000000.0,,,,,,4965000000.0,88000000.0,4316000000.0,985000000.0,3331000000.0,4.18,4.17,796000000.0,798000000.0,958000000.0,,986000000.0,,624000000.0,,77000000.0,3278000000.0,,32168000000.0,,,400000000.0,38257000000.0,1043000000.0,205000000.0,,2151000000.0,,,,591000000.0,26394000000.0,11404000000.0,-675000000.0,,38257000000.0,,,273000000.0,-45000000.0,,,,98000000.0,,,4850000000.0,,,,,,1657000000.0,,-31000000.0,-2102000000.0,,,-2648000000.0,100000000.0,
2020-03-31,2855000000.0,,,,,,1178000000.0,22000000.0,1013000000.0,243000000.0,770000000.0,1.0,1.0,772000000.0,773000000.0,,,1008000000.0,,,,74000000.0,3821000000.0,,32188000000.0,,,401000000.0,38834000000.0,1058000000.0,185000000.0,,2211000000.0,,,,568000000.0,26946000000.0,11412000000.0,-672000000.0,,38834000000.0,,,28000000.0,27000000.0,,,,14000000.0,,,1178000000.0,,,,,,381000000.0,,20000000.0,144000000.0,,,-285000000.0,,
2020-06-30,5110000000.0,,,,,,2006000000.0,37000000.0,1665000000.0,396000000.0,1269000000.0,1.65,1.65,769000000.0,770000000.0,,,860000000.0,,,,91000000.0,3791000000.0,,32261000000.0,,,419000000.0,38904000000.0,960000000.0,174000000.0,,2347000000.0,,,,554000000.0,26741000000.0,11676000000.0,-652000000.0,,38904000000.0,,,61000000.0,-120000000.0,,,,-85000000.0,,,2184000000.0,,,,,,801000000.0,,42000000.0,-3000000.0,,,-748000000.0,,
2020-09-30,7758000000.0,,,,,,3147000000.0,51000000.0,2633000000.0,628000000.0,2005000000.0,2.61,2.61,767000000.0,769000000.0,,,980000000.0,,,,96000000.0,4228000000.0,,32381000000.0,,,385000000.0,39443000000.0,1042000000.0,201000000.0,,2294000000.0,,,,534000000.0,26716000000.0,12166000000.0,-618000000.0,,39443000000.0,,,117000000.0,-12000000.0,,,,-6000000.0,,,3128000000.0,,,,,,1209000000.0,,32000000.0,-193000000.0,,,-995000000.0,1940000000.0,
2020-12-31,10600000000.0,,,,,,4362000000.0,19000000.0,3627000000.0,862000000.0,2765000000.0,3.61,3.6,766000000.0,768000000.0,3129000000.0,,912000000.0,,478000000.0,,96000000.0,4441000000.0,,32444000000.0,,,451000000.0,39793000000.0,809000000.0,164000000.0,,2019000000.0,,,,513000000.0,26683000000.0,12527000000.0,-598000000.0,,39793000000.0,,,180000000.0,-83000000.0,,,,-20000000.0,,,4263000000.0,,,,,,1626000000.0,,77000000.0,-649000000.0,,,-1443000000.0,2171000000.0,
2021-03-31,2813000000.0,,,,,,1101000000.0,20000000.0,937000000.0,231000000.0,706000000.0,0.93,0.93,761000000.0,762000000.0,,,957000000.0,,,,93000000.0,4305000000.0,,32403000000.0,,,510000000.0,39692000000.0,859000000.0,155000000.0,,1800000000.0,,,,518000000.0,26532000000.0,12476000000.0,-530000000.0,,39692000000.0,,,40000000.0,64000000.0,,,,53000000.0,,,1232000000.0,,,,,,306000000.0,,-8000000.0,-297000000.0,,,-1109000000.0,-174000000.0,
2021-06-30,5803000000.0,,,,,,2792000000.0,40000000.0,2467000000.0,588000000.0,1879000000.0,0.83,0.82,2276000000.0,2281000000.0,,,1192000000.0,,,,102000000.0,4573000000.0,,32486000000.0,,,461000000.0,40015000000.0,879000000.0,159000000.0,,1951000000.0,,,,493000000.0,26581000000.0,11723000000.0,-551000000.0,,40015000000.0,,,66000000.0,127000000.0,,,,73000000.0,,,2399000000.0,,,,,,754000000.0,,1000000.0,-527000000.0,,,-2015000000.0,-143000000.0,
2021-09-30,9095000000.0,,,,,,4228000000.0,60000000.0,3746000000.0,899000000.0,2847000000.0,1.26,1.26,2263000000.0,2268000000.0,,,1326000000.0,,,,89000000.0,3897000000.0,,32814000000.0,,,400000000.0,40129000000.0,972000000.0,182000000.0,,2268000000.0,,,,475000000.0,26957000000.0,11455000000.0,-534000000.0,,40129000000.0,,,109000000.0,153000000.0,,,,132000000.0,,,3819000000.0,,,,,543000000.0,1220000000.0,,0.0,-1463000000.0,,,-3306000000.0,-950000000.0,
2021-12-31,12522000000.0,,,,,,5594000000.0,79000000.0,5000000000.0,1170000000.0,3781000000.0,1.68,1.68,2250000000.0,2255000000.0,2239000000.0,,1148000000.0,,605000000.0,,70000000.0,3873000000.0,,33015000000.0,276000000.0,175000000.0,592000000.0,40531000000.0,963000000.0,207000000.0,,2233000000.0,,,,502000000.0,27031000000.0,11630000000.0,-408000000.0,,40531000000.0,,,167000000.0,141000000.0,,,,128000000.0,,,5099000000.0,,,,,541000000.0,1791000000.0,,4000000.0,-1877000000.0,,,-4112000000.0,-890000000.0,
2022-03-31,3413000000.0,,,,,,1282000000.0,26000000.0,1129000000.0,270000000.0,859000000.0,0.39,0.39,2188000000.0,2193000000.0,,,1277000000.0,,,,97000000.0,3757000000.0,,32984000000.0,,,619000000.0,40452000000.0,1050000000.0,184000000.0,,2575000000.0,,,,492000000.0,27257000000.0,11284000000.0,-377000000.0,,40452000000.0,360000000.0,,37000000.0,131000000.0,,,,82000000.0,,,1299000000.0,,,,,9000000.0,331000000.0,,17000000.0,-368000000.0,,,-1234000000.0,-303000000.0,
2022-06-30,7228000000.0,,,,,,2985000000.0,52000000.0,2687000000.0,650000000.0,2037000000.0,0.94,0.94,2173000000.0,2178000000.0,,,1489000000.0,,,,104000000.0,2784000000.0,,33644000000.0,377000000.0,180000000.0,640000000.0,40366000000.0,1055000000.0,197000000.0,,2393000000.0,,,,503000000.0,27225000000.0,10794000000.0,-338000000.0,,40366000000.0,729000000.0,,106000000.0,198000000.0,,,,61000000.0,,,2530000000.0,,,,,208000000.0,811000000.0,,19000000.0,-1019000000.0,,,-3026000000.0,-1515000000.0,
2022-09-30,11123000000.0,,,,,,4564000000.0,89000000.0,4110000000.0,962000000.0,3148000000.0,1.46,1.46,2156000000.0,2161000000.0,,,1467000000.0,,,,79000000.0,4310000000.0,,33956000000.0,352000000.0,185000000.0,644000000.0,42242000000.0,1152000000.0,205000000.0,,2508000000.0,,,,520000000.0,29359000000.0,10537000000.0,-320000000.0,,42242000000.0,1107000000.0,,125000000.0,143000000.0,,,,166000000.0,,,4255000000.0,,,,,223000000.0,1437000000.0,,25000000.0,-1644000000.0,,,-2539000000.0,72000000.0,
2022-12-31,14900000000.0,,,,,,6023000000.0,133000000.0,5414000000.0,1248000000.0,4166000000.0,1.95,1.95,2136000000.0,2141000000.0,1958000000.0,,1313000000.0,,658000000.0,,108000000.0,3849000000.0,,34242000000.0,319000000.0,183000000.0,522000000.0,41912000000.0,1130000000.0,228000000.0,,2471000000.0,,,,571000000.0,29287000000.0,10363000000.0,-388000000.0,,41912000000.0,1500000000.0,,117000000.0,101000000.0,,,,140000000.0,,,5619000000.0,,,,,227000000.0,2133000000.0,,-33000000.0,-2131000000.0,,,-3769000000.0,-281000000.0,
2023-03-31,3706000000.0,,,,,,1464000000.0,41000000.0,1304000000.0,317000000.0,987000000.0,0.48,0.48,2054000000.0,2058000000.0,,,1377000000.0,,,,115000000.0,3355000000.0,,34293000000.0,,,528000000.0,41478000000.0,1203000000.0,228000000.0,,2321000000.0,,,,542000000.0,29144000000.0,10092000000.0,-386000000.0,,41478000000.0,393000000.0,,35000000.0,63000000.0,,,,70000000.0,,,1251000000.0,,,,,2000000.0,443000000.0,,-5000000.0,-480000000.0,,,-1438000000.0,-667000000.0,
2023-06-30,7405000000.0,,,,,,2946000000.0,72000000.0,2616000000.0,633000000.0,1983000000.0,0.97,0.97,2037000000.0,2042000000.0,,,1327000000.0,,,,123000000.0,2911000000.0,,34477000000.0,,,485000000.0,41217000000.0,1120000000.0,207000000.0,,2055000000.0,,,,544000000.0,28943000000.0,10030000000.0,-390000000.0,,41217000000.0,795000000.0,,78000000.0,-8000000.0,,,,-20000000.0,,,2483000000.0,,,,,31000000.0,1015000000.0,,20000000.0,-980000000.0,,,-2505000000.0,-1002000000.0,
2023-09-30,10977000000.0,,,,,,4241000000.0,106000000.0,3742000000.0,913000000.0,2829000000.0,1.4,1.4,2022000000.0,2027000000.0,,,1399000000.0,,,,94000000.0,3359000000.0,,34656000000.0,,,466000000.0,41850000000.0,1201000000.0,239000000.0,,2934000000.0,,,,570000000.0,29896000000.0,9689000000.0,-372000000.0,,41850000000.0,1194000000.0,,111000000.0,65000000.0,,,,52000000.0,,,4049000000.0,,,,,31000000.0,1590000000.0,,19000000.0,-1555000000.0,,,-3092000000.0,-598000000.0,
2023-12-31,14700000000.0,,,,,,5561000000.0,139000000.0,4900000000.0,1176000000.0,3715000000.0,1.85,1.85,2008000000.0,2013000000.0,,,1393000000.0,,562000000.0,,109000000.0,3384000000.0,,34935000000.0,325000000.0,181000000.0,688000000.0,42408000000.0,1237000000.0,243000000.0,,3224000000.0,,,,543000000.0,30275000000.0,9790000000.0,-312000000.0,,42408000000.0,1611000000.0,,140000000.0,51000000.0,,,,83000000.0,,,5549000000.0,,,,,31000000.0,2281000000.0,,76000000.0,-2287000000.0,,,-3867000000.0,-605000000.0,
2024-03-31,3681000000.0,,,,,,1354000000.0,41000000.0,1185000000.0,292000000.0,893000000.0,0.46,0.46,1958000000.0,1962000000.0,,,1400000000.0,,,,136000000.0,3472000000.0,,35056000000.0,,,716000000.0,42695000000.0,1306000000.0,252000000.0,,3024000000.0,,,,557000000.0,30093000000.0,10205000000.0,-306000000.0,,42695000000.0,410000000.0,,11000000.0,-5000000.0,,,,72000000.0,,,1084000000.0,,,,,26000000.0,524000000.0,,35000000.0,-504000000.0,,,-450000000.0,130000000.0,
2024-06-30,7382000000.0,,,,,,2785000000.0,69000000.0,2435000000.0,592000000.0,1843000000.0,0.94,0.94,1951000000.0,1955000000.0,,,1430000000.0,,,,91000000.0,3180000000.0,,34949000000.0,,,738000000.0,42362000000.0,1192000000.0,251000000.0,,2739000000.0,,,,537000000.0,29742000000.0,10189000000.0,-270000000.0,,42362000000.0,820000000.0,,14000000.0,19000000.0,,,,-42000000.0,,,2173000000.0,,,,,50000000.0,1066000000.0,,56000000.0,-1048000000.0,,,-1240000000.0,-115000000.0,
2024-09-30,11001000000.0,,,,,,4139000000.0,105000000.0,3619000000.0,882000000.0,2737000000.0,1.41,1.4,1946000000.0,1950000000.0,,,1413000000.0,,,,93000000.0,3577000000.0,,35170000000.0,,,795000000.0,43069000000.0,1301000000.0,266000000.0,,2569000000.0,,,,505000000.0,30133000000.0,10457000000.0,-269000000.0,,43069000000.0,1236000000.0,,19000000.0,-7000000.0,,,,57000000.0,,,3859000000.0,,,,,68000000.0,1691000000.0,,94000000.0,-1722000000.0,,,-1846000000.0,291000000.0,
