Date,Net sales,Cost of sales,Gross margin,Research and development,"Selling, general and administrative",Total operating expenses,Operating income,"Other income/(expense), net",Income before provision for income taxes,Provision for income taxes,Net income,Earnings per share basic,Earnings per share diluted,Weighted-average basic,Weighted-average diluted,Cash and cash equivalents,Short-term marketable securities,"Accounts receivable, net",Inventories,Deferred tax assets,Vendor non-trade receivables,Other current assets,Total current assets,Long-term marketable securities,"Property, Plant and Equipment, Net",Goodwill,"Acquired intangible assets, net","Other Assets, Noncurrent",Total assets,accounts payable,Accrued expenses,Deferred revenue,Total current liabilities,Deferred revenue - non-current,deferred tax liabilities,long term taxes payable,Total other non-current liabilities,Total liabilities,Retained Earnings (Accumulated Deficit),Accumulated other comprehensive (loss)/income,Total shareholders equity,Total liabilities and shareholders' equity,"Depreciation, amortization and accretion",Stock-based compensation expense,Deferred income tax expense,"Increase (Decrease) in Accounts receivable, net",Increase (Decrease) in Inventories,Increase (Decrease) in Other Receivables,Increase (Decrease) in Other Operating Assets,Increase (Decrease) in Accounts Payable,Increase (Decrease) in Deferred Revenue,Increase (Decrease) Other liabilities,Cash generated by operating activities,Purchases of marketable securities,Proceeds from maturities of marketable securities,Proceeds from sales of marketable securities,Purchases of other long-term investments,"Business acquisitions, net of cash acquired",Cash payments for capital asset purchases,Payments for acquisition of intangible assets,Payments for (Proceeds from) Other Investing Activities,Cash used in investing activities,Proceeds from issuance of common stock,Excess tax benefits from stock-based compensation,Cash generated/used in financing activities,Increase/(decrease) in cash and cash equivalents,"Cash paid for income taxes, net"
2010-08-31,923904000.0,,,,293425000.0,,100246000.0,,88550000.0,27273000.0,,0.4,0.4,,,290646000.0,78803000.0,383943000.0,184363000.0,52907000.0,,,1372153000.0,,915358000.0,1400797000.0,,,3890904000.0,81307000.0,219994000.0,,359479000.0,,148180000.0,,,,3141356000.0,39095000.0,,3890904000.0,,3046000.0,-2538000.0,13747000.0,14799000.0,,,8420000.0,,,35298000.0,,,,,47824000.0,48200000.0,,2762000.0,-27549000.0,,,-127761000.0,-120635000.0,
2010-11-30,1860470000.0,,,,581729000.0,,202590000.0,,179127000.0,61984000.0,,0.78,0.78,,,260953000.0,23624000.0,402369000.0,208380000.0,53346000.0,,,1354846000.0,,923535000.0,1435352000.0,,,3928295000.0,92206000.0,321209000.0,,468795000.0,,145079000.0,,,,3125411000.0,49293000.0,,3928295000.0,,5799000.0,-6277000.0,27774000.0,38838000.0,,,19765000.0,,,109229000.0,,,,,88799000.0,88134000.0,,6858000.0,-60980000.0,,,-200521000.0,-150328000.0,
2011-02-28,2798297000.0,,,,864774000.0,,311466000.0,,275763000.0,99550000.0,,1.19,1.19,,,184731000.0,31974000.0,416295000.0,232294000.0,44475000.0,,,1322938000.0,,941773000.0,1491116000.0,,,3972070000.0,101935000.0,220674000.0,,391636000.0,,165271000.0,,,,3184480000.0,64795000.0,,3972070000.0,,9813000.0,22524000.0,32844000.0,61620000.0,,,26974000.0,,,207955000.0,,,,,158517000.0,142298000.0,,2845000.0,-188955000.0,,,-252070000.0,-226550000.0,
2011-05-31,3810384000.0,,,,1168944000.0,,440343000.0,,392669000.0,145680000.0,,1.68,1.68,,,438106000.0,87220000.0,429131000.0,249658000.0,45813000.0,,,1700777000.0,,946218000.0,1487882000.0,,,4351940000.0,110279000.0,242691000.0,,434139000.0,,196321000.0,,,,3255256000.0,,,4351940000.0,,15203000.0,47908000.0,48986000.0,78824000.0,,,29215000.0,,,340886000.0,,,,,171552000.0,182592000.0,,5198000.0,-298593000.0,,,-20038000.0,26825000.0,
2011-08-31,1017180000.0,,,,310466000.0,,128574000.0,,111605000.0,42967000.0,68638000.0,0.52,0.52,131309000.0,131338000.0,150312000.0,126728000.0,439090000.0,280214000.0,51823000.0,,,1482615000.0,,946466000.0,1488152000.0,,116228000.0,4127892000.0,100745000.0,225377000.0,,618646000.0,,194610000.0,,,,3323894000.0,59573000.0,2114485000.0,4127892000.0,,4522000.0,-7808000.0,10142000.0,30770000.0,,,-9329000.0,,,56562000.0,,,,,870000.0,44421000.0,,-6539000.0,-82336000.0,,,-262157000.0,,
2011-11-30,2036306000.0,,,,607578000.0,,261259000.0,,226965000.0,83977000.0,142988000.0,1.09,1.09,130522000.0,130543000.0,207772000.0,129833000.0,447350000.0,287950000.0,56007000.0,,,1591868000.0,,938664000.0,1483635000.0,,114484000.0,4215312000.0,111136000.0,318961000.0,,720201000.0,,194432000.0,,,,3327111000.0,39221000.0,2102619000.0,4215312000.0,,9756000.0,-11767000.0,20850000.0,39268000.0,,,1843000.0,,,175958000.0,,,,,14551000.0,79832000.0,,-5772000.0,-141976000.0,,,-262053000.0,,
2012-02-29,3048418000.0,,,,895945000.0,,398795000.0,,347655000.0,128632000.0,219023000.0,1.67,1.67,130261000.0,130321000.0,217983000.0,134631000.0,439650000.0,275673000.0,56422000.0,,,1625536000.0,,944034000.0,1486465000.0,,115466000.0,4253167000.0,115566000.0,224355000.0,,648561000.0,,206047000.0,,,,3403459000.0,51076000.0,2196627000.0,4253167000.0,,15023000.0,-995000.0,11760000.0,26958000.0,,,6372000.0,,,307714000.0,,,,,20882000.0,117716000.0,,-1853000.0,-193194000.0,,,-332972000.0,,
2012-05-31,4102000000.0,,1738608000.0,,1198981000.0,,539627000.0,,470944000.0,173307000.0,297637000.0,2.27,2.27,129891000.0,130033000.0,339825000.0,0.0,450861000.0,251205000.0,-207140000.0,,,1541568000.0,,944305000.0,1485375000.0,,112836000.0,4160906000.0,94840000.0,256642000.0,,670891000.0,,204581000.0,,,,3482073000.0,,2139135000.0,4160906000.0,194165000.0,20312000.0,16276000.0,24261000.0,2330000.0,,,-12557000.0,,,469862000.0,,,,,24864000.0,160802000.0,,-2011000.0,-104294000.0,,,-460575000.0,,160800000.0
2012-08-31,1051325000.0,,,,306581000.0,,139294000.0,,122773000.0,46040000.0,76733000.0,0.61,0.6,126110000.0,126458000.0,319217000.0,10948000.0,459302000.0,241699000.0,,,,1523877000.0,,953761000.0,1489104000.0,,113196000.0,4152235000.0,110906000.0,213440000.0,,384111000.0,,206856000.0,,,,3558806000.0,44015000.0,2154415000.0,4152235000.0,,5448000.0,,7128000.0,-9889000.0,,,16278000.0,,,94865000.0,,,,,2130000.0,47438000.0,,-577000.0,-61241000.0,,,-55479000.0,,
2012-11-30,2111711000.0,,,,599594000.0,,278317000.0,,245651000.0,90891000.0,154760000.0,1.24,1.23,125153000.0,125541000.0,242487000.0,33862000.0,479106000.0,236195000.0,,,,1519662000.0,,967260000.0,1522411000.0,,118069000.0,4217882000.0,118534000.0,325077000.0,,555179000.0,,206782000.0,,,,3557088000.0,46168000.0,2080644000.0,4217882000.0,,11084000.0,,24528000.0,-15460000.0,,,23019000.0,,,227263000.0,,,,,53243000.0,99062000.0,,673000.0,-191579000.0,,,-134606000.0,,
2013-02-28,3187385000.0,,,,908512000.0,,411340000.0,,362504000.0,133039000.0,229465000.0,1.84,1.83,124483000.0,124901000.0,217470000.0,28216000.0,495124000.0,246957000.0,,,,1509452000.0,,976844000.0,1519987000.0,,121443000.0,4221299000.0,109064000.0,238462000.0,,500752000.0,,209455000.0,,,,3631793000.0,38448000.0,2130246000.0,4221299000.0,,16660000.0,,41402000.0,-4437000.0,,,13475000.0,,,368343000.0,,,,,64625000.0,151799000.0,,662000.0,-254833000.0,,,-236521000.0,,
2013-05-31,4316471000.0,,1787067000.0,,1221856000.0,,565211000.0,,499908000.0,184466000.0,315442000.0,2.53,2.52,123956000.0,124531000.0,352273000.0,5680000.0,496049000.0,240440000.0,-287652000.0,,,1624826000.0,,986703000.0,1517560000.0,,124390000.0,4345632000.0,121029000.0,271821000.0,,556256000.0,,210483000.0,,,,3717771000.0,,2201492000.0,4345632000.0,189377000.0,23310000.0,62024000.0,42704000.0,-10997000.0,,,25023000.0,,,552748000.0,,,,,69370000.0,196486000.0,,1339000.0,-284181000.0,,,-256058000.0,,122200000.0
2013-08-31,1120343000.0,,,,325910000.0,,140070000.0,,123615000.0,45861000.0,77754000.0,0.63,0.63,122130000.0,122892000.0,278670000.0,4189000.0,511642000.0,245470000.0,0.0,,,1572289000.0,,991331000.0,1531006000.0,,123432000.0,4311177000.0,124952000.0,235237000.0,,515695000.0,,214221000.0,,,,3795525000.0,37951000.0,2196011000.0,4311177000.0,,6984000.0,,14903000.0,5258000.0,,,2915000.0,,,82559000.0,,,,,32216000.0,37462000.0,,-382000.0,-67004000.0,,,-88933000.0,,
2013-11-30,2264096000.0,,,,649857000.0,,293042000.0,,260186000.0,97570000.0,162616000.0,1.34,1.33,121025000.0,122016000.0,309334000.0,4156000.0,520523000.0,249486000.0,0.0,,,1618782000.0,,988897000.0,1532961000.0,,136364000.0,4365398000.0,103242000.0,360627000.0,,614561000.0,,210187000.0,,,,3787067000.0,40286000.0,2147972000.0,4365398000.0,,14624000.0,,23755000.0,9232000.0,,,-19215000.0,,,222280000.0,,,,,32514000.0,76785000.0,,929000.0,-120527000.0,,,-144403000.0,,
2014-02-28,3394333000.0,,,,978820000.0,,443204000.0,,393974000.0,146756000.0,247218000.0,2.04,2.02,120658000.0,121814000.0,348859000.0,4840000.0,529668000.0,256132000.0,0.0,,,1664909000.0,,981197000.0,1532568000.0,,137795000.0,4400441000.0,117336000.0,259310000.0,,552802000.0,,209915000.0,,,,3871675000.0,35552000.0,2244033000.0,4400441000.0,,22248000.0,,34024000.0,16130000.0,,,-7037000.0,,,385773000.0,,,,,32965000.0,113615000.0,,868000.0,-161148000.0,,,-226161000.0,,
2014-05-31,4551812000.0,,1914386000.0,,1302752000.0,,567010000.0,,607858000.0,233416000.0,374442000.0,3.08,3.05,120377000.0,121640000.0,513288000.0,0.0,508427000.0,251239000.0,-334889000.0,,,1805681000.0,,855702000.0,1267411000.0,,19626000.0,4462452000.0,150070000.0,299727000.0,,630131000.0,,246044000.0,,,,3998893000.0,28428000.0,2192858000.0,4462452000.0,190862000.0,29875000.0,48948000.0,56231000.0,11062000.0,,,30446000.0,,,607969000.0,,,,,33441000.0,145580000.0,,5219000.0,-16543000.0,,,-429735000.0,,172500000.0
2014-08-31,1102077000.0,,,,314458000.0,,163488000.0,,175316000.0,65525000.0,110108000.0,0.94,0.93,116659000.0,118030000.0,581453000.0,,489211000.0,249817000.0,,,,2012949000.0,,838493000.0,1189968000.0,,18778000.0,4556270000.0,141795000.0,292548000.0,,636011000.0,,242459000.0,,,,4109001000.0,26818000.0,2271974000.0,4556270000.0,,12280000.0,,-8222000.0,-1377000.0,,,-1325000.0,,,148201000.0,,,,,2328000.0,68050000.0,,-16000.0,-38819000.0,,,-41198000.0,,
2014-11-30,2225456000.0,,,,614707000.0,,344663000.0,,340581000.0,127344000.0,230520000.0,1.96,1.93,117115000.0,118655000.0,826724000.0,,510153000.0,235860000.0,0.0,,,2145980000.0,,845127000.0,1189360000.0,,18650000.0,4697571000.0,171629000.0,502861000.0,,851764000.0,,233597000.0,,,,4027464000.0,17510000.0,2203334000.0,4697571000.0,,24785000.0,,12747000.0,-14847000.0,,,27982000.0,,,292573000.0,,,,,3015000.0,113025000.0,,-1681000.0,66183000.0,,,-39707000.0,,
2015-02-28,3334303000.0,,,,915989000.0,,518688000.0,,498448000.0,184548000.0,325403000.0,2.77,2.73,116653000.0,118214000.0,358320000.0,,497978000.0,234641000.0,0.0,,,1710125000.0,,853391000.0,1194389000.0,,18079000.0,4266346000.0,111952000.0,281872000.0,,579231000.0,,232232000.0,,,,4122354000.0,-4263000.0,2047666000.0,4266346000.0,,36016000.0,,3168000.0,-15370000.0,,,-33615000.0,,,377646000.0,,,,,13798000.0,163040000.0,,-1583000.0,-43076000.0,,,-481950000.0,,
2015-05-31,4476886000.0,,1921337000.0,,1224930000.0,,696407000.0,,649473000.0,241396000.0,430618000.0,3.68,3.63,115900000.0,117543000.0,417073000.0,,496130000.0,226211000.0,103017000.0,,,1735807000.0,,871421000.0,1195612000.0,,17494000.0,4192460000.0,109607000.0,309935000.0,,621058000.0,,226938000.0,,,,4227620000.0,-8471000.0,1932455000.0,4192460000.0,152595000.0,47002000.0,14174000.0,1443000.0,-23785000.0,,,-33445000.0,,,580276000.0,,,,,15495000.0,217720000.0,,-1383000.0,44987000.0,,,-712560000.0,,236700000.0
2015-08-31,1198890000.0,,,,338637000.0,,185507000.0,,169214000.0,63016000.0,100181000.0,0.89,0.88,110597000.0,112229000.0,146860000.0,,531127000.0,240046000.0,,,,1733952000.0,,896786000.0,1272503000.0,,20908000.0,4122949000.0,131956000.0,294845000.0,,959326000.0,,148793000.0,,,,4327807000.0,-20004000.0,1848669000.0,4122949000.0,,23917000.0,,19255000.0,8109000.0,,,15531000.0,,,143083000.0,,,,,121434000.0,62631000.0,,-921000.0,-201862000.0,,,-209719000.0,,
2015-11-30,2417970000.0,,,,665688000.0,,385856000.0,,353503000.0,131852000.0,445281000.0,4.0,3.94,109455000.0,111140000.0,606785000.0,,549190000.0,251477000.0,,,,2043280000.0,,916544000.0,1273594000.0,,20644000.0,4450792000.0,134843000.0,443713000.0,,1130981000.0,,227465000.0,,,,4557245000.0,-17680000.0,1924528000.0,4450792000.0,,40241000.0,,39418000.0,19841000.0,,,19368000.0,,,265037000.0,,,,,121237000.0,121817000.0,,-1987000.0,313268000.0,,,-384219000.0,,
2016-02-29,3634053000.0,,,,997344000.0,,578808000.0,,530627000.0,191697000.0,562622000.0,5.08,5.0,108923000.0,110612000.0,315116000.0,,550748000.0,255203000.0,,,,1758824000.0,,964680000.0,1284434000.0,,18285000.0,4231210000.0,151833000.0,319438000.0,,858804000.0,,240714000.0,,,,4674975000.0,-33674000.0,1950106000.0,4231210000.0,,57169000.0,,41523000.0,24009000.0,,,37370000.0,,,297154000.0,,,,,151731000.0,207502000.0,,-4433000.0,201778000.0,,,-594315000.0,,
2016-05-31,4905458000.0,,2129870000.0,,1348122000.0,,781748000.0,,718122000.0,261181000.0,693520000.0,6.3,6.21,108221000.0,109956000.0,139357000.0,,563178000.0,249362000.0,130546000.0,,,1590035000.0,,994237000.0,1291593000.0,,19861000.0,4104393000.0,114514000.0,349065000.0,,815555000.0,,259475000.0,,,,4805867000.0,-24874000.0,1842659000.0,4104393000.0,165279000.0,79293000.0,-48791000.0,52762000.0,17917000.0,,,-564000.0,,,465845000.0,,,,,156579000.0,275385000.0,,-4137000.0,128381000.0,,,-866724000.0,-277716000.0,452600000.0
2016-08-31,1294130000.0,,,,374026000.0,,206961000.0,,192854000.0,54763000.0,138091000.0,1.29,1.26,104483000.0,107114000.0,99209000.0,,586372000.0,262156000.0,,,,1594748000.0,,1033160000.0,1298375000.0,,15194000.0,4167145000.0,129650000.0,313888000.0,,710859000.0,,255380000.0,,,,4970647000.0,-36412000.0,1987402000.0,4167145000.0,,20779000.0,,22946000.0,13017000.0,,,17480000.0,,,157588000.0,,,,,10991000.0,78580000.0,,918000.0,-100606000.0,,,-97028000.0,,
2016-11-30,2591053000.0,,,,739248000.0,,409819000.0,,382476000.0,120931000.0,278468000.0,2.61,2.55,104957000.0,107647000.0,143573000.0,,607452000.0,263301000.0,,,,1600662000.0,,1067214000.0,1301391000.0,,19265000.0,4214579000.0,127815000.0,469085000.0,,748757000.0,,265091000.0,,,,4968437000.0,-17286000.0,2025705000.0,4214579000.0,,39582000.0,,44920000.0,14616000.0,,,15451000.0,,,301721000.0,,,,,17778000.0,155173000.0,,-332000.0,-92045000.0,,,-203072000.0,,
2017-02-28,3872188000.0,,,,1101633000.0,,604514000.0,,563486000.0,183294000.0,396473000.0,3.71,3.62,105093000.0,107892000.0,147244000.0,,598863000.0,272181000.0,,,,1629941000.0,,1090209000.0,1303038000.0,,16088000.0,4271164000.0,127940000.0,321324000.0,,943968000.0,,267065000.0,,,,5086584000.0,-11941000.0,2178258000.0,4271164000.0,,63578000.0,,28646000.0,23364000.0,,,15538000.0,,,483758000.0,,,,,19630000.0,218621000.0,,-28000.0,-165475000.0,,,-307634000.0,7887000.0,
2017-05-31,5323381000.0,,2380295000.0,,1527380000.0,,773691000.0,,687404000.0,230118000.0,480708000.0,4.49,4.38,104964000.0,107783000.0,169266000.0,,736008000.0,278218000.0,196936000.0,,,1954478000.0,,1323501000.0,2782335000.0,,31967000.0,6844057000.0,177051000.0,429809000.0,,1130852000.0,,469328000.0,,,,5170830000.0,-3029000.0,2302793000.0,6844057000.0,196595000.0,88868000.0,8791000.0,93557000.0,668000.0,,,13726000.0,,,763887000.0,,,,,2102371000.0,273317000.0,,196000.0,-2310349000.0,,,1578502000.0,,269600000.0
2017-08-31,1611503000.0,,,,486283000.0,,249099000.0,,219079000.0,57971000.0,217211000.0,2.02,1.96,105740000.0,108537000.0,191414000.0,21626000.0,731577000.0,283197000.0,,,,1924553000.0,,1340660000.0,2810504000.0,,30627000.0,6851606000.0,189571000.0,402970000.0,,1044795000.0,,521774000.0,,,,5388040000.0,32003000.0,2565881000.0,6851606000.0,,28630000.0,,-8955000.0,5827000.0,,,17684000.0,,,254366000.0,,,,,302000.0,62517000.0,,304000.0,72622000.0,,,-311433000.0,22148000.0,
2017-11-30,3217944000.0,,,,954367000.0,,484310000.0,,425452000.0,126607000.0,354320000.0,3.28,3.19,106340000.0,109818000.0,236002000.0,22732000.0,763555000.0,272830000.0,,,,2043449000.0,,1353159000.0,2811796000.0,,29160000.0,6978801000.0,162981000.0,577960000.0,,1154371000.0,,,,,,5349539000.0,20437000.0,2553033000.0,6978801000.0,,55204000.0,,24800000.0,-2595000.0,,,-8706000.0,,,379009000.0,,,,,1099000.0,132466000.0,,870000.0,-6218000.0,,,-309521000.0,66736000.0,
2018-02-28,4807082000.0,,,,1444985000.0,,684334000.0,,599959000.0,-121282000.0,656415000.0,6.07,5.9,106558000.0,110175000.0,152563000.0,33693000.0,779220000.0,274819000.0,,,,1979576000.0,,1367580000.0,2819867000.0,,25566000.0,6928593000.0,172181000.0,412826000.0,,917573000.0,,,,,,5651656000.0,22517000.0,2893997000.0,6928593000.0,,86044000.0,,40046000.0,-4011000.0,,,-580000.0,,,660864000.0,,,,,12298000.0,196040000.0,,-1746000.0,-89983000.0,,,-592290000.0,-16703000.0,
2018-05-31,6476632000.0,,2908523000.0,,1916792000.0,,949834000.0,,841001000.0,57069000.0,842586000.0,7.78,7.56,106593000.0,109810000.0,138724000.0,0.0,804583000.0,280347000.0,137583000.0,,,1977932000.0,,1382730000.0,2846888000.0,,29315000.0,6958214000.0,215074000.0,420129000.0,,775857000.0,,352581000.0,,,,5837827000.0,16343000.0,3016526000.0,6958214000.0,279416000.0,112835000.0,-115217000.0,66267000.0,3323000.0,,,35275000.0,,,964160000.0,,,,,19346000.0,271699000.0,,-1363000.0,-135698000.0,,,-864140000.0,,175300000.0
2018-08-31,1697975000.0,,,,504634000.0,,265228000.0,,241420000.0,28873000.0,212515000.0,1.96,1.89,106835000.0,110648000.0,118356000.0,,838192000.0,303770000.0,,,,2104378000.0,,1394634000.0,2850082000.0,,221983000.0,7287204000.0,214011000.0,380775000.0,,679094000.0,,,,,,6239535000.0,9861000.0,3345968000.0,7287204000.0,,46172000.0,,15051000.0,34629000.0,,,-329000.0,,,162985000.0,,,,,7613000.0,64528000.0,,202000.0,-70785000.0,,,-112508000.0,-20368000.0,
2018-11-30,3416243000.0,,,,996305000.0,,540868000.0,,561944000.0,106403000.0,455528000.0,4.21,4.07,106652000.0,110257000.0,88479000.0,,904062000.0,321874000.0,,,,2215870000.0,,1410530000.0,2845244000.0,,228386000.0,7405083000.0,211900000.0,611641000.0,,1114686000.0,,,,,,6261756000.0,3865000.0,3027244000.0,7405083000.0,,74784000.0,,85748000.0,53227000.0,,,-1955000.0,,,344567000.0,,,,,6580000.0,137614000.0,,1717000.0,-86640000.0,,,-307379000.0,-50245000.0,
2019-02-28,5098573000.0,,,,1472404000.0,,819123000.0,,813499000.0,157035000.0,658862000.0,6.12,5.93,106147000.0,109583000.0,80859000.0,,878037000.0,339805000.0,,,,2223756000.0,,1424063000.0,2847783000.0,,237851000.0,7433673000.0,214567000.0,425470000.0,,994351000.0,,,,,,6465121000.0,412000.0,3179492000.0,7433673000.0,,105553000.0,,61102000.0,70716000.0,,,79000.0,,,670717000.0,,,,,7403000.0,207805000.0,,6804000.0,-163014000.0,,,-565298000.0,-57865000.0,
2019-05-31,6892303000.0,,3128588000.0,,1980644000.0,,1133534000.0,,1102399000.0,219764000.0,884981000.0,8.25,7.99,106080000.0,109495000.0,96645000.0,,910120000.0,334589000.0,198317000.0,,,2236280000.0,,1430685000.0,2842441000.0,,240315000.0,7436662000.0,226020000.0,433940000.0,,1127733000.0,,,,,,6691236000.0,-39152000.0,3002721000.0,7436662000.0,360093000.0,139210000.0,34759000.0,94918000.0,60039000.0,,,12276000.0,,,1067862000.0,,,,,9813000.0,276719000.0,,7807000.0,-235638000.0,,,-873305000.0,-42079000.0,173200000.0
2019-08-31,1811139000.0,,,,542996000.0,,306146000.0,,278987000.0,28175000.0,250812000.0,2.4,2.32,103543000.0,107083000.0,102131000.0,,917535000.0,336290000.0,,,,2289818000.0,,1422351000.0,2849613000.0,,245065000.0,7661900000.0,237242000.0,395416000.0,,1122882000.0,,,,,,6939240000.0,-60651000.0,3050706000.0,7661900000.0,,40395000.0,,6636000.0,1726000.0,,,13357000.0,,,276901000.0,,,,,3896000.0,64743000.0,,109000.0,-78139000.0,,,-193607000.0,5486000.0,
2019-11-30,3654888000.0,,,,1060923000.0,,640610000.0,,587557000.0,90302000.0,496932000.0,4.75,4.6,103959000.0,107335000.0,226535000.0,,949122000.0,348304000.0,,,,2490287000.0,,1425584000.0,2852801000.0,,260626000.0,7887337000.0,254611000.0,674240000.0,,1297251000.0,,,,,,6917310000.0,-36835000.0,3104970000.0,7887337000.0,,69398000.0,,37940000.0,13402000.0,,,28055000.0,,,571351000.0,,,,,6582000.0,126167000.0,,2103000.0,-131673000.0,,,-309992000.0,129890000.0,
2020-02-29,5465536000.0,,,,1570666000.0,,955262000.0,,876613000.0,144838000.0,731452000.0,6.98,6.76,104245000.0,107588000.0,234441000.0,,942853000.0,352924000.0,,,,2497706000.0,,1434866000.0,2873996000.0,,252593000.0,7901980000.0,243248000.0,430643000.0,,1066646000.0,,,,,,7151838000.0,-94814000.0,3324309000.0,7901980000.0,,96428000.0,,31135000.0,17780000.0,,,14271000.0,,,934549000.0,,,,,47850000.0,189379000.0,,2090000.0,-236480000.0,,,-560292000.0,137796000.0,
2020-05-31,7085120000.0,,3233748000.0,,2071052000.0,,1162696000.0,,1058291000.0,181931000.0,876037000.0,8.36,8.11,103816000.0,107012000.0,145402000.0,,870369000.0,408898000.0,308506000.0,,,2309699000.0,,1403065000.0,2870020000.0,,260758000.0,7669885000.0,230995000.0,456653000.0,,885195000.0,,,,,,7296509000.0,-153380000.0,3235202000.0,7669885000.0,379053000.0,115435000.0,-13292000.0,-39681000.0,74773000.0,,,2629000.0,,,1291483000.0,,,,,53720000.0,230289000.0,,4658000.0,-285398000.0,,,-955207000.0,48757000.0,160300000.0
2020-08-31,1746575000.0,,,,476495000.0,,349706000.0,,325220000.0,25215000.0,300005000.0,2.86,2.78,104110000.0,107129000.0,421542000.0,,866414000.0,488165000.0,,,,2666177000.0,,1378385000.0,2886048000.0,,271579000.0,8043381000.0,252513000.0,406787000.0,,1093350000.0,,,,,,7596514000.0,-115950000.0,3604804000.0,8043381000.0,,29055000.0,,-7118000.0,77944000.0,,,20358000.0,,,312292000.0,,,,,1984000.0,30876000.0,,2142000.0,-39942000.0,,,2243000.0,276140000.0,
2020-11-30,3503622000.0,,,,943507000.0,,702578000.0,,653753000.0,68891000.0,584862000.0,5.55,5.4,104999000.0,107981000.0,703175000.0,,910266000.0,534128000.0,,,,3102773000.0,,1344333000.0,2889754000.0,,280494000.0,8454753000.0,274021000.0,791158000.0,,1508472000.0,,,,,,7509544000.0,-97407000.0,3597960000.0,8454753000.0,,57602000.0,,39892000.0,124949000.0,,,42228000.0,,,572964000.0,,,,,6932000.0,57659000.0,,2872000.0,-51242000.0,,,34461000.0,557773000.0,
2021-02-28,5280678000.0,,,,1426555000.0,,1029046000.0,,955756000.0,112510000.0,843246000.0,7.99,7.78,105264000.0,107996000.0,553611000.0,,929492000.0,533211000.0,,,,2978556000.0,,1329930000.0,2895251000.0,,304011000.0,8347497000.0,237857000.0,514159000.0,,1270360000.0,,,,,,7688425000.0,-12968000.0,3816510000.0,8347497000.0,,83421000.0,,63178000.0,123678000.0,,,5113000.0,,,904815000.0,,,,,7570000.0,100410000.0,,5301000.0,-88664000.0,,,-410095000.0,408209000.0,
2021-05-31,7116340000.0,,3314651000.0,,1929159000.0,,1385492000.0,,1287749000.0,176781000.0,1110968000.0,10.52,10.24,104874000.0,107707000.0,493640000.0,,901710000.0,481797000.0,318655000.0,,,2843309000.0,,1318438000.0,2913069000.0,,310414000.0,8236823000.0,230786000.0,518910000.0,,1934085000.0,,,,,,7877015000.0,30888000.0,3687847000.0,8236823000.0,387951000.0,112035000.0,-42080000.0,32576000.0,75501000.0,,,-2604000.0,,,1360740000.0,,,,,10038000.0,143470000.0,,11113000.0,-137215000.0,,,-879868000.0,348238000.0,245500000.0
2021-08-31,1896950000.0,,,,508655000.0,,394101000.0,,372303000.0,41124000.0,331179000.0,3.19,3.11,103295000.0,105944000.0,79749000.0,,927360000.0,463692000.0,,,,2477666000.0,,1301233000.0,2924993000.0,,295319000.0,7857750000.0,202968000.0,592384000.0,,2269039000.0,,,,,,8109368000.0,-30266000.0,3309203000.0,7857750000.0,,36496000.0,,27742000.0,-14986000.0,,,-26272000.0,,,262141000.0,,,,,35725000.0,48748000.0,,6180000.0,-84321000.0,,,-590084000.0,-413891000.0,
2021-11-30,3819231000.0,,,,1012568000.0,,775329000.0,,731685000.0,105837000.0,625848000.0,6.02,5.87,103646000.0,106122000.0,113170000.0,,975442000.0,464864000.0,,,,2655474000.0,,1299375000.0,2931307000.0,,294845000.0,8017410000.0,240322000.0,597171000.0,,2177928000.0,,,,,,8305076000.0,-27258000.0,3563127000.0,8017410000.0,,60893000.0,,77343000.0,-13406000.0,,,11400000.0,,,593782000.0,,,,,45670000.0,108629000.0,,6676000.0,-151595000.0,,,-819876000.0,-380470000.0,
2022-02-28,5779773000.0,,,,1503117000.0,,1182934000.0,,1117316000.0,176020000.0,941296000.0,9.05,8.84,103438000.0,105896000.0,84136000.0,,1004632000.0,486750000.0,,,,2686741000.0,,1312176000.0,3032738000.0,,306654000.0,8168600000.0,235051000.0,622797000.0,,2623490000.0,,,,,,8522327000.0,12147000.0,3293900000.0,8168600000.0,,83687000.0,,99223000.0,-2311000.0,,,6168000.0,,,987055000.0,,,,,150844000.0,165851000.0,,8939000.0,-316311000.0,,,-1078574000.0,-409504000.0,
2022-05-31,7854459000.0,,3632246000.0,,2044876000.0,,1587370000.0,,1498768000.0,263011000.0,1235757000.0,11.92,11.65,103172000.0,105523000.0,90471000.0,,1006220000.0,472150000.0,282702000.0,,,2631983000.0,,1323673000.0,3042976000.0,,344110000.0,8147256000.0,251504000.0,588948000.0,,1432890000.0,,,,,,8719163000.0,107917000.0,3308196000.0,8147256000.0,399701000.0,109308000.0,51635000.0,100392000.0,-16194000.0,,,22697000.0,,,1537625000.0,,,,,164228000.0,240672000.0,,7006000.0,-402635000.0,,,-1537943000.0,-403169000.0,208500000.0
2022-08-31,2166454000.0,,,,587992000.0,,440120000.0,,412555000.0,60866000.0,351689000.0,3.45,3.39,101428000.0,103337000.0,74558000.0,,1082783000.0,473888000.0,,,,2747790000.0,,1329131000.0,3037278000.0,,353416000.0,8261026000.0,292321000.0,543566000.0,,1599541000.0,,,,,,8953391000.0,88124000.0,3229626000.0,8261026000.0,,26282000.0,,79397000.0,2476000.0,,,41681000.0,,,298156000.0,,,,,7060000.0,70016000.0,,3589000.0,-86595000.0,,,-226199000.0,-15913000.0,
2022-11-30,4341312000.0,,,,1165505000.0,,885054000.0,,828913000.0,152931000.0,675982000.0,6.63,6.51,101637000.0,103356000.0,89799000.0,,1135833000.0,514839000.0,,,,2893170000.0,,1340658000.0,3037506000.0,,368211000.0,8427007000.0,310986000.0,556211000.0,,1553737000.0,,,,,,9160346000.0,84096000.0,3430538000.0,8427007000.0,,51537000.0,,133897000.0,43266000.0,,,61421000.0,,,619149000.0,,,,,15457000.0,146404000.0,,4381000.0,-171424000.0,,,-446368000.0,-672000.0,
2023-02-28,6531298000.0,,,,1752724000.0,,1331866000.0,,1247279000.0,245470000.0,1001809000.0,9.82,9.65,101714000.0,103418000.0,88563000.0,,1133096000.0,531270000.0,,,,2910156000.0,,1358181000.0,3043578000.0,,376620000.0,8466001000.0,281649000.0,610863000.0,,1388261000.0,,,,,,9368678000.0,76104000.0,3633256000.0,8466001000.0,,75334000.0,,132473000.0,60563000.0,,,32851000.0,,,1044191000.0,,,,,32983000.0,224116000.0,,6894000.0,-268611000.0,,,-774593000.0,-1908000.0,
2023-05-31,8815769000.0,,4173368000.0,,2370704000.0,,1802664000.0,,1693148000.0,345138000.0,1348010000.0,13.21,12.99,101645000.0,103377000.0,124149000.0,,1152993000.0,506604000.0,,,,2938459000.0,,1396476000.0,3056201000.0,,382991000.0,8546356000.0,302292000.0,632504000.0,,1230062000.0,,,,,,9597315000.0,77778000.0,3863986000.0,8546356000.0,409162000.0,103621000.0,26931000.0,151771000.0,35658000.0,,,53369000.0,,,1597814000.0,,,,,46357000.0,331109000.0,,6640000.0,-388672000.0,,,-1172836000.0,33678000.0,291900000.0
2023-08-31,2342330000.0,,,,641015000.0,,500556000.0,,476434000.0,91349000.0,385085000.0,3.76,3.7,101895000.0,103572000.0,88126000.0,,1197342000.0,498354000.0,,,,2987528000.0,,1439266000.0,3104955000.0,,399059000.0,8719681000.0,314743000.0,592370000.0,,1168839000.0,,,,,,9844128000.0,87169000.0,4077635000.0,8719681000.0,,30242000.0,,43892000.0,-8541000.0,,,12443000.0,,,336945000.0,,,,,55651000.0,106697000.0,,963000.0,-169836000.0,,,-202375000.0,-36023000.0,
2023-11-30,4719507000.0,,,,1282880000.0,,1000239000.0,,950296000.0,190598000.0,759698000.0,7.43,7.32,101781000.0,103418000.0,85556000.0,,1273974000.0,474840000.0,,,,3036739000.0,,1463826000.0,3120506000.0,,414127000.0,8813869000.0,316697000.0,619288000.0,,1357602000.0,,,,,,10081267000.0,93339000.0,3994481000.0,8813869000.0,,53182000.0,,120881000.0,-32093000.0,,,14981000.0,,,729631000.0,,,,,73997000.0,200527000.0,,196000.0,-282195000.0,,,-485810000.0,-38593000.0,
2024-02-29,7125680000.0,,,,1949928000.0,,1521039000.0,,1446496000.0,289219000.0,1157277000.0,11.34,11.15,101681000.0,103347000.0,128483000.0,,1262077000.0,451215000.0,,,,3030996000.0,,1505810000.0,3212432000.0,,412999000.0,8978875000.0,307941000.0,720545000.0,,1273895000.0,,,,,,10341248000.0,86323000.0,4234083000.0,8978875000.0,,84490000.0,,109040000.0,-55834000.0,,,5771000.0,,,1386741000.0,,,,,185028000.0,307558000.0,,3100000.0,-503278000.0,,,-879470000.0,4334000.0,
2024-05-31,9596615000.0,,4686416000.0,,2617783000.0,,2068633000.0,,1973635000.0,402043000.0,1571592000.0,15.4,15.15,101653000.0,103367000.0,342015000.0,,1244182000.0,410201000.0,312481000.0,,,3185207000.0,,1534168000.0,3212424000.0,,424951000.0,9168817000.0,339166000.0,761283000.0,,1828519000.0,,,,,,10617955000.0,91201000.0,4316372000.0,9168817000.0,442384000.0,116986000.0,-30500000.0,91399000.0,-95766000.0,,,36896000.0,,,2079781000.0,,,,,186837000.0,409469000.0,,4779000.0,-608631000.0,,,-1253490000.0,217866000.0,423100000.0
2024-08-31,2501587000.0,,,,691100000.0,,561031000.0,,536662000.0,84629000.0,452033000.0,1.12,1.1,403382000.0,410496000.0,101373000.0,,1293791000.0,399078000.0,,,,3043392000.0,,1554640000.0,3223528000.0,,419332000.0,9068707000.0,395931000.0,717093000.0,,1984889000.0,,,,,,10912033000.0,83378000.0,4021423000.0,9068707000.0,,33367000.0,,49129000.0,-11318000.0,,,56698000.0,,,466732000.0,,,,,9436000.0,92921000.0,,4851000.0,-114332000.0,,,-592792000.0,-240642000.0,
,,,,,,,,,,,,,,,,,,,,,,,,,,,,,,,,,,,,,,,,,,,,,,,,,,,,,,,,,,,,,,,,,,,
,,,,,,,,,,,,,,,,,,,,,,,,,,,,,,,,,,,,,,,,,,,,,,,,,,,,,,,,,,,,,,,,,,,
,,,,,,,,,,,,,,,,,,,,,,,,,,,,,,,,,,,,,,,,,,,,,,,,,,,,,,,,,,,,,,,,,,,
