Date,Net sales,Cost of sales,Gross margin,Research and development,"Selling, general and administrative",Total operating expenses,Operating income,"Other income/(expense), net",Income before provision for income taxes,Provision for income taxes,Net income,Earnings per share basic,Earnings per share diluted,Weighted-average basic,Weighted-average diluted,Cash and cash equivalents,Short-term marketable securities,"Accounts receivable, net",Inventories,Deferred tax assets,Vendor non-trade receivables,Other current assets,Total current assets,Long-term marketable securities,"Property, Plant and Equipment, Net",Goodwill,"Acquired intangible assets, net","Other Assets, Noncurrent",Total assets,accounts payable,Accrued expenses,Deferred revenue,Total current liabilities,Deferred revenue - non-current,deferred tax liabilities,long term taxes payable,Total other non-current liabilities,Total liabilities,Retained Earnings (Accumulated Deficit),Accumulated other comprehensive (loss)/income,Total shareholders equity,Total liabilities and shareholders' equity,"Depreciation, amortization and accretion",Stock-based compensation expense,Deferred income tax expense,"Increase (Decrease) in Accounts receivable, net",Increase (Decrease) in Inventories,Increase (Decrease) in Other Receivables,Increase (Decrease) in Other Operating Assets,Increase (Decrease) in Accounts Payable,Increase (Decrease) in Deferred Revenue,Increase (Decrease) Other liabilities,Cash generated by operating activities,Purchases of marketable securities,Proceeds from maturities of marketable securities,Proceeds from sales of marketable securities,Purchases of other long-term investments,"Business acquisitions, net of cash acquired",Cash payments for capital asset purchases,Payments for acquisition of intangible assets,Payments for (Proceeds from) Other Investing Activities,Cash used in investing activities,Proceeds from issuance of common stock,Excess tax benefits from stock-based compensation,Cash generated/used in financing activities,Increase/(decrease) in cash and cash equivalents,"Cash paid for income taxes, net"
2014-06-30,1827700000.0,,598600000.0,,334800000.0,,240900000.0,,67400000.0,49500000.0,16200000.0,0.22,0.21,75045147.0,76123857.0,74400000.0,,403700000.0,134800000.0,12700000.0,,32800000.0,687500000.0,,873000000.0,1097100000.0,357600000.0,48700000.0,3090200000.0,148100000.0,60900000.0,47100000.0,453000000.0,,,,61200000.0,,-1379100000.0,-24200000.0,-371200000.0,3090200000.0,142900000.0,4500000.0,-5000000.0,38000000.0,8500000.0,,,-7600000.0,,,178300000.0,,,,,53700000.0,122400000.0,,,-171200000.0,,,-42100000.0,-32000000.0,21000000.0
2014-09-30,418300000.0,,125300000.0,,81400000.0,,42500000.0,-41300000.0,-34300000.0,-14000000.0,-19500000.0,-0.18,-0.18,105535385.0,105535385.0,63200000.0,,332200000.0,142400000.0,11800000.0,,32200000.0,619100000.0,,853300000.0,1057900000.0,360900000.0,35700000.0,2951300000.0,116700000.0,54900000.0,40100000.0,377600000.0,,,,40400000.0,,-1398600000.0,-77800000.0,503800000.0,2951300000.0,35000000.0,1500000.0,,-62000000.0,14100000.0,,,-26300000.0,,,-39800000.0,,,,,13500000.0,31200000.0,,,-44700000.0,,,86900000.0,-11200000.0,9900000.0
2014-12-31,874100000.0,,281400000.0,,169500000.0,,104900000.0,-37700000.0,42100000.0,-18100000.0,46500000.0,0.37,0.37,124102662.0,125954246.0,84100000.0,,336400000.0,144300000.0,4100000.0,,26300000.0,637500000.0,,865100000.0,1082400000.0,392700000.0,29500000.0,3038100000.0,118400000.0,50700000.0,39700000.0,346500000.0,,,,42100000.0,,-1352100000.0,-136900000.0,493300000.0,3038100000.0,70200000.0,4300000.0,,-49800000.0,25200000.0,,,-21500000.0,,,400000.0,,,,,125100000.0,71300000.0,,,-196400000.0,,,222600000.0,9700000.0,18100000.0
2015-03-31,1320700000.0,,433600000.0,,250400000.0,,170700000.0,-38500000.0,49800000.0,11200000.0,58500000.0,0.5,0.49,124233579.0,126264631.0,116100000.0,,331600000.0,142200000.0,4200000.0,,27700000.0,653100000.0,,847300000.0,1039900000.0,373600000.0,28200000.0,2974100000.0,120900000.0,53400000.0,41700000.0,365400000.0,,,,39600000.0,,-1320600000.0,-186600000.0,468200000.0,2974100000.0,104600000.0,6400000.0,,-44600000.0,29900000.0,,,-14000000.0,,,94700000.0,,,,,131600000.0,108700000.0,,,-240300000.0,,,209000000.0,41700000.0,23700000.0
2015-06-30,1830800000.0,,615300000.0,,337300000.0,,259900000.0,-42400000.0,112500000.0,-97700000.0,212200000.0,1.77,1.75,119575568.0,121348636.0,151300000.0,,372400000.0,132900000.0,-26000000.0,,27700000.0,737500000.0,,885200000.0,1061500000.0,368700000.0,28400000.0,3145400000.0,128200000.0,55400000.0,39000000.0,399000000.0,,,,42500000.0,,-1166900000.0,-174000000.0,634000000.0,3145400000.0,140800000.0,9000000.0,-128800000.0,7500000.0,19200000.0,,,-11700000.0,,,171800000.0,,,,,130800000.0,141000000.0,,,-271800000.0,,,196500000.0,76900000.0,34000000.0
2015-09-30,423000000.0,,121500000.0,,82200000.0,,37100000.0,-600000.0,13800000.0,4900000.0,9100000.0,0.07,0.07,124753234.0,126190457.0,151400000.0,,308200000.0,150900000.0,14800000.0,,27200000.0,691200000.0,,884300000.0,1038100000.0,348100000.0,27200000.0,3056400000.0,127400000.0,51000000.0,38000000.0,352900000.0,,,,41100000.0,,-1157800000.0,-216600000.0,597200000.0,3056400000.0,35500000.0,2500000.0,,-59700000.0,20400000.0,,,1600000.0,,,44900000.0,,,,,0.0,33200000.0,,,-33200000.0,,,-10300000.0,100000.0,10000000.0
2015-12-31,877900000.0,,273600000.0,,175200000.0,,95700000.0,3500000.0,53600000.0,14100000.0,39800000.0,0.32,0.32,124818241.0,125942856.0,115500000.0,,332000000.0,159300000.0,13400000.0,,25700000.0,679500000.0,,902000000.0,1027200000.0,332700000.0,27700000.0,3035200000.0,128500000.0,49800000.0,40800000.0,340200000.0,,,,41100000.0,,-1127100000.0,-239600000.0,607400000.0,3035200000.0,70700000.0,5100000.0,,-29700000.0,36400000.0,,,5400000.0,,,71500000.0,,,,,0.0,82500000.0,,,-82500000.0,,,-20900000.0,-35800000.0,20000000.0
2016-03-31,1315900000.0,,399800000.0,,268400000.0,,127200000.0,7100000.0,67600000.0,18300000.0,49600000.0,0.4,0.39,124809898.0,125933041.0,133900000.0,,343700000.0,167700000.0,13000000.0,,27700000.0,727500000.0,,906300000.0,1020300000.0,316300000.0,21500000.0,3057700000.0,135100000.0,53600000.0,45200000.0,371500000.0,,,,39600000.0,,-1117300000.0,-254900000.0,602900000.0,3057700000.0,105500000.0,8500000.0,,-20700000.0,43700000.0,,,6600000.0,,,121400000.0,,,,,0.0,107800000.0,,,-107800000.0,,,-27100000.0,-17400000.0,30200000.0
2016-06-30,1848100000.0,,587600000.0,,358100000.0,,217800000.0,15600000.0,144900000.0,33700000.0,111500000.0,0.89,0.89,124787819.0,125870094.0,131600000.0,,414800000.0,154800000.0,0.0,,42100000.0,790200000.0,,905800000.0,996500000.0,294000000.0,67100000.0,3091100000.0,143700000.0,45800000.0,46200000.0,391200000.0,,,,38800000.0,,-1036100000.0,-305700000.0,635900000.0,3091100000.0,140600000.0,10800000.0,8200000.0,54100000.0,35400000.0,,,21400000.0,,,155300000.0,,,,,0.0,139600000.0,,,-137700000.0,,,-30800000.0,-19700000.0,40600000.0
2016-09-30,442200000.0,,124100000.0,,98200000.0,,24800000.0,2100000.0,4800000.0,200000.0,4600000.0,0.04,0.04,124819466.0,126259721.0,132100000.0,,376300000.0,177500000.0,,,33400000.0,768900000.0,,926500000.0,1045400000.0,306100000.0,21600000.0,3128100000.0,145700000.0,56800000.0,50000000.0,448600000.0,,,,39500000.0,,-1065700000.0,-304300000.0,614500000.0,3128100000.0,35800000.0,6900000.0,,-43900000.0,16400000.0,,,-1200000.0,,,48300000.0,,,,,86900000.0,27700000.0,,,-114600000.0,,,65900000.0,500000.0,10900000.0
2016-12-31,925900000.0,,272000000.0,,194400000.0,,72700000.0,3900000.0,31700000.0,9700000.0,22000000.0,0.18,0.17,124889681.0,126414644.0,255800000.0,,366300000.0,169800000.0,,,56800000.0,882600000.0,,905000000.0,1008500000.0,283900000.0,23100000.0,3154300000.0,127600000.0,46600000.0,46600000.0,334800000.0,,,,40300000.0,,-1048300000.0,-352700000.0,588000000.0,3154300000.0,71300000.0,11800000.0,,-41400000.0,17900000.0,,,-14600000.0,,,96000000.0,,,,,85700000.0,54100000.0,,,-138500000.0,,,175700000.0,124200000.0,19700000.0
2017-03-31,1458500000.0,,439400000.0,,295300000.0,,137300000.0,-7300000.0,66400000.0,18400000.0,48000000.0,0.38,0.38,124951928.0,126799130.0,241200000.0,27600000.0,402600000.0,193900000.0,,,29000000.0,928400000.0,,968900000.0,1030600000.0,282600000.0,21700000.0,3285200000.0,137600000.0,48800000.0,59400000.0,390100000.0,,,,42600000.0,,-1022300000.0,-326300000.0,642700000.0,3285200000.0,107800000.0,16400000.0,,-26300000.0,20200000.0,,,-12400000.0,,,199300000.0,,,,,169900000.0,87800000.0,,,-257000000.0,,,168400000.0,109600000.0,25800000.0
2017-06-30,2075400000.0,,654600000.0,,402600000.0,,234200000.0,-8500000.0,135600000.0,25800000.0,109800000.0,0.88,0.87,124954248.0,126737785.0,288300000.0,18600000.0,488800000.0,184900000.0,22200000.0,,43600000.0,1059800000.0,,995900000.0,1044100000.0,273100000.0,27500000.0,3454300000.0,163200000.0,68400000.0,84900000.0,469000000.0,,,,45500000.0,,-955700000.0,-314100000.0,723500000.0,3454300000.0,146500000.0,20900000.0,1400000.0,54900000.0,13500000.0,,,9900000.0,,,299500000.0,,,,,169900000.0,139800000.0,,,-309000000.0,,,161300000.0,156700000.0,39800000.0
2017-09-30,543900000.0,,140100000.0,,107000000.0,,31900000.0,-5700000.0,1900000.0,-1900000.0,3800000.0,0.03,0.03,125713246.0,127784521.0,601400000.0,13400000.0,410500000.0,194000000.0,,,33600000.0,1330100000.0,,1025000000.0,1069600000.0,269200000.0,28300000.0,3784800000.0,166800000.0,77700000.0,77000000.0,457100000.0,,,,46400000.0,,-951900000.0,-279000000.0,1038800000.0,3784800000.0,39000000.0,7000000.0,,-87000000.0,7300000.0,,,2000000.0,,,83700000.0,,,,,0.0,42700000.0,,,-42700000.0,,,263000000.0,313100000.0,7900000.0
2017-12-31,40400000.0,,327500000.0,,221300000.0,,100700000.0,-19300000.0,29900000.0,49900000.0,-21900000.0,-0.16,-0.16,132983262.0,132983262.0,329500000.0,9800000.0,427900000.0,212700000.0,,,34800000.0,1075500000.0,,1256200000.0,1408300000.0,582000000.0,30800000.0,4387100000.0,164300000.0,58300000.0,88100000.0,484000000.0,,,,57100000.0,,-973800000.0,-294900000.0,1005500000.0,4387100000.0,85800000.0,15500000.0,,-104600000.0,0.0,,,-400000.0,,,176000000.0,,,,,748000000.0,82900000.0,,,-825700000.0,,,682400000.0,41200000.0,8000000.0
2018-03-31,95700000.0,,519200000.0,,338300000.0,,173800000.0,-29800000.0,62600000.0,61700000.0,19000000.0,0.14,0.14,133123679.0,135109291.0,391500000.0,10700000.0,506800000.0,223600000.0,,,16700000.0,1214400000.0,,1271400000.0,1438600000.0,572200000.0,30600000.0,4554100000.0,182900000.0,55000000.0,109500000.0,557500000.0,,,,62300000.0,,-954800000.0,-255600000.0,1068400000.0,4554100000.0,137500000.0,21100000.0,,-33600000.0,6300000.0,,,15300000.0,,,271200000.0,,,,,748000000.0,117700000.0,,,-860500000.0,,,674600000.0,103200000.0,8300000.0
2018-06-30,164700000.0,,752600000.0,,462600000.0,,271100000.0,-7700000.0,152000000.0,68400000.0,83600000.0,0.64,0.63,131226110.0,133201216.0,410200000.0,0.0,555800000.0,209100000.0,400000.0,,15200000.0,1240300000.0,,1270600000.0,1397200000.0,544900000.0,45200000.0,4531100000.0,192100000.0,55900000.0,100900000.0,576900000.0,,,,54000000.0,,-872100000.0,-325800000.0,1086700000.0,4531100000.0,190100000.0,27200000.0,29300000.0,33600000.0,1800000.0,,,32300000.0,,,374500000.0,,,,,748000000.0,176500000.0,,,-919300000.0,,,669100000.0,121900000.0,23900000.0
2018-09-30,551800000.0,403300000.0,148500000.0,,115500000.0,,20400000.0,-5700000.0,,1000000.0,-14400000.0,-0.1,-0.1,142149315.0,142149315.0,266100000.0,,503300000.0,235800000.0,,,15900000.0,1083400000.0,,1288200000.0,1435000000.0,611900000.0,47500000.0,4499800000.0,180100000.0,49800000.0,105700000.0,527500000.0,,,,54000000.0,,-871400000.0,-334200000.0,1529400000.0,4499800000.0,52900000.0,0.0,,-73700000.0,21000000.0,,,-18300000.0,,,41200000.0,,,,,127500000.0,38300000.0,,,-165800000.0,,,-18800000.0,-144100000.0,14800000.0
2018-12-31,1174800000.0,824900000.0,349900000.0,,238700000.0,,98600000.0,-7100000.0,51300000.0,3300000.0,34600000.0,0.34,0.33,145058230.0,146660339.0,207900000.0,,551300000.0,235200000.0,,,17000000.0,1071500000.0,,1285800000.0,1421400000.0,581000000.0,50200000.0,4441600000.0,184400000.0,45900000.0,112400000.0,514300000.0,,,,54600000.0,,-822400000.0,-351200000.0,1563000000.0,4441600000.0,107500000.0,,,-3100000.0,26000000.0,,,-11300000.0,,,84500000.0,,,,,127500000.0,81300000.0,,,-208800000.0,,,-73800000.0,-202300000.0,24400000.0
2019-03-31,1792300000.0,1243700000.0,548600000.0,,368600000.0,,164400000.0,-3900000.0,80500000.0,14200000.0,66300000.0,0.46,0.46,145145310.0,146758271.0,227900000.0,,583500000.0,247000000.0,,,20000000.0,1143700000.0,,1301500000.0,1409300000.0,554400000.0,54100000.0,4493100000.0,202300000.0,44000000.0,89200000.0,525400000.0,,,,69500000.0,,-790700000.0,-329300000.0,1620700000.0,4493100000.0,173900000.0,,,26600000.0,43100000.0,,,5900000.0,,,159800000.0,,,,,127500000.0,129300000.0,,,-257700000.0,,,-82500000.0,-182300000.0,35400000.0
2019-06-30,2518000000.0,1712900000.0,805100000.0,,512000000.0,,273900000.0,-2700000.0,160300000.0,22900000.0,137400000.0,0.92,0.9,144245956.0,145954475.0,345400000.0,,716400000.0,257200000.0,214000000.0,,23600000.0,1395800000.0,,1536700000.0,2220900000.0,930800000.0,61200000.0,6184000000.0,255800000.0,50900000.0,155200000.0,670700000.0,,,,124300000.0,3895800000.0,-723400000.0,-353900000.0,1681600000.0,6184000000.0,228600000.0,33300000.0,-5600000.0,118900000.0,34000000.0,,,36200000.0,,,247700000.0,,,,,1291000000.0,218100000.0,,,-1510400000.0,445500000.0,,1201400000.0,-64800000.0,42200000.0
2019-09-30,664700000.0,487000000.0,177700000.0,,142800000.0,,34400000.0,-4900000.0,-6800000.0,-6900000.0,100000.0,-0.05,-0.05,145663115.0,145663115.0,243400000.0,,647900000.0,250700000.0,,,25300000.0,1266800000.0,,1561100000.0,2195900000.0,902900000.0,158700000.0,6119500000.0,214000000.0,49200000.0,159600000.0,615800000.0,,,,179000000.0,3863600000.0,-731400000.0,-376000000.0,1649300000.0,6119500000.0,60600000.0,,,-34100000.0,-200000.0,,,-47300000.0,,,25200000.0,,,,,10700000.0,73500000.0,,,-84900000.0,,,-35800000.0,-102000000.0,12700000.0
2019-12-31,1386100000.0,976200000.0,409900000.0,,283800000.0,,123400000.0,4400000.0,58500000.0,13000000.0,45600000.0,0.23,0.23,146068025.0,147769691.0,188900000.0,,681000000.0,249600000.0,,,31900000.0,1300500000.0,,1618100000.0,2207800000.0,885900000.0,147900000.0,6195300000.0,243400000.0,65900000.0,165600000.0,658100000.0,,,,175400000.0,3872600000.0,-694000000.0,-350600000.0,1716100000.0,6195300000.0,122500000.0,,,-4300000.0,11600000.0,,,-13300000.0,,,145900000.0,,,,,10700000.0,152200000.0,,,-199200000.0,,,-101800000.0,-156500000.0,19600000.0
2020-03-31,2146700000.0,1498000000.0,648700000.0,,419900000.0,,224200000.0,-37200000.0,81400000.0,14900000.0,66500000.0,0.26,0.26,151267795.0,153055642.0,608400000.0,,698700000.0,297200000.0,,,27000000.0,1746100000.0,,1769500000.0,2449300000.0,907300000.0,162300000.0,7079600000.0,276200000.0,73800000.0,160200000.0,917100000.0,,,,208100000.0,4285300000.0,-681200000.0,-393600000.0,2187700000.0,7079600000.0,187300000.0,,,15500000.0,54700000.0,,,29900000.0,,,267600000.0,,,,,379700000.0,303500000.0,,,-664800000.0,,,670700000.0,263000000.0,38900000.0
2020-06-30,3094300000.0,2111000000.0,983300000.0,,577900000.0,,394400000.0,-7900000.0,260400000.0,39700000.0,220700000.0,1.16,1.14,149794191.0,152321803.0,953200000.0,,838100000.0,323800000.0,280000000.0,,30800000.0,2293000000.0,,1900800000.0,2470600000.0,888700000.0,174000000.0,7776500000.0,321000000.0,131100000.0,191000000.0,893200000.0,,,,203600000.0,4271100000.0,-535200000.0,-386300000.0,2898800000.0,7776500000.0,253700000.0,48100000.0,4700000.0,150900000.0,76400000.0,,,72200000.0,,,440300000.0,,,,,379700000.0,465800000.0,,,-827500000.0,1046500000.0,,1001700000.0,607800000.0,43400000.0
2020-09-30,845700000.0,596800000.0,248900000.0,6400000.0,164700000.0,,81500000.0,11200000.0,67400000.0,-15000000.0,82400000.0,0.42,0.41,,166529038.0,1007000000.0,,700900000.0,384300000.0,,,33800000.0,2356100000.0,,2035500000.0,2490400000.0,870300000.0,174800000.0,7984200000.0,329400000.0,132600000.0,229400000.0,919700000.0,,,,181400000.0,4305500000.0,-460900000.0,-370000000.0,3072100000.0,7984200000.0,69100000.0,,,-143700000.0,65400000.0,,,6600000.0,,,149700000.0,,,,,0.0,149600000.0,,,-151200000.0,,,49600000.0,53800000.0,8800000.0
2020-12-31,1756500000.0,1209400000.0,547100000.0,11600000.0,330200000.0,,208100000.0,19500000.0,176400000.0,20600000.0,170800000.0,0.88,0.87,167075141.0,169279089.0,833100000.0,,771500000.0,461300000.0,,,27700000.0,2518900000.0,,2129800000.0,2461500000.0,855300000.0,188000000.0,8198100000.0,356900000.0,126000000.0,260600000.0,1024000000.0,,,,167400000.0,4383600000.0,-377400000.0,-329600000.0,3455500000.0,8198100000.0,140100000.0,,,-87600000.0,140300000.0,,,13400000.0,,,223700000.0,,,,,14800000.0,338900000.0,,,-354400000.0,,,-7200000.0,-120100000.0,18900000.0
2021-03-31,2809800000.0,1897100000.0,912700000.0,15000000.0,502900000.0,,576700000.0,-24600000.0,493500000.0,90900000.0,402600000.0,2.15,2.12,170500000.0,172500000.0,988100000.0,,834900000.0,527900000.0,,,37100000.0,2774500000.0,,2358800000.0,2515000000.0,834800000.0,241900000.0,8769100000.0,365700000.0,145600000.0,289000000.0,1139200000.0,,,,167800000.0,4696900000.0,-150300000.0,-323900000.0,3713200000.0,8769100000.0,216000000.0,,,1200000.0,240000000.0,,,36600000.0,,,298700000.0,74900000.0,,,4100000.0,147100000.0,497100000.0,,,-435900000.0,81800000.0,,159300000.0,34900000.0,24800000.0
2021-06-30,3998000000.0,2646000000.0,1352000000.0,21000000.0,687000000.0,,828000000.0,-3000000.0,715000000.0,130000000.0,585000000.0,3.15,3.11,168000000.0,170000000.0,896000000.0,,1012000000.0,563000000.0,291000000.0,,47000000.0,2918000000.0,,2524000000.0,2519000000.0,817000000.0,268000000.0,9112000000.0,385000000.0,170000000.0,305000000.0,1196000000.0,,,,175000000.0,4838000000.0,25000000.0,-317000000.0,3915000000.0,9112000000.0,289000000.0,51000000.0,64000000.0,186000000.0,260000000.0,,,50000000.0,,,433000000.0,72000000.0,,,31000000.0,147000000.0,686000000.0,,,-649000000.0,82000000.0,,142000000.0,-57000000.0,47000000.0
2021-09-30,1025000000.0,701000000.0,324000000.0,6000000.0,183000000.0,,138000000.0,-9000000.0,103000000.0,10000000.0,93000000.0,0.49,0.49,171000000.0,172000000.0,1969000000.0,,831000000.0,622000000.0,,,53000000.0,3931000000.0,,2581000000.0,2531000000.0,793000000.0,277000000.0,10183000000.0,363000000.0,164000000.0,283000000.0,1096000000.0,,,,178000000.0,5803000000.0,114000000.0,-329000000.0,4021000000.0,10183000000.0,81000000.0,,,-185000000.0,63000000.0,,,-6000000.0,,,163000000.0,,,,4000000.0,-26000000.0,154000000.0,,,-167000000.0,0.0,,1082000000.0,1073000000.0,15000000.0
2021-12-31,2242000000.0,1513000000.0,729000000.0,12000000.0,411000000.0,,299000000.0,-23000000.0,218000000.0,28000000.0,190000000.0,1.02,1.01,175000000.0,177000000.0,849000000.0,,871000000.0,688000000.0,,,61000000.0,2974000000.0,,2727000000.0,3026000000.0,1132000000.0,279000000.0,10203000000.0,363000000.0,178000000.0,271000000.0,1045000000.0,,,,170000000.0,5722000000.0,209000000.0,-345000000.0,4481000000.0,10203000000.0,179000000.0,,,-131000000.0,148000000.0,,,3000000.0,,,232000000.0,,,,3000000.0,1020000000.0,277000000.0,,,-1299000000.0,0.0,,1033000000.0,-47000000.0,27000000.0
2022-03-31,3515000000.0,2363000000.0,1152000000.0,18000000.0,618000000.0,,510000000.0,-25000000.0,394000000.0,63000000.0,331000000.0,1.81,1.79,180000000.0,181000000.0,786000000.0,,932000000.0,676000000.0,,,56000000.0,3025000000.0,,2820000000.0,3012000000.0,1097000000.0,300000000.0,10322000000.0,401000000.0,165000000.0,190000000.0,1046000000.0,,,,154000000.0,5690000000.0,350000000.0,-350000000.0,4632000000.0,10322000000.0,278000000.0,42000000.0,,-60000000.0,93000000.0,,,-34000000.0,,,370000000.0,,,,4000000.0,1033000000.0,425000000.0,,,-1490000000.0,0.0,,1030000000.0,-110000000.0,40000000.0
2022-06-30,4828000000.0,3188000000.0,1640000000.0,23000000.0,844000000.0,,756000000.0,-28000000.0,605000000.0,86000000.0,519000000.0,2.85,2.84,176000000.0,178000000.0,449000000.0,,1051000000.0,702000000.0,215000000.0,,70000000.0,2916000000.0,,3127000000.0,3006000000.0,1060000000.0,349000000.0,10507000000.0,421000000.0,140000000.0,185000000.0,1072000000.0,,,,164000000.0,5712000000.0,538000000.0,-394000000.0,4795000000.0,10507000000.0,378000000.0,54000000.0,13000000.0,73000000.0,128000000.0,,,37000000.0,,,439000000.0,20000000.0,,,2000000.0,1199000000.0,660000000.0,,,-1884000000.0,0.0,,1031000000.0,-447000000.0,53000000.0
2022-09-30,1022000000.0,764000000.0,258000000.0,5000000.0,196000000.0,,60000000.0,-25000000.0,3000000.0,3000000.0,0.0,0.0,0.0,180000000.0,181000000.0,281000000.0,,989000000.0,732000000.0,,,59000000.0,2698000000.0,,3167000000.0,2929000000.0,1017000000.0,349000000.0,10205000000.0,379000000.0,109000000.0,135000000.0,943000000.0,,,,152000000.0,5505000000.0,538000000.0,-514000000.0,4700000000.0,10205000000.0,99000000.0,19000000.0,,-31000000.0,85000000.0,,,-52000000.0,,,-92000000.0,,,,,0.0,149000000.0,,,-116000000.0,,,74000000.0,-168000000.0,11000000.0
2022-12-31,2171000000.0,1526000000.0,645000000.0,9000000.0,422000000.0,,198000000.0,23000000.0,117000000.0,36000000.0,81000000.0,0.45,0.45,181000000.0,181000000.0,442000000.0,,916000000.0,818000000.0,,,59000000.0,2918000000.0,,3579000000.0,3215000000.0,1045000000.0,335000000.0,11147000000.0,367000000.0,123000000.0,175000000.0,1526000000.0,,,,164000000.0,6235000000.0,619000000.0,-395000000.0,4912000000.0,11147000000.0,202000000.0,29000000.0,,-148000000.0,180000000.0,,,-68000000.0,,,122000000.0,,,,,474000000.0,317000000.0,,,-724000000.0,,,597000000.0,-7000000.0,38000000.0
2023-03-31,3208000000.0,2383000000.0,825000000.0,13000000.0,612000000.0,,-235000000.0,4000000.0,-282000000.0,-55000000.0,-227000000.0,-1.26,-1.26,181000000.0,181000000.0,252000000.0,,1049000000.0,744000000.0,,,41000000.0,2738000000.0,,3671000000.0,3023000000.0,1012000000.0,344000000.0,10830000000.0,394000000.0,111000000.0,203000000.0,1487000000.0,,,,156000000.0,6127000000.0,372000000.0,-368000000.0,4703000000.0,10830000000.0,308000000.0,35000000.0,,-18000000.0,135000000.0,,,-39000000.0,,,58000000.0,,,,,474000000.0,455000000.0,,,-834000000.0,,,572000000.0,-197000000.0,83000000.0
2023-06-30,4263000000.0,3223000000.0,1040000000.0,18000000.0,829000000.0,,-163000000.0,7000000.0,-342000000.0,-86000000.0,-256000000.0,-1.42,-1.42,181000000.0,181000000.0,280000000.0,,1002000000.0,777000000.0,310000000.0,,42000000.0,2692000000.0,,3682000000.0,3039000000.0,980000000.0,329000000.0,10777000000.0,424000000.0,134000000.0,167000000.0,1530000000.0,,,,147000000.0,6166000000.0,262000000.0,-354000000.0,4611000000.0,10777000000.0,422000000.0,35000000.0,-127000000.0,-53000000.0,192000000.0,,,-21000000.0,,,254000000.0,,,,2000000.0,474000000.0,576000000.0,,,-955000000.0,0.0,,521000000.0,-169000000.0,99000000.0
2023-09-30,982000000.0,813000000.0,169000000.0,4000000.0,205000000.0,,-726000000.0,-13000000.0,-797000000.0,-38000000.0,-759000000.0,-4.19,-4.19,181000000.0,181000000.0,209000000.0,,830000000.0,796000000.0,,,34000000.0,2614000000.0,,3723000000.0,2316000000.0,942000000.0,328000000.0,10023000000.0,367000000.0,147000000.0,179000000.0,1534000000.0,,,,159000000.0,6182000000.0,-497000000.0,-388000000.0,3841000000.0,10023000000.0,112000000.0,19000000.0,,-160000000.0,31000000.0,,,-73000000.0,,,-70000000.0,,,,,,84000000.0,,,-84000000.0,,,98000000.0,-71000000.0,19000000.0
2023-12-31,2006000000.0,1666000000.0,340000000.0,8000000.0,455000000.0,,-838000000.0,-17000000.0,-979000000.0,24000000.0,-965000000.0,-5.31,-5.31,182000000.0,182000000.0,229000000.0,,843000000.0,775000000.0,,,40000000.0,2570000000.0,,3777000000.0,2351000000.0,911000000.0,324000000.0,9988000000.0,407000000.0,141000000.0,214000000.0,1036000000.0,,,,155000000.0,6301000000.0,-703000000.0,-354000000.0,3687000000.0,9988000000.0,233000000.0,35000000.0,,-165000000.0,46000000.0,,,-40000000.0,,,42000000.0,,,,,0.0,178000000.0,,,-179000000.0,,,84000000.0,-51000000.0,31000000.0
2024-03-31,3080000000.0,2511000000.0,569000000.0,12000000.0,669000000.0,,-855000000.0,-21000000.0,-1065000000.0,15000000.0,-1066000000.0,-5.87,-5.87,182000000.0,182000000.0,162000000.0,,875000000.0,742000000.0,,,46000000.0,2523000000.0,,3735000000.0,2339000000.0,875000000.0,341000000.0,9879000000.0,377000000.0,120000000.0,249000000.0,1007000000.0,,,,167000000.0,6268000000.0,-804000000.0,-356000000.0,3611000000.0,9879000000.0,359000000.0,52000000.0,,-130000000.0,61000000.0,,,-58000000.0,,,54000000.0,,,,,0.0,252000000.0,,,-253000000.0,,,84000000.0,-118000000.0,64000000.0
2024-06-30,4381000000.0,3428000000.0,953000000.0,17000000.0,935000000.0,,-749000000.0,24000000.0,-1027000000.0,16000000.0,-1043000000.0,-5.76,-5.76,181000000.0,181000000.0,289000000.0,,921000000.0,574000000.0,231000000.0,,48000000.0,2597000000.0,,3643000000.0,2333000000.0,841000000.0,332000000.0,9753000000.0,361000000.0,115000000.0,250000000.0,1031000000.0,,,,161000000.0,6149000000.0,-781000000.0,-404000000.0,3604000000.0,9753000000.0,489000000.0,68000000.0,-27000000.0,-79000000.0,-109000000.0,,,-84000000.0,,,268000000.0,,,,1000000.0,0.0,327000000.0,,,-327000000.0,,,74000000.0,9000000.0,43000000.0
2024-09-30,1023000000.0,842000000.0,181000000.0,4000000.0,252000000.0,,-67000000.0,10000000.0,-117000000.0,12000000.0,-129000000.0,-0.71,-0.71,182000000.0,182000000.0,335000000.0,,760000000.0,553000000.0,,,45000000.0,2507000000.0,,3671000000.0,2366000000.0,811000000.0,321000000.0,9708000000.0,375000000.0,125000000.0,272000000.0,998000000.0,,,,164000000.0,6166000000.0,-910000000.0,-350000000.0,3542000000.0,9708000000.0,113000000.0,17000000.0,,-173000000.0,10000000.0,,,-10000000.0,,,61000000.0,,,,,,57000000.0,,,-34000000.0,,,-10000000.0,46000000.0,9000000.0
