Date,Net sales,Cost of sales,Gross margin,Research and development,"Selling, general and administrative",Total operating expenses,Operating income,"Other income/(expense), net",Income before provision for income taxes,Provision for income taxes,Net income,Earnings per share basic,Earnings per share diluted,Weighted-average basic,Weighted-average diluted,Cash and cash equivalents,Short-term marketable securities,"Accounts receivable, net",Inventories,Deferred tax assets,Vendor non-trade receivables,Other current assets,Total current assets,Long-term marketable securities,"Property, Plant and Equipment, Net",Goodwill,"Acquired intangible assets, net","Other Assets, Noncurrent",Total assets,accounts payable,Accrued expenses,Deferred revenue,Total current liabilities,Deferred revenue - non-current,deferred tax liabilities,long term taxes payable,Total other non-current liabilities,Total liabilities,Retained Earnings (Accumulated Deficit),Accumulated other comprehensive (loss)/income,Total shareholders equity,Total liabilities and shareholders' equity,"Depreciation, amortization and accretion",Stock-based compensation expense,Deferred income tax expense,"Increase (Decrease) in Accounts receivable, net",Increase (Decrease) in Inventories,Increase (Decrease) in Other Receivables,Increase (Decrease) in Other Operating Assets,Increase (Decrease) in Accounts Payable,Increase (Decrease) in Deferred Revenue,Increase (Decrease) Other liabilities,Cash generated by operating activities,Purchases of marketable securities,Proceeds from maturities of marketable securities,Proceeds from sales of marketable securities,Purchases of other long-term investments,"Business acquisitions, net of cash acquired",Cash payments for capital asset purchases,Payments for acquisition of intangible assets,Payments for (Proceeds from) Other Investing Activities,Cash used in investing activities,Proceeds from issuance of common stock,Excess tax benefits from stock-based compensation,Cash generated/used in financing activities,Increase/(decrease) in cash and cash equivalents,"Cash paid for income taxes, net"
2009-12-31,3278663000.0,,,,721359000.0,,618490000.0,18461000.0,636951000.0,101988000.0,534963000.0,1.82,1.78,293304000.0,301115000.0,1100930000.0,,626288000.0,,73791000.0,,125205000.0,2307568000.0,,481516000.0,192372000.0,75757000.0,49278000.0,3338240000.0,54640000.0,540363000.0,51605000.0,646608000.0,,0.0,,38455000.0,685063000.0,1965368000.0,20277000.0,2653177000.0,3338240000.0,,44816000.0,-26589000.0,98451000.0,,,9255000.0,6675000.0,,207883000.0,672325000.0,,,,,68613000.0,76639000.0,,,-394764000.0,,31556000.0,76948000.0,365864000.0,
2010-03-31,959720000.0,,,,194993000.0,,183017000.0,-4265000.0,178752000.0,27252000.0,151500000.0,0.51,0.49,297885000.0,306664000.0,1080942000.0,,706122000.0,,60807000.0,,162220000.0,2469233000.0,,478363000.0,193898000.0,76745000.0,67477000.0,3509747000.0,85630000.0,438941000.0,53576000.0,578147000.0,,,,45231000.0,623378000.0,2116868000.0,44043000.0,2886369000.0,3509747000.0,27381000.0,13945000.0,23326000.0,92220000.0,,,4989000.0,36088000.0,,-83139000.0,2328000.0,,,,,,24219000.0,,,-57141000.0,,15753000.0,43541000.0,-19988000.0,
2010-06-30,2064874000.0,,,,429540000.0,,388932000.0,-2172000.0,386760000.0,63085000.0,323675000.0,1.08,1.05,299889000.0,308487000.0,1039686000.0,,814239000.0,,59162000.0,,160072000.0,2804924000.0,,504769000.0,214814000.0,92972000.0,59389000.0,3764154000.0,80986000.0,80363000.0,56821000.0,645598000.0,,6071000.0,,71598000.0,723267000.0,2289043000.0,-21080000.0,3040887000.0,3764154000.0,52629000.0,27935000.0,38860000.0,192309000.0,,,12726000.0,20618000.0,,-18543000.0,137622000.0,,,,,29035000.0,66165000.0,,,-257985000.0,,28411000.0,73445000.0,-61244000.0,
2010-09-30,3281787000.0,,,,692172000.0,,617231000.0,14977000.0,630036000.0,102662000.0,527374000.0,1.76,1.71,301717000.0,309619000.0,1317077000.0,350730000.0,919563000.0,,69159000.0,,171569000.0,3234680000.0,,521497000.0,222844000.0,89517000.0,72419000.0,4246279000.0,93945000.0,89901000.0,57952000.0,804169000.0,,6076000.0,,68850000.0,879095000.0,2492742000.0,25709000.0,3367184000.0,4246279000.0,80558000.0,42044000.0,39721000.0,291817000.0,,,22259000.0,36567000.0,,119582000.0,372360000.0,,,,,31705000.0,110961000.0,,,-292585000.0,,59497000.0,134471000.0,216147000.0,
2010-12-31,4592389000.0,,,,972093000.0,,861852000.0,16728000.0,878580000.0,145040000.0,733540000.0,2.44,2.37,300781000.0,309137000.0,1540969000.0,546028000.0,901308000.0,,199892000.0,,181414000.0,3518234000.0,,570448000.0,223963000.0,85136000.0,75485000.0,4583074000.0,75373000.0,78227000.0,84590000.0,930726000.0,,4946000.0,,62971000.0,998643000.0,2698908000.0,35598000.0,3584431000.0,4583074000.0,110172000.0,56984000.0,-51909000.0,278418000.0,,,24296000.0,18597000.0,,348898000.0,764654000.0,,,195693000.0,,33863000.0,185512000.0,,,-446890000.0,,71919000.0,120003000.0,440039000.0,
2011-03-31,1371253000.0,,,,296330000.0,,265365000.0,15135000.0,280500000.0,72173000.0,208327000.0,0.69,0.67,304041000.0,311803000.0,1293499000.0,652674000.0,994948000.0,,68120000.0,,176415000.0,3535800000.0,,601699000.0,224009000.0,81790000.0,82269000.0,4637873000.0,117595000.0,64179000.0,82021000.0,801713000.0,,3870000.0,,68101000.0,873684000.0,2907235000.0,39950000.0,3764189000.0,4637873000.0,28964000.0,16065000.0,19901000.0,89029000.0,,,6334000.0,41079000.0,,-149825000.0,45629000.0,,,127527000.0,,7895000.0,55815000.0,,,-252657000.0,,15792000.0,-49044000.0,-247470000.0,
2011-06-30,2856495000.0,,,,623048000.0,,535323000.0,22782000.0,558105000.0,141733000.0,416372000.0,1.37,1.34,304015000.0,311640000.0,1193040000.0,799152000.0,1075193000.0,,80756000.0,,180138000.0,3757897000.0,,614494000.0,224136000.0,87850000.0,119479000.0,4916702000.0,89057000.0,67865000.0,84629000.0,887351000.0,,3558000.0,,73944000.0,964853000.0,3115280000.0,76637000.0,3951849000.0,4916702000.0,58237000.0,39744000.0,-1819000.0,170419000.0,,,17163000.0,7644000.0,,-14983000.0,260742000.0,,,259728000.0,,19321000.0,89550000.0,,,-496403000.0,,22041000.0,-129807000.0,-347929000.0,
2011-09-30,4457449000.0,,,,976209000.0,,828325000.0,17744000.0,846069000.0,202578000.0,643491000.0,2.12,2.07,303584000.0,310859000.0,1181219000.0,815792000.0,1104703000.0,,108075000.0,,144770000.0,3812197000.0,,664609000.0,289056000.0,102567000.0,100116000.0,5104115000.0,78183000.0,94684000.0,87893000.0,1040730000.0,,3605000.0,,120258000.0,1164593000.0,3342399000.0,-50681000.0,3939522000.0,5104115000.0,89876000.0,64244000.0,-26204000.0,207242000.0,,,20884000.0,-2654000.0,,94553000.0,590086000.0,,,484167000.0,,75040000.0,163660000.0,,,-677049000.0,,30966000.0,-276731000.0,-359750000.0,
2011-12-31,6121156000.0,,,,1328665000.0,,1136468000.0,32681000.0,1169149000.0,285531000.0,883618000.0,2.91,2.85,303277000.0,310351000.0,1310906000.0,822926000.0,1179043000.0,,269822000.0,,225530000.0,4085506000.0,,758034000.0,288772000.0,97616000.0,113813000.0,5507933000.0,72205000.0,88593000.0,105713000.0,1209705000.0,,3339000.0,,342003000.0,1555047000.0,3582526000.0,-325394000.0,3952886000.0,5507933000.0,124175000.0,90232000.0,-8599000.0,284167000.0,,,28805000.0,-8593000.0,,195038000.0,875152000.0,,,652992000.0,,82800000.0,288221000.0,,,-850281000.0,,39141000.0,-255455000.0,-230063000.0,
2012-03-31,1711349000.0,,,,374178000.0,,317899000.0,4378000.0,322277000.0,78626000.0,243651000.0,0.8,0.79,303428000.0,309208000.0,1328535000.0,833723000.0,1234177000.0,,94641000.0,,189648000.0,4196742000.0,,784975000.0,289904000.0,93421000.0,139009000.0,5668125000.0,109983000.0,81937000.0,107817000.0,1021245000.0,,2978000.0,,276653000.0,1300876000.0,3826177000.0,-193331000.0,4367249000.0,5668125000.0,36625000.0,31379000.0,-8182000.0,49864000.0,,,21890000.0,38581000.0,,-136160000.0,101763000.0,,,207524000.0,,7874000.0,60451000.0,,,-95487000.0,,12746000.0,7117000.0,17629000.0,
2012-06-30,3506569000.0,,,,770949000.0,,649857000.0,7512000.0,657369000.0,161786000.0,495583000.0,1.64,1.61,302827000.0,308267000.0,1050245000.0,980170000.0,1296175000.0,,104151000.0,,198172000.0,4152352000.0,,837683000.0,289211000.0,86530000.0,120981000.0,5654219000.0,104411000.0,88449000.0,106625000.0,1151095000.0,,3073000.0,,407718000.0,1561886000.0,4078109000.0,-396741000.0,4092333000.0,5654219000.0,74058000.0,57650000.0,17129000.0,119949000.0,,,1549000.0,27185000.0,,-70122000.0,425863000.0,,,351866000.0,,24877000.0,138772000.0,,,-342803000.0,,15853000.0,-341403000.0,-260661000.0,
2012-09-30,5398257000.0,,,,1155900000.0,,1005243000.0,16509000.0,1021752000.0,249268000.0,772484000.0,2.56,2.52,301571000.0,306555000.0,1324739000.0,993278000.0,1363454000.0,,166164000.0,,166424000.0,4541531000.0,,878561000.0,301403000.0,87583000.0,143034000.0,6107039000.0,111420000.0,89484000.0,116427000.0,1275588000.0,,4593000.0,,254488000.0,1534669000.0,4355010000.0,-190043000.0,4572370000.0,6107039000.0,115424000.0,79911000.0,-61890000.0,184537000.0,,,18691000.0,39386000.0,,101699000.0,810723000.0,,,559095000.0,,43896000.0,208716000.0,,,-429334000.0,,24960000.0,-367052000.0,13833000.0,
2012-12-31,7346472000.0,,,,1557646000.0,,1361496000.0,26100000.0,1387596000.0,336333000.0,1051263000.0,3.49,3.44,301291000.0,305861000.0,1570077000.0,1011346000.0,1345661000.0,,377487000.0,,219896000.0,4814294000.0,,971486000.0,309185000.0,87475000.0,160307000.0,6521571000.0,108707000.0,91436000.0,149696000.0,1377330000.0,,2777000.0,,287081000.0,1667188000.0,4633789000.0,-239683000.0,4854383000.0,6521571000.0,156588000.0,107355000.0,-117908000.0,158603000.0,,,,32773000.0,,208438000.0,1172583000.0,,,697406000.0,,59894000.0,334465000.0,,,-570046000.0,,48373000.0,-342988000.0,259171000.0,
2013-03-31,2020738000.0,,,,413204000.0,,365907000.0,11276000.0,377183000.0,92974000.0,284209000.0,0.94,0.93,301854000.0,305176000.0,1474860000.0,1031465000.0,1495996000.0,,183496000.0,,206364000.0,4836640000.0,,1008198000.0,407349000.0,122501000.0,169647000.0,6709302000.0,132501000.0,92202000.0,138204000.0,1225843000.0,,14841000.0,,252684000.0,1493368000.0,4917998000.0,-208431000.0,5215934000.0,6709302000.0,43601000.0,29093000.0,23030000.0,149421000.0,,,,16269000.0,,-139626000.0,73468000.0,,,161704000.0,,139276000.0,72185000.0,,,-185874000.0,,7490000.0,16932000.0,-95217000.0,
2013-06-30,4181978000.0,,,,833730000.0,,792710000.0,-6406000.0,797580000.0,212961000.0,584619000.0,1.94,1.92,301762000.0,304811000.0,1678205000.0,990928000.0,1560856000.0,,228131000.0,,220034000.0,5133961000.0,,1017705000.0,412647000.0,121991000.0,160074000.0,7012320000.0,94069000.0,105392000.0,134192000.0,1357297000.0,,14548000.0,,316727000.0,1688572000.0,5218408000.0,-324602000.0,5323748000.0,7012320000.0,87435000.0,59330000.0,-997000.0,217294000.0,,,,-12267000.0,,-43564000.0,439025000.0,,,660000000.0,,151137000.0,122510000.0,,,-225774000.0,,9482000.0,-89381000.0,108128000.0,
2013-09-30,6487701000.0,,,,1277106000.0,,1230069000.0,6709000.0,1236778000.0,332532000.0,904246000.0,3.0,2.97,301719000.0,304632000.0,2031119000.0,1053330000.0,1637126000.0,,268635000.0,,218785000.0,5739205000.0,,1011803000.0,417959000.0,118141000.0,169295000.0,7617149000.0,114825000.0,108857000.0,141937000.0,1602038000.0,,14794000.0,,352041000.0,1968873000.0,5538035000.0,-375089000.0,5648276000.0,7617149000.0,132013000.0,86353000.0,-22844000.0,273502000.0,,,,3251000.0,,112931000.0,917903000.0,,,871696000.0,,152476000.0,154346000.0,,,-378376000.0,,16450000.0,-61049000.0,461042000.0,
2013-12-31,8843189000.0,,,,1727609000.0,,1677910000.0,10007000.0,1687917000.0,459339000.0,1228578000.0,4.07,4.03,302007000.0,304831000.0,2213006000.0,1204684000.0,1648785000.0,,456405000.0,,268907000.0,6147882000.0,,1081164000.0,444236000.0,131274000.0,183013000.0,8208914000.0,113394000.0,121572000.0,182893000.0,1774508000.0,,21170000.0,,277445000.0,2073123000.0,5862367000.0,-276259000.0,6135791000.0,8208914000.0,179930000.0,118800000.0,-88194000.0,258469000.0,,,,-12123000.0,,328726000.0,1423776000.0,,,1119822000.0,,193805000.0,261626000.0,,,-730763000.0,,30581000.0,-30867000.0,642929000.0,
2014-03-31,2422348000.0,,,,485395000.0,,460036000.0,13152000.0,473188000.0,124310000.0,348878000.0,0.57,0.57,607730000.0,612897000.0,1935991000.0,1644943000.0,1703605000.0,,200430000.0,,254372000.0,6290740000.0,,1090885000.0,445182000.0,124735000.0,187189000.0,8279299000.0,176374000.0,138415000.0,166504000.0,1502866000.0,,20275000.0,,133201000.0,1656342000.0,6211245000.0,-167285000.0,6622957000.0,8279299000.0,46680000.0,35817000.0,36270000.0,52662000.0,,,,65624000.0,,-281527000.0,157320000.0,,,179035000.0,,1635000.0,43256000.0,,,-433654000.0,,5853000.0,-6573000.0,-277015000.0,
2014-06-30,4939442000.0,,,,968380000.0,,947957000.0,27069000.0,975026000.0,254240000.0,720786000.0,1.19,1.18,607880000.0,612530000.0,1992442000.0,1714543000.0,1822636000.0,,233841000.0,,257048000.0,6740690000.0,,1086116000.0,449541000.0,120952000.0,166700000.0,8687294000.0,119145000.0,147226000.0,179660000.0,1567662000.0,,19862000.0,,108941000.0,1696465000.0,6583153000.0,-111460000.0,6990829000.0,8687294000.0,95474000.0,69351000.0,2440000.0,161191000.0,,,,8124000.0,,-127034000.0,565633000.0,,,357822000.0,,11487000.0,81957000.0,,,-691188000.0,,12034000.0,-99988000.0,-220564000.0,
2014-09-30,7520451000.0,,,,1474399000.0,,1405470000.0,33295000.0,1438765000.0,362355000.0,1076410000.0,1.77,1.76,608070000.0,612394000.0,2617619000.0,1512672000.0,1809038000.0,,259474000.0,,234942000.0,7260026000.0,,1101468000.0,437776000.0,109692000.0,175348000.0,9227043000.0,130040000.0,157724000.0,169385000.0,1741464000.0,,18041000.0,,85828000.0,1845333000.0,6938777000.0,-123658000.0,7381710000.0,9227043000.0,145191000.0,100622000.0,-43373000.0,167655000.0,,,,44601000.0,,44832000.0,1148814000.0,,,1028320000.0,,11487000.0,137547000.0,,,-626636000.0,,14547000.0,-108388000.0,404613000.0,
2014-12-31,10262681000.0,,,,2037021000.0,,1884878000.0,39153000.0,1924031000.0,484764000.0,1439267000.0,2.37,2.35,608126000.0,612489000.0,2010149000.0,1262675000.0,1968680000.0,,222408000.0,,352613000.0,6750297000.0,,1247205000.0,2413564000.0,953749000.0,209663000.0,11718916000.0,145687000.0,184605000.0,224114000.0,2592094000.0,80956000.0,251724000.0,,116424000.0,3978698000.0,7301634000.0,-123068000.0,7740218000.0,11718916000.0,208067000.0,134825000.0,-99580000.0,259332000.0,,,,25681000.0,,112152000.0,1473010000.0,,,1475623000.0,,2691437000.0,212203000.0,,,-3160694000.0,,23549000.0,1503410000.0,-202857000.0,
2015-03-31,2911400000.0,,,,610800000.0,,500300000.0,10300000.0,510600000.0,127700000.0,382900000.0,0.63,0.62,609600000.0,613900000.0,1271400000.0,1531700000.0,2059900000.0,,271700000.0,,336900000.0,6406500000.0,,1268000000.0,2403600000.0,928400000.0,223600000.0,11383400000.0,181400000.0,179700000.0,330900000.0,1884100000.0,47300000.0,237300000.0,,111200000.0,3204900000.0,7684500000.0,-119300000.0,8178500000.0,11383400000.0,75600000.0,45800000.0,29000000.0,110700000.0,,,,28300000.0,,-201700000.0,189300000.0,,,181800000.0,,0.0,58000000.0,,,-364000000.0,,7500000.0,-557300000.0,-738700000.0,
2015-06-30,5996500000.0,,,,1222800000.0,,1045800000.0,13600000.0,1059400000.0,256400000.0,803000000.0,1.32,1.31,609900000.0,613900000.0,1089300000.0,1816300000.0,2162200000.0,,333500000.0,,322700000.0,6771400000.0,,1277300000.0,2405300000.0,906100000.0,277700000.0,11797600000.0,169000000.0,176700000.0,288800000.0,1956500000.0,50300000.0,233600000.0,,103900000.0,3256800000.0,8104600000.0,-90500000.0,8540800000.0,11797600000.0,159600000.0,95200000.0,-36900000.0,185700000.0,,,,19400000.0,,-130300000.0,645400000.0,,,428100000.0,,0.0,133600000.0,,,-853500000.0,,15300000.0,-706400000.0,-920800000.0,
2015-09-30,9183500000.0,,,,1849900000.0,,1588600000.0,13800000.0,1602400000.0,402200000.0,1200200000.0,1.97,1.96,609400000.0,613500000.0,1476700000.0,1833800000.0,2135700000.0,,365900000.0,,264700000.0,7237900000.0,,1278900000.0,2403600000.0,881400000.0,262100000.0,12267600000.0,160100000.0,174000000.0,262700000.0,2128400000.0,53000000.0,230000000.0,,129200000.0,3440600000.0,8501800000.0,-113300000.0,8827000000.0,12267600000.0,242000000.0,141600000.0,-107300000.0,190600000.0,,,,16800000.0,,191000000.0,1463300000.0,,,596400000.0,,0.0,198700000.0,,,-1030400000.0,,19000000.0,-954900000.0,-533400000.0,
2015-12-31,12416000000.0,,,,2508600000.0,,2142000000.0,21600000.0,2163600000.0,540000000.0,1623600000.0,2.67,2.65,609100000.0,613300000.0,2125200000.0,2014800000.0,2252600000.0,,344500000.0,,337500000.0,7908600000.0,,1271400000.0,2404700000.0,864300000.0,268600000.0,13065400000.0,165300000.0,182900000.0,323700000.0,2713700000.0,49300000.0,3300000.0,,139800000.0,3787300000.0,8925200000.0,-106200000.0,9278100000.0,13065400000.0,330000000.0,192000000.0,-126100000.0,322400000.0,,,,19400000.0,49700000.0,433100000.0,2153300000.0,,,781900000.0,,1700000.0,272800000.0,,,-1370600000.0,,33700000.0,-648100000.0,115100000.0,
2016-03-31,3202000000.0,,,,646200000.0,,554000000.0,35100000.0,589100000.0,147900000.0,441200000.0,0.73,0.72,608000000.0,611800000.0,1523800000.0,2097600000.0,2319100000.0,,,,367900000.0,7570900000.0,,1270000000.0,2461800000.0,862300000.0,275900000.0,12735900000.0,213200000.0,177600000.0,349600000.0,2050400000.0,67600000.0,9100000.0,,138100000.0,3123600000.0,9366400000.0,-61600000.0,9612300000.0,12735900000.0,87700000.0,53500000.0,68600000.0,55200000.0,,,,48100000.0,41200000.0,-525800000.0,68800000.0,,,561600000.0,,70500000.0,63700000.0,,,-228400000.0,,3200000.0,-467800000.0,-601400000.0,
2016-06-30,6571900000.0,,,,1300100000.0,,1144900000.0,38800000.0,1183700000.0,490300000.0,693600000.0,1.14,1.14,607100000.0,610300000.0,1684500000.0,2034000000.0,2427400000.0,,,,399200000.0,7758900000.0,,1287400000.0,2457900000.0,961400000.0,286200000.0,13140100000.0,164500000.0,239800000.0,321700000.0,2120000000.0,175600000.0,3000000.0,,138600000.0,3277200000.0,9618800000.0,-95700000.0,9862900000.0,13140100000.0,180600000.0,115700000.0,26100000.0,187200000.0,,,,5900000.0,2300000.0,-286900000.0,428400000.0,,,2378200000.0,,,138600000.0,,,-260300000.0,,10200000.0,-611100000.0,-440700000.0,
2016-09-30,10025100000.0,,,,2000600000.0,,1728300000.0,68300000.0,1796600000.0,659200000.0,1138000000.0,1.88,1.87,606800000.0,609700000.0,1550300000.0,2395200000.0,2492100000.0,,,,425500000.0,8199800000.0,,1323300000.0,2482000000.0,936900000.0,328800000.0,13716700000.0,171500000.0,275700000.0,281700000.0,2300700000.0,158300000.0,3700000.0,,140100000.0,3424400000.0,10063200000.0,-56200000.0,10292300000.0,13716700000.0,278400000.0,165400000.0,-44200000.0,261200000.0,,,,11900000.0,-57200000.0,-72900000.0,1022400000.0,,,2842800000.0,,,212800000.0,,,-872700000.0,,19000000.0,-729600000.0,-574900000.0,
2016-12-31,13487000000.0,,,,2731000000.0,,2289000000.0,68000000.0,2357000000.0,805000000.0,1553000000.0,2.56,2.55,607000000.0,610000000.0,2034000000.0,2264000000.0,2556000000.0,,419000000.0,,526000000.0,8600000000.0,,1311000000.0,2554000000.0,951000000.0,359000000.0,14262000000.0,175000000.0,315000000.0,306000000.0,2418000000.0,151000000.0,6000000.0,,162000000.0,3534000000.0,10478000000.0,-114000000.0,10728000000.0,14262000000.0,379000000.0,217000000.0,-91000000.0,330000000.0,,,,6000000.0,-38000000.0,54000000.0,1621000000.0,,,3541000000.0,,,300000000.0,,,-963000000.0,,24000000.0,-719000000.0,-91000000.0,
2017-03-31,3546000000.0,,,,686000000.0,,570000000.0,79000000.0,649000000.0,92000000.0,557000000.0,0.92,0.92,605000000.0,607000000.0,1308000000.0,1953000000.0,2644000000.0,,,,529000000.0,7842000000.0,,1306000000.0,2563000000.0,923000000.0,427000000.0,13629000000.0,189000000.0,296000000.0,397000000.0,2585000000.0,128000000.0,6000000.0,,155000000.0,3646000000.0,9935000000.0,-17000000.0,9983000000.0,13629000000.0,104000000.0,54000000.0,9000000.0,86000000.0,,,,13000000.0,67000000.0,-384000000.0,277000000.0,,,1248000000.0,,6000000.0,66000000.0,,,91000000.0,,,-1124000000.0,-726000000.0,
2017-06-30,7216000000.0,,,,1395000000.0,,1176000000.0,108000000.0,1284000000.0,257000000.0,1027000000.0,1.72,1.71,597000000.0,599000000.0,1157000000.0,1953000000.0,2680000000.0,,,,632000000.0,8099000000.0,,1284000000.0,2576000000.0,894000000.0,430000000.0,13938000000.0,179000000.0,262000000.0,337000000.0,2415000000.0,133000000.0,5000000.0,,155000000.0,3455000000.0,10316000000.0,33000000.0,10483000000.0,13938000000.0,207000000.0,109000000.0,8000000.0,103000000.0,,,,2000000.0,10000000.0,-289000000.0,798000000.0,1622000000.0,,1645000000.0,213000000.0,6000000.0,126000000.0,,,-298000000.0,,,-1421000000.0,-877000000.0,
2017-09-30,10982000000.0,,,,2069000000.0,,1824000000.0,118000000.0,1942000000.0,421000000.0,1522000000.0,2.56,2.55,594000000.0,596000000.0,1577000000.0,2075000000.0,2889000000.0,,,,552000000.0,8557000000.0,,1304000000.0,2608000000.0,957000000.0,428000000.0,14580000000.0,186000000.0,275000000.0,333000000.0,2600000000.0,114000000.0,5000000.0,,159000000.0,3601000000.0,10721000000.0,44000000.0,10979000000.0,14580000000.0,321000000.0,161000000.0,-46000000.0,284000000.0,,,,-5000000.0,-21000000.0,4000000.0,1571000000.0,2163000000.0,,2020000000.0,363000000.0,72000000.0,204000000.0,,,-422000000.0,,,-1652000000.0,-457000000.0,
2017-12-31,14810000000.0,,,,2769000000.0,,2481000000.0,174000000.0,2655000000.0,1153000000.0,1504000000.0,2.54,2.53,593000000.0,595000000.0,1925000000.0,1972000000.0,2865000000.0,,272000000.0,,833000000.0,9111000000.0,,1324000000.0,2704000000.0,981000000.0,448000000.0,15221000000.0,210000000.0,325000000.0,383000000.0,2839000000.0,104000000.0,146000000.0,584000000.0,181000000.0,4552000000.0,10544000000.0,70000000.0,10669000000.0,15221000000.0,443000000.0,221000000.0,124000000.0,249000000.0,,,,16000000.0,18000000.0,671000000.0,2407000000.0,3120000000.0,,2922000000.0,385000000.0,,284000000.0,,,-582000000.0,,,-1985000000.0,-109000000.0,
2018-03-31,3912000000.0,,,,711000000.0,,693000000.0,4000000.0,697000000.0,177000000.0,520000000.0,0.89,0.88,587000000.0,589000000.0,1440000000.0,2069000000.0,3145000000.0,,,,856000000.0,8990000000.0,,1333000000.0,2713000000.0,955000000.0,577000000.0,15045000000.0,293000000.0,333000000.0,360000000.0,2469000000.0,70000000.0,113000000.0,533000000.0,199000000.0,4057000000.0,10856000000.0,63000000.0,10988000000.0,15045000000.0,117000000.0,59000000.0,2000000.0,273000000.0,,,,86000000.0,-2000000.0,-393000000.0,388000000.0,300000000.0,,125000000.0,31000000.0,1000000.0,96000000.0,,,-227000000.0,,,-488000000.0,-326000000.0,
2018-06-30,7918000000.0,,,,1516000000.0,,1363000000.0,-47000000.0,1320000000.0,345000000.0,976000000.0,1.67,1.66,586000000.0,587000000.0,901000000.0,1862000000.0,3204000000.0,,,,852000000.0,8303000000.0,,1345000000.0,3036000000.0,1060000000.0,615000000.0,14806000000.0,217000000.0,322000000.0,308000000.0,2537000000.0,77000000.0,145000000.0,508000000.0,242000000.0,4158000000.0,10681000000.0,-94000000.0,10648000000.0,14806000000.0,240000000.0,130000000.0,51000000.0,330000000.0,,,,-3000000.0,-47000000.0,-230000000.0,1028000000.0,806000000.0,,559000000.0,318000000.0,478000000.0,187000000.0,,,-811000000.0,,,-1222000000.0,-1024000000.0,
2018-09-30,11996000000.0,,,,2250000000.0,,2108000000.0,-126000000.0,1982000000.0,530000000.0,1453000000.0,2.49,2.48,584000000.0,585000000.0,1339000000.0,1801000000.0,3187000000.0,,,,777000000.0,8727000000.0,,1362000000.0,3037000000.0,1021000000.0,643000000.0,15274000000.0,223000000.0,329000000.0,244000000.0,2693000000.0,72000000.0,157000000.0,490000000.0,260000000.0,4296000000.0,11041000000.0,-188000000.0,10978000000.0,15274000000.0,367000000.0,199000000.0,46000000.0,313000000.0,,,,-5000000.0,-116000000.0,-86000000.0,1890000000.0,1356000000.0,,1049000000.0,479000000.0,479000000.0,281000000.0,,,-1077000000.0,,,-1368000000.0,-586000000.0,
2018-12-31,16125000000.0,,,,3026000000.0,,2801000000.0,-4000000.0,2797000000.0,698000000.0,2101000000.0,3.61,3.6,582000000.0,584000000.0,1161000000.0,1760000000.0,3257000000.0,,259000000.0,,909000000.0,8677000000.0,,1394000000.0,3481000000.0,1150000000.0,689000000.0,15913000000.0,215000000.0,369000000.0,286000000.0,2777000000.0,62000000.0,183000000.0,478000000.0,253000000.0,4489000000.0,11485000000.0,-114000000.0,11424000000.0,15913000000.0,498000000.0,267000000.0,8000000.0,365000000.0,,,,-4000000.0,-86000000.0,56000000.0,2592000000.0,1630000000.0,,1285000000.0,513000000.0,,377000000.0,,,-1627000000.0,,,-1693000000.0,-764000000.0,
2019-03-31,4110000000.0,,,,873000000.0,,539000000.0,44000000.0,583000000.0,142000000.0,441000000.0,0.77,0.77,573000000.0,575000000.0,950000000.0,1361000000.0,3377000000.0,,,,838000000.0,7883000000.0,,1314000000.0,3638000000.0,1185000000.0,724000000.0,16096000000.0,262000000.0,359000000.0,340000000.0,2720000000.0,64000000.0,177000000.0,471000000.0,150000000.0,4960000000.0,11140000000.0,-74000000.0,11136000000.0,16096000000.0,133000000.0,66000000.0,-42000000.0,131000000.0,,,-90000000.0,49000000.0,56000000.0,-386000000.0,269000000.0,243000000.0,,314000000.0,31000000.0,197000000.0,106000000.0,,,356000000.0,,,-839000000.0,-211000000.0,
2019-06-30,8251000000.0,,,,1641000000.0,,1158000000.0,101000000.0,1259000000.0,309000000.0,950000000.0,1.67,1.67,569000000.0,570000000.0,1660000000.0,0.0,3386000000.0,,,,817000000.0,7206000000.0,,1337000000.0,3651000000.0,1161000000.0,767000000.0,15517000000.0,254000000.0,363000000.0,285000000.0,2824000000.0,63000000.0,44000000.0,471000000.0,161000000.0,4960000000.0,10583000000.0,-70000000.0,10557000000.0,15517000000.0,266000000.0,120000000.0,-180000000.0,129000000.0,,,-51000000.0,2000000.0,-2000000.0,-208000000.0,844000000.0,333000000.0,,1712000000.0,310000000.0,232000000.0,202000000.0,,,1623000000.0,,,-1976000000.0,499000000.0,
2019-09-30,12499000000.0,,,,2412000000.0,,1827000000.0,90000000.0,1917000000.0,469000000.0,1447000000.0,2.57,2.57,563000000.0,563000000.0,2343000000.0,0.0,3438000000.0,,,,876000000.0,7391000000.0,,1318000000.0,3694000000.0,1192000000.0,773000000.0,15844000000.0,246000000.0,366000000.0,265000000.0,2919000000.0,71000000.0,57000000.0,471000000.0,181000000.0,5142000000.0,10820000000.0,-159000000.0,10702000000.0,15844000000.0,393000000.0,172000000.0,-203000000.0,176000000.0,,,80000000.0,21000000.0,-14000000.0,-38000000.0,1561000000.0,333000000.0,,1712000000.0,460000000.0,378000000.0,299000000.0,,,1963000000.0,,,-2316000000.0,1182000000.0,
2019-12-31,16783000000.0,,,,2972000000.0,,2453000000.0,90000000.0,2543000000.0,643000000.0,1842000000.0,3.3,3.29,559000000.0,560000000.0,2645000000.0,0.0,3256000000.0,,550000000.0,,931000000.0,7611000000.0,,1309000000.0,3979000000.0,1041000000.0,736000000.0,16204000000.0,239000000.0,380000000.0,313000000.0,2983000000.0,23000000.0,35000000.0,478000000.0,218000000.0,5182000000.0,11022000000.0,-38000000.0,11022000000.0,16204000000.0,526000000.0,217000000.0,-306000000.0,-37000000.0,,,-159000000.0,8000000.0,56000000.0,-159000000.0,2499000000.0,333000000.0,,1712000000.0,483000000.0,617000000.0,392000000.0,,,1588000000.0,,,-2569000000.0,1484000000.0,
2020-03-31,4225000000.0,,,,711000000.0,,579000000.0,-69000000.0,510000000.0,142000000.0,367000000.0,0.67,0.67,546000000.0,546000000.0,3886000000.0,,3220000000.0,,,,823000000.0,8325000000.0,,1322000000.0,4014000000.0,1005000000.0,809000000.0,17429000000.0,289000000.0,384000000.0,354000000.0,2872000000.0,42000000.0,,478000000.0,229000000.0,6816000000.0,10831000000.0,-264000000.0,10613000000.0,17429000000.0,136000000.0,55000000.0,-19000000.0,-13000000.0,,,-26000000.0,44000000.0,59000000.0,-328000000.0,497000000.0,0.0,,,54000000.0,86000000.0,112000000.0,,,-272000000.0,,,1135000000.0,1241000000.0,
2020-06-30,8225000000.0,,,,1422000000.0,,1046000000.0,-41000000.0,1005000000.0,276000000.0,728000000.0,1.34,1.34,543000000.0,544000000.0,4422000000.0,,3208000000.0,,,,741000000.0,8531000000.0,,1345000000.0,4391000000.0,1026000000.0,823000000.0,18216000000.0,359000000.0,358000000.0,319000000.0,3212000000.0,46000000.0,,428000000.0,307000000.0,7244000000.0,11072000000.0,-188000000.0,10972000000.0,18216000000.0,273000000.0,120000000.0,-93000000.0,-78000000.0,,,-171000000.0,103000000.0,19000000.0,-110000000.0,1476000000.0,0.0,,,264000000.0,489000000.0,205000000.0,,,-531000000.0,,,964000000.0,1777000000.0,
2020-09-30,12468000000.0,,,,2226000000.0,,1649000000.0,21000000.0,1629000000.0,552000000.0,1076000000.0,1.98,1.98,543000000.0,543000000.0,4436000000.0,,3118000000.0,,,,926000000.0,8619000000.0,,1313000000.0,4931000000.0,1087000000.0,829000000.0,18787000000.0,420000000.0,333000000.0,285000000.0,3296000000.0,32000000.0,,428000000.0,349000000.0,7647000000.0,11142000000.0,-40000000.0,11140000000.0,18787000000.0,411000000.0,178000000.0,290000000.0,-212000000.0,,,-96000000.0,83000000.0,-36000000.0,-16000000.0,2401000000.0,0.0,,,446000000.0,1069000000.0,309000000.0,,,-1189000000.0,,,617000000.0,1791000000.0,
2020-12-31,16652000000.0,,,,3100000000.0,,2114000000.0,-18000000.0,2096000000.0,704000000.0,1392000000.0,2.58,2.57,540000000.0,541000000.0,2680000000.0,,3087000000.0,,239000000.0,,1040000000.0,6851000000.0,,1251000000.0,5031000000.0,1046000000.0,846000000.0,16923000000.0,389000000.0,461000000.0,383000000.0,3540000000.0,36000000.0,,428000000.0,368000000.0,6087000000.0,10689000000.0,110000000.0,10836000000.0,16923000000.0,559000000.0,232000000.0,184000000.0,-264000000.0,,,-73000000.0,109000000.0,65000000.0,302000000.0,3299000000.0,0.0,,0.0,531000000.0,1123000000.0,398000000.0,,,-1238000000.0,,,-2009000000.0,35000000.0,
2021-03-31,4401000000.0,,,,827000000.0,,669000000.0,-4000000.0,665000000.0,160000000.0,505000000.0,0.95,0.95,530000000.0,531000000.0,1973000000.0,,3232000000.0,,,,1205000000.0,6595000000.0,,1250000000.0,5219000000.0,1110000000.0,760000000.0,16660000000.0,349000000.0,376000000.0,403000000.0,3150000000.0,32000000.0,,428000000.0,334000000.0,5623000000.0,10907000000.0,81000000.0,11037000000.0,16660000000.0,141000000.0,62000000.0,122000000.0,131000000.0,,,36000000.0,61000000.0,15000000.0,-558000000.0,181000000.0,,,,150000000.0,310000000.0,88000000.0,,,-538000000.0,,,-340000000.0,-707000000.0,
2021-06-30,8986000000.0,,,,1708000000.0,,1365000000.0,-6000000.0,1359000000.0,344000000.0,1017000000.0,1.93,1.92,528000000.0,529000000.0,1368000000.0,,3419000000.0,,,,1182000000.0,6451000000.0,,1225000000.0,5457000000.0,1219000000.0,732000000.0,16829000000.0,351000000.0,308000000.0,356000000.0,3183000000.0,33000000.0,,378000000.0,313000000.0,5624000000.0,11086000000.0,82000000.0,11205000000.0,16829000000.0,286000000.0,129000000.0,119000000.0,279000000.0,,,-60000000.0,17000000.0,-34000000.0,-591000000.0,722000000.0,105000000.0,,,642000000.0,658000000.0,163000000.0,,,-1259000000.0,,,-768000000.0,-1312000000.0,
2021-09-30,13730000000.0,,,,2632000000.0,,2094000000.0,-4000000.0,2090000000.0,531000000.0,1561000000.0,2.96,2.96,527000000.0,528000000.0,1664000000.0,,3510000000.0,,,,1072000000.0,6995000000.0,,1179000000.0,5451000000.0,1198000000.0,705000000.0,17232000000.0,351000000.0,349000000.0,312000000.0,3319000000.0,37000000.0,,378000000.0,298000000.0,5686000000.0,11479000000.0,33000000.0,11546000000.0,17232000000.0,430000000.0,194000000.0,146000000.0,371000000.0,,,-257000000.0,-39000000.0,-75000000.0,-432000000.0,1670000000.0,400000000.0,,,1192000000.0,715000000.0,214000000.0,,,-1666000000.0,,,-1007000000.0,-1016000000.0,
2021-12-31,18507000000.0,,,,3503000000.0,,2826000000.0,1000000.0,2827000000.0,693000000.0,2137000000.0,4.06,4.05,527000000.0,528000000.0,1792000000.0,,3557000000.0,,186000000.0,,1066000000.0,7342000000.0,,1171000000.0,5620000000.0,1218000000.0,701000000.0,17852000000.0,361000000.0,395000000.0,403000000.0,3529000000.0,40000000.0,,378000000.0,287000000.0,5861000000.0,11922000000.0,37000000.0,11991000000.0,17852000000.0,574000000.0,246000000.0,27000000.0,407000000.0,,,-348000000.0,-35000000.0,19000000.0,-413000000.0,2495000000.0,430000000.0,,0.0,1660000000.0,970000000.0,279000000.0,,,-2164000000.0,,,-1203000000.0,-888000000.0,
2022-03-31,4826000000.0,,,,862000000.0,,724000000.0,5000000.0,729000000.0,170000000.0,563000000.0,1.07,1.07,524000000.0,525000000.0,2192000000.0,,3663000000.0,,,,1095000000.0,7077000000.0,,1171000000.0,5605000000.0,1167000000.0,708000000.0,17434000000.0,394000000.0,354000000.0,455000000.0,3186000000.0,23000000.0,,378000000.0,286000000.0,5461000000.0,11956000000.0,-19000000.0,11973000000.0,17434000000.0,143000000.0,56000000.0,70000000.0,117000000.0,,,73000000.0,35000000.0,36000000.0,-434000000.0,306000000.0,65000000.0,,,39000000.0,0.0,120000000.0,,,700000000.0,,,-600000000.0,400000000.0,
2022-06-30,9732000000.0,,,,1745000000.0,,1484000000.0,6000000.0,1490000000.0,354000000.0,1140000000.0,2.18,2.18,522000000.0,523000000.0,1768000000.0,,3785000000.0,,,,918000000.0,7023000000.0,,1121000000.0,5517000000.0,1101000000.0,673000000.0,17258000000.0,357000000.0,315000000.0,408000000.0,3153000000.0,24000000.0,,283000000.0,286000000.0,5308000000.0,12193000000.0,-269000000.0,11950000000.0,17258000000.0,287000000.0,145000000.0,-74000000.0,251000000.0,,,-131000000.0,-9000000.0,-8000000.0,-578000000.0,834000000.0,513000000.0,,,256000000.0,0.0,163000000.0,,,229000000.0,,,-1050000000.0,-24000000.0,
2022-09-30,14589000000.0,,,,2583000000.0,,2282000000.0,20000000.0,2302000000.0,537000000.0,1769000000.0,3.4,3.4,520000000.0,521000000.0,2042000000.0,,3686000000.0,,,,900000000.0,7317000000.0,,1105000000.0,5425000000.0,1038000000.0,638000000.0,17347000000.0,367000000.0,362000000.0,345000000.0,3223000000.0,17000000.0,,283000000.0,329000000.0,5389000000.0,12447000000.0,-511000000.0,11958000000.0,17347000000.0,428000000.0,203000000.0,-128000000.0,173000000.0,,,-261000000.0,-17000000.0,-77000000.0,-481000000.0,1866000000.0,1068000000.0,,,418000000.0,0.0,242000000.0,,,-28000000.0,,,-1508000000.0,250000000.0,
2022-12-31,19428000000.0,,,,3443000000.0,,2968000000.0,48000000.0,3016000000.0,730000000.0,2290000000.0,4.42,4.41,518000000.0,519000000.0,2191000000.0,,3796000000.0,,462000000.0,,969000000.0,7266000000.0,,1101000000.0,5710000000.0,1168000000.0,662000000.0,17852000000.0,360000000.0,357000000.0,398000000.0,3347000000.0,19000000.0,,283000000.0,362000000.0,5543000000.0,12588000000.0,-299000000.0,12309000000.0,17852000000.0,569000000.0,261000000.0,-273000000.0,238000000.0,,,-343000000.0,-11000000.0,-26000000.0,-392000000.0,2568000000.0,1227000000.0,,0.0,546000000.0,367000000.0,332000000.0,,,-106000000.0,,,-1939000000.0,502000000.0,
2023-03-31,4812000000.0,,,,835000000.0,,702000000.0,36000000.0,738000000.0,158000000.0,580000000.0,1.14,1.14,509000000.0,509000000.0,2458000000.0,,3718000000.0,,,,1029000000.0,7228000000.0,,1102000000.0,6040000000.0,1262000000.0,583000000.0,18147000000.0,332000000.0,372000000.0,469000000.0,3321000000.0,32000000.0,,283000000.0,317000000.0,5486000000.0,12856000000.0,-222000000.0,12661000000.0,18147000000.0,132000000.0,44000000.0,-16000000.0,-89000000.0,,,17000000.0,-26000000.0,71000000.0,-155000000.0,729000000.0,0.0,,0.0,26000000.0,409000000.0,98000000.0,,,-215000000.0,,,-350000000.0,164000000.0,
2023-06-30,9698000000.0,,,,1665000000.0,,1279000000.0,46000000.0,1325000000.0,282000000.0,1043000000.0,2.05,2.05,508000000.0,508000000.0,2055000000.0,,3755000000.0,,,,1101000000.0,6951000000.0,,1087000000.0,6065000000.0,1228000000.0,661000000.0,17967000000.0,318000000.0,412000000.0,380000000.0,3056000000.0,30000000.0,,157000000.0,315000000.0,5064000000.0,13022000000.0,-141000000.0,12903000000.0,17967000000.0,273000000.0,86000000.0,-113000000.0,-50000000.0,,,96000000.0,-40000000.0,-20000000.0,-447000000.0,765000000.0,0.0,,0.0,199000000.0,409000000.0,166000000.0,,,-300000000.0,,,-704000000.0,-239000000.0,
2023-09-30,14595000000.0,,,,2466000000.0,,1965000000.0,73000000.0,2038000000.0,473000000.0,1568000000.0,3.1,3.09,506000000.0,507000000.0,2204000000.0,,3807000000.0,,,,952000000.0,7127000000.0,,1048000000.0,6013000000.0,1174000000.0,632000000.0,18079000000.0,325000000.0,464000000.0,302000000.0,3191000000.0,34000000.0,,157000000.0,347000000.0,5197000000.0,13146000000.0,-285000000.0,12882000000.0,18079000000.0,419000000.0,133000000.0,-287000000.0,14000000.0,,,-142000000.0,-35000000.0,-93000000.0,-297000000.0,1593000000.0,59000000.0,,0.0,399000000.0,409000000.0,239000000.0,,,-499000000.0,,,-1154000000.0,-90000000.0,
2023-12-31,19353000000.0,,,,3252000000.0,,2689000000.0,98000000.0,2787000000.0,668000000.0,2126000000.0,4.21,4.21,505000000.0,505000000.0,2621000000.0,,3849000000.0,,767000000.0,,1022000000.0,7506000000.0,,1048000000.0,6085000000.0,1149000000.0,656000000.0,18483000000.0,337000000.0,500000000.0,385000000.0,3333000000.0,42000000.0,,157000000.0,369000000.0,5256000000.0,13301000000.0,-94000000.0,13227000000.0,18483000000.0,555000000.0,176000000.0,-339000000.0,43000000.0,,,-123000000.0,-23000000.0,-4000000.0,-242000000.0,2330000000.0,59000000.0,,0.0,379000000.0,409000000.0,317000000.0,,,-331000000.0,,,-1609000000.0,423000000.0,
2024-03-31,4760000000.0,,,,765000000.0,,695000000.0,27000000.0,722000000.0,179000000.0,546000000.0,1.1,1.1,497000000.0,498000000.0,2231000000.0,,3822000000.0,,,,1021000000.0,7086000000.0,,1036000000.0,6393000000.0,1171000000.0,1057000000.0,18408000000.0,291000000.0,464000000.0,449000000.0,3012000000.0,36000000.0,,157000000.0,411000000.0,4918000000.0,13621000000.0,-156000000.0,13490000000.0,18408000000.0,133000000.0,42000000.0,-26000000.0,-39000000.0,,,347000000.0,-47000000.0,50000000.0,-327000000.0,95000000.0,,,,0.0,421000000.0,79000000.0,,,-238000000.0,,,-304000000.0,-486000000.0,
2024-06-30,9610000000.0,,,,1546000000.0,,1403000000.0,47000000.0,1450000000.0,344000000.0,1112000000.0,2.24,2.23,497000000.0,498000000.0,2193000000.0,,3973000000.0,,,,1067000000.0,7245000000.0,,1009000000.0,6395000000.0,1129000000.0,1068000000.0,18580000000.0,298000000.0,465000000.0,391000000.0,2946000000.0,29000000.0,,0.0,448000000.0,4682000000.0,14028000000.0,-150000000.0,13898000000.0,18580000000.0,266000000.0,90000000.0,-125000000.0,121000000.0,,,355000000.0,-34000000.0,-14000000.0,-493000000.0,357000000.0,,,,1000000.0,421000000.0,158000000.0,,,-317000000.0,,,-525000000.0,-524000000.0,
2024-09-30,14654000000.0,,,,2379000000.0,,2141000000.0,57000000.0,2198000000.0,514000000.0,1694000000.0,3.41,3.41,497000000.0,497000000.0,2013000000.0,,4206000000.0,,,,1317000000.0,7548000000.0,,1001000000.0,7132000000.0,1681000000.0,1034000000.0,20164000000.0,304000000.0,507000000.0,355000000.0,3388000000.0,28000000.0,,0.0,440000000.0,5712000000.0,14347000000.0,42000000.0,14452000000.0,20164000000.0,399000000.0,134000000.0,-202000000.0,166000000.0,,,512000000.0,-29000000.0,-56000000.0,-81000000.0,1204000000.0,0.0,,,1000000.0,1615000000.0,214000000.0,,,-1567000000.0,,,-313000000.0,-704000000.0,
