Date,Net sales,Cost of sales,Gross margin,Research and development,"Selling, general and administrative",Total operating expenses,Operating income,"Other income/(expense), net",Income before provision for income taxes,Provision for income taxes,Net income,Earnings per share basic,Earnings per share diluted,Weighted-average basic,Weighted-average diluted,Cash and cash equivalents,Short-term marketable securities,"Accounts receivable, net",Inventories,Deferred tax assets,Vendor non-trade receivables,Other current assets,Total current assets,Long-term marketable securities,"Property, Plant and Equipment, Net",Goodwill,"Acquired intangible assets, net","Other Assets, Noncurrent",Total assets,accounts payable,Accrued expenses,Deferred revenue,Total current liabilities,Deferred revenue - non-current,deferred tax liabilities,long term taxes payable,Total other non-current liabilities,Total liabilities,Retained Earnings (Accumulated Deficit),Accumulated other comprehensive (loss)/income,Total shareholders equity,Total liabilities and shareholders' equity,"Depreciation, amortization and accretion",Stock-based compensation expense,Deferred income tax expense,"Increase (Decrease) in Accounts receivable, net",Increase (Decrease) in Inventories,Increase (Decrease) in Other Receivables,Increase (Decrease) in Other Operating Assets,Increase (Decrease) in Accounts Payable,Increase (Decrease) in Deferred Revenue,Increase (Decrease) Other liabilities,Cash generated by operating activities,Purchases of marketable securities,Proceeds from maturities of marketable securities,Proceeds from sales of marketable securities,Purchases of other long-term investments,"Business acquisitions, net of cash acquired",Cash payments for capital asset purchases,Payments for acquisition of intangible assets,Payments for (Proceeds from) Other Investing Activities,Cash used in investing activities,Proceeds from issuance of common stock,Excess tax benefits from stock-based compensation,Cash generated/used in financing activities,Increase/(decrease) in cash and cash equivalents,"Cash paid for income taxes, net"
2009-12-31,98729000000.0,78349000000.0,20380000000.0,,,13942000000.0,6438000000.0,,5913000000.0,2205000000.0,3696000000.0,2.58,2.55,1434000000.0,1450000000.0,1086000000.0,,5457000000.0,10343000000.0,506000000.0,,140000000.0,17537000000.0,,7923000000.0,25680000000.0,10127000000.0,374000000.0,61641000000.0,3560000000.0,3246000000.0,,12300000000.0,,3678000000.0,,1102000000.0,,16355000000.0,-135000000.0,35768000000.0,61641000000.0,,165000000.0,48000000.0,86000000.0,1199000000.0,,2000000.0,4000000.0,,38000000.0,4035000000.0,,,,,101000000.0,2548000000.0,,,-1069000000.0,,19000000.0,-3232000000.0,-266000000.0,
2010-03-31,23760000000.0,19014000000.0,4746000000.0,,,3336000000.0,1410000000.0,,1282000000.0,510000000.0,771000000.0,0.56,0.55,1386000000.0,1396000000.0,1047000000.0,,5149000000.0,10275000000.0,501000000.0,,179000000.0,17155000000.0,,8044000000.0,25674000000.0,10037000000.0,374000000.0,61284000000.0,4043000000.0,2898000000.0,,12337000000.0,,3655000000.0,,1108000000.0,,17004000000.0,-130000000.0,35694000000.0,61284000000.0,,37000000.0,2000000.0,-308000000.0,-68000000.0,,,-115000000.0,,6000000.0,1060000000.0,,,,,9000000.0,401000000.0,,,-397000000.0,,11000000.0,-702000000.0,-39000000.0,
2010-06-30,47767000000.0,38001000000.0,9766000000.0,,,6855000000.0,2911000000.0,,2648000000.0,1054000000.0,1592000000.0,1.16,1.15,1372000000.0,1381000000.0,1107000000.0,,5101000000.0,10389000000.0,498000000.0,,171000000.0,17270000000.0,,8248000000.0,25672000000.0,9949000000.0,385000000.0,61524000000.0,3867000000.0,2603000000.0,,11459000000.0,,3633000000.0,,1070000000.0,,17705000000.0,-133000000.0,35872000000.0,61524000000.0,,75000000.0,-20000000.0,-356000000.0,46000000.0,,4000000.0,-286000000.0,,-32000000.0,1712000000.0,,,,,25000000.0,866000000.0,,,-880000000.0,,13000000.0,-811000000.0,21000000.0,
2010-09-30,71641000000.0,56851000000.0,14790000000.0,,,10396000000.0,4394000000.0,,3995000000.0,1582000000.0,2401000000.0,1.75,1.74,1368000000.0,1378000000.0,979000000.0,,5111000000.0,10585000000.0,479000000.0,,181000000.0,17339000000.0,,8356000000.0,25673000000.0,9876000000.0,469000000.0,61713000000.0,4162000000.0,2664000000.0,,11674000000.0,,3653000000.0,,1061000000.0,,18396000000.0,-133000000.0,36637000000.0,61713000000.0,,112000000.0,43000000.0,-346000000.0,242000000.0,,-11000000.0,-112000000.0,,-41000000.0,3004000000.0,,,,,158000000.0,1379000000.0,,,-1388000000.0,,13000000.0,-1723000000.0,-107000000.0,
2010-12-31,96413000000.0,76156000000.0,20257000000.0,,,14092000000.0,6165000000.0,,5629000000.0,2190000000.0,3427000000.0,2.51,2.49,1367000000.0,1377000000.0,1427000000.0,,4925000000.0,10695000000.0,-3144000000.0,,144000000.0,17706000000.0,,8322000000.0,25669000000.0,9784000000.0,688000000.0,62169000000.0,4026000000.0,3070000000.0,,11070000000.0,,3655000000.0,,1058000000.0,,19303000000.0,-143000000.0,37700000000.0,62169000000.0,,150000000.0,30000000.0,-532000000.0,352000000.0,,,-40000000.0,,,4779000000.0,,,,,177000000.0,2005000000.0,,,-1640000000.0,,28000000.0,-2798000000.0,341000000.0,
2013-03-31,30763000000.0,25181000000.0,5582000000.0,,,3883000000.0,1699000000.0,,1573000000.0,617000000.0,,0.78,0.77,1232000000.0,1241000000.0,1551000000.0,,6635000000.0,10592000000.0,604000000.0,,340000000.0,19727000000.0,,8556000000.0,26575000000.0,9738000000.0,1472000000.0,66068000000.0,5506000000.0,3523000000.0,,13195000000.0,,3774000000.0,,1538000000.0,,25728000000.0,-182000000.0,,66068000000.0,,34000000.0,,113000000.0,-193000000.0,,135000000.0,-230000000.0,,,1640000000.0,,,,,254000000.0,318000000.0,,,-567000000.0,,13000000.0,-897000000.0,176000000.0,
2016-03-31,43215000000.0,36471000000.0,6744000000.0,,,4568000000.0,2176000000.0,,1893000000.0,746000000.0,,1.04,1.04,1092000000.0,1099000000.0,1779000000.0,,13025000000.0,13912000000.0,,,612000000.0,29413000000.0,,9862000000.0,38115000000.0,13750000000.0,1494000000.0,92634000000.0,7361000000.0,7444000000.0,,24537000000.0,,4232000000.0,,1567000000.0,,36182000000.0,-339000000.0,36025000000.0,92634000000.0,,57000000.0,,1131000000.0,-89000000.0,,52000000.0,798000000.0,,23000000.0,2412000000.0,36000000.0,,,,51000000.0,598000000.0,,,-633000000.0,,27000000.0,-2460000000.0,-680000000.0,
2016-06-30,86940000000.0,73181000000.0,13759000000.0,,,9233000000.0,4526000000.0,,3421000000.0,1350000000.0,,1.91,1.9,1081000000.0,1087000000.0,1127000000.0,,13183000000.0,14177000000.0,,,881000000.0,29448000000.0,,9981000000.0,38190000000.0,13639000000.0,1490000000.0,92748000000.0,7351000000.0,7244000000.0,,26569000000.0,,4260000000.0,,1553000000.0,,36647000000.0,-317000000.0,34760000000.0,92748000000.0,,107000000.0,,1279000000.0,167000000.0,,53000000.0,1164000000.0,,5000000.0,4023000000.0,39000000.0,,,,168000000.0,1102000000.0,,,-1231000000.0,,63000000.0,-4126000000.0,-1332000000.0,
2016-09-30,131555000000.0,110304000000.0,21251000000.0,,,13908000000.0,7343000000.0,,5884000000.0,2271000000.0,,3.34,3.32,1076000000.0,1082000000.0,2189000000.0,,13625000000.0,14348000000.0,,,703000000.0,30939000000.0,,9901000000.0,38214000000.0,13567000000.0,1535000000.0,94156000000.0,7584000000.0,8856000000.0,,26741000000.0,,4254000000.0,,1597000000.0,,37732000000.0,-319000000.0,35949000000.0,94156000000.0,,166000000.0,,1714000000.0,337000000.0,,86000000.0,1570000000.0,,49000000.0,7948000000.0,40000000.0,,,,333000000.0,1607000000.0,,,-1652000000.0,,72000000.0,-6568000000.0,-270000000.0,
2016-12-31,177526000000.0,148669000000.0,28857000000.0,,,18519000000.0,10338000000.0,,8637000000.0,3317000000.0,5317000000.0,4.93,4.9,1073000000.0,1079000000.0,3371000000.0,,12164000000.0,14760000000.0,,,660000000.0,31042000000.0,,10175000000.0,38249000000.0,13511000000.0,1485000000.0,94462000000.0,7946000000.0,6937000000.0,,26250000000.0,,4214000000.0,,1549000000.0,,38983000000.0,-305000000.0,36830000000.0,94462000000.0,,222000000.0,3000000.0,243000000.0,742000000.0,,43000000.0,2189000000.0,,2000000.0,10069000000.0,,,,,539000000.0,2224000000.0,,,-2470000000.0,,72000000.0,-6689000000.0,912000000.0,
2017-03-31,44514000000.0,37934000000.0,6580000000.0,,,4787000000.0,1793000000.0,,1534000000.0,572000000.0,952000000.0,0.92,0.92,1030000000.0,1035000000.0,2217000000.0,,12114000000.0,14306000000.0,,,735000000.0,29457000000.0,,10057000000.0,38263000000.0,13390000000.0,1503000000.0,92670000000.0,7344000000.0,8680000000.0,,27288000000.0,,4214000000.0,,1704000000.0,,39419000000.0,-296000000.0,33837000000.0,92670000000.0,,55000000.0,,-48000000.0,-456000000.0,,1000000.0,-539000000.0,,154000000.0,3533000000.0,,,,,110000000.0,457000000.0,,,-554000000.0,,-11000000.0,-4133000000.0,-1154000000.0,
2017-06-30,90199000000.0,76684000000.0,13515000000.0,,,9605000000.0,3910000000.0,,3397000000.0,1338000000.0,2050000000.0,1.99,1.98,1024000000.0,1029000000.0,2094000000.0,,12274000000.0,14271000000.0,,,690000000.0,29404000000.0,,10073000000.0,38130000000.0,13354000000.0,1564000000.0,92525000000.0,7874000000.0,8133000000.0,,26857000000.0,,4210000000.0,,1689000000.0,,40005000000.0,-306000000.0,34142000000.0,92525000000.0,1242000000.0,108000000.0,,114000000.0,-492000000.0,,38000000.0,180000000.0,,141000000.0,5532000000.0,,,,,315000000.0,888000000.0,,,-1174000000.0,,-60000000.0,-5635000000.0,-1277000000.0,1534000000.0
2017-09-30,136380000000.0,115739000000.0,20641000000.0,,,14232000000.0,6409000000.0,,5459000000.0,2115000000.0,3335000000.0,3.25,3.24,1022000000.0,1026000000.0,2485000000.0,,12440000000.0,14147000000.0,,,776000000.0,29923000000.0,,9914000000.0,38169000000.0,13303000000.0,1544000000.0,92853000000.0,7899000000.0,8404000000.0,,28513000000.0,,4442000000.0,,1644000000.0,,40779000000.0,-147000000.0,34863000000.0,92853000000.0,1857000000.0,173000000.0,,280000000.0,-620000000.0,,15000000.0,330000000.0,,71000000.0,8143000000.0,,,,,502000000.0,1412000000.0,,,-1608000000.0,,,-7421000000.0,-886000000.0,2040000000.0
2017-12-31,184765000000.0,156220000000.0,28545000000.0,,,19028000000.0,9517000000.0,,8268000000.0,1637000000.0,6622000000.0,6.47,6.44,1020000000.0,1024000000.0,1696000000.0,,13181000000.0,15296000000.0,,,945000000.0,31229000000.0,,10292000000.0,38451000000.0,13630000000.0,1529000000.0,95131000000.0,8863000000.0,6609000000.0,,30648000000.0,,2996000000.0,,1611000000.0,,43556000000.0,-165000000.0,37691000000.0,95131000000.0,2479000000.0,234000000.0,-1421000000.0,941000000.0,514000000.0,,-3000000.0,1710000000.0,,38000000.0,8007000000.0,,,,,1287000000.0,1918000000.0,,,-2932000000.0,,,-6751000000.0,-1675000000.0,2909000000.0
2018-03-31,45693000000.0,38834000000.0,6859000000.0,,,4913000000.0,1946000000.0,,1470000000.0,472000000.0,998000000.0,0.98,0.98,1016000000.0,1019000000.0,42023000000.0,,13964000000.0,14824000000.0,,,868000000.0,71798000000.0,,10144000000.0,38115000000.0,13388000000.0,1694000000.0,135139000000.0,7741000000.0,7724000000.0,71000000.0,30248000000.0,,3058000000.0,,1604000000.0,96462000000.0,44040000000.0,172000000.0,38673000000.0,135139000000.0,644000000.0,55000000.0,,857000000.0,-464000000.0,,113000000.0,-178000000.0,,-7000000.0,2355000000.0,,,,,368000000.0,482000000.0,,,-131000000.0,,,38140000000.0,40364000000.0,53000000.0
2018-06-30,92401000000.0,78341000000.0,14060000000.0,,,,-1587000000.0,,-2065000000.0,969000000.0,-2563000000.0,-2.52,-2.52,1018000000.0,1018000000.0,43815000000.0,,14158000000.0,14922000000.0,,,799000000.0,73790000000.0,,10249000000.0,34220000000.0,13322000000.0,1709000000.0,133290000000.0,8570000000.0,7640000000.0,72000000.0,31493000000.0,,3054000000.0,,1563000000.0,97679000000.0,40965000000.0,141000000.0,35607000000.0,133290000000.0,1291000000.0,110000000.0,,1059000000.0,-369000000.0,,129000000.0,1045000000.0,,-44000000.0,5289000000.0,,,,,573000000.0,912000000.0,,,-752000000.0,,,37620000000.0,42157000000.0,1351000000.0
2018-09-30,139670000000.0,118282000000.0,21388000000.0,,,,2712000000.0,,1899000000.0,1478000000.0,1390000000.0,1.36,1.36,1020000000.0,1022000000.0,41587000000.0,,14837000000.0,14818000000.0,,,634000000.0,71981000000.0,,10419000000.0,34216000000.0,13166000000.0,1724000000.0,131506000000.0,8813000000.0,6160000000.0,63000000.0,29460000000.0,,3052000000.0,,1625000000.0,94884000000.0,41843000000.0,129000000.0,36618000000.0,131506000000.0,1911000000.0,172000000.0,,1725000000.0,-472000000.0,,119000000.0,1839000000.0,,19000000.0,6386000000.0,,,,,656000000.0,1452000000.0,,,-1386000000.0,,,34927000000.0,39927000000.0,1911000000.0
2018-12-31,193919000000.0,156447000000.0,,,,190558000000.0,4021000000.0,,1406000000.0,2002000000.0,-594000000.0,-0.57,-0.57,1044000000.0,1044000000.0,4059000000.0,2359000000.0,17631000000.0,16450000000.0,1754000000.0,,4581000000.0,45243000000.0,12896000000.0,11349000000.0,78678000000.0,36524000000.0,5046000000.0,196456000000.0,,10711000000.0,67000000.0,44009000000.0,,,,2780000000.0,137913000000.0,40911000000.0,102000000.0,58225000000.0,196456000000.0,2718000000.0,280000000.0,23000000.0,1139000000.0,1153000000.0,,,2489000000.0,,165000000.0,8865000000.0,,,,,42226000000.0,2037000000.0,,-21000000.0,-43285000000.0,,,36819000000.0,2395000000.0,2383000000.0
2019-03-31,61397000000.0,37247000000.0,,,,58956000000.0,2690000000.0,,1939000000.0,512000000.0,,1.09,1.09,1298000000.0,1302000000.0,5896000000.0,,19509000000.0,15448000000.0,,,4578000000.0,47857000000.0,,11348000000.0,79075000000.0,35147000000.0,4865000000.0,219768000000.0,,10443000000.0,75000000.0,50631000000.0,,7540000000.0,,2616000000.0,159762000000.0,41859000000.0,433000000.0,59686000000.0,219768000000.0,1111000000.0,114000000.0,,-1989000000.0,1001000000.0,,-389000000.0,-22000000.0,,-11000000.0,1948000000.0,,,,,124000000.0,716000000.0,,10000000.0,-891000000.0,,,816000000.0,1873000000.0,-53000000.0
2019-06-30,124535000000.0,76217000000.0,,,,119055000000.0,6022000000.0,,4530000000.0,1172000000.0,3357000000.0,2.58,2.58,1301000000.0,1302000000.0,6063000000.0,,18174000000.0,15511000000.0,,,4691000000.0,46901000000.0,,11483000000.0,79485000000.0,34163000000.0,4763000000.0,218904000000.0,,10562000000.0,76000000.0,49376000000.0,,,,2528000000.0,157305000000.0,43136000000.0,684000000.0,61282000000.0,218904000000.0,2183000000.0,226000000.0,,681000000.0,-939000000.0,,314000000.0,917000000.0,,204000000.0,7286000000.0,,,,,250000000.0,1289000000.0,,-14000000.0,-1801000000.0,,,-3442000000.0,2043000000.0,1476000000.0
2019-09-30,189082000000.0,116654000000.0,,,,180937000000.0,8950000000.0,,6663000000.0,1776000000.0,4887000000.0,3.76,3.75,1302000000.0,1305000000.0,5193000000.0,,19789000000.0,16028000000.0,,,4841000000.0,48185000000.0,,11651000000.0,79548000000.0,33655000000.0,4385000000.0,220113000000.0,,11615000000.0,72000000.0,52544000000.0,,,,2178000000.0,157180000000.0,44017000000.0,950000000.0,62614000000.0,220113000000.0,3275000000.0,355000000.0,,2312000000.0,-413000000.0,,374000000.0,2330000000.0,,859000000.0,10214000000.0,,,4087000000.0,,361000000.0,1890000000.0,,-16000000.0,-2630000000.0,,,-6410000000.0,1174000000.0,2205000000.0
2019-12-31,256776000000.0,158719000000.0,,,,244789000000.0,11987000000.0,,8997000000.0,2366000000.0,6634000000.0,5.1,5.08,1301000000.0,1305000000.0,5683000000.0,,19617000000.0,17516000000.0,1845000000.0,,5113000000.0,50302000000.0,,,79749000000.0,33121000000.0,4600000000.0,222449000000.0,,12133000000.0,73000000.0,53303000000.0,,,,2162000000.0,158279000000.0,45108000000.0,1019000000.0,63864000000.0,222449000000.0,4371000000.0,453000000.0,-649000000.0,2158000000.0,1075000000.0,,614000000.0,3550000000.0,,1476000000.0,12848000000.0,,,4773000000.0,,444000000.0,2457000000.0,,-42000000.0,-3339000000.0,,,-7850000000.0,1659000000.0,2717000000.0
2020-03-31,66755000000.0,40347000000.0,,,,63297000000.0,3458000000.0,,2779000000.0,767000000.0,2007000000.0,1.54,1.53,1306000000.0,1312000000.0,10081000000.0,,23037000000.0,16976000000.0,,,6232000000.0,58958000000.0,,12146000000.0,79993000000.0,32727000000.0,4748000000.0,230639000000.0,,13574000000.0,85000000.0,59560000000.0,,,,2117000000.0,165165000000.0,46455000000.0,687000000.0,65140000000.0,230639000000.0,1086000000.0,96000000.0,,2715000000.0,-541000000.0,,1119000000.0,1928000000.0,,1372000000.0,3305000000.0,,,723000000.0,,613000000.0,742000000.0,,-5000000.0,-1597000000.0,,,2675000000.0,4383000000.0,65000000.0
2020-06-30,132096000000.0,80589000000.0,,,,123958000000.0,8138000000.0,,6739000000.0,1741000000.0,4982000000.0,3.81,3.79,1309000000.0,1314000000.0,14869000000.0,,22520000000.0,16519000000.0,,,6002000000.0,62506000000.0,,12221000000.0,80057000000.0,32225000000.0,4682000000.0,235495000000.0,,15634000000.0,78000000.0,63694000000.0,,,,2308000000.0,167140000000.0,48768000000.0,1213000000.0,68022000000.0,235495000000.0,2188000000.0,179000000.0,,2233000000.0,-1003000000.0,,560000000.0,1671000000.0,,3694000000.0,10424000000.0,,,2142000000.0,,768000000.0,1190000000.0,,-6000000.0,-2930000000.0,,,1697000000.0,9191000000.0,230000000.0
2020-09-30,199152000000.0,121529000000.0,,,,187765000000.0,11387000000.0,,8545000000.0,2328000000.0,6206000000.0,4.74,4.72,1310000000.0,1315000000.0,9256000000.0,,23816000000.0,17478000000.0,,,5830000000.0,59211000000.0,,12349000000.0,79579000000.0,31697000000.0,4569000000.0,232898000000.0,,14329000000.0,75000000.0,62044000000.0,,,,2520000000.0,163786000000.0,49328000000.0,1255000000.0,68807000000.0,232898000000.0,3302000000.0,288000000.0,,3564000000.0,-45000000.0,,211000000.0,3495000000.0,,2730000000.0,12298000000.0,,,2324000000.0,,828000000.0,1724000000.0,,-5000000.0,-4300000000.0,,,-4420000000.0,3578000000.0,2365000000.0
2020-12-31,268706000000.0,163981000000.0,,,,254795000000.0,13911000000.0,,9770000000.0,2569000000.0,7179000000.0,5.48,5.46,1309000000.0,1314000000.0,7854000000.0,,21742000000.0,18496000000.0,7774000000.0,,5277000000.0,56369000000.0,,12606000000.0,79552000000.0,31142000000.0,4624000000.0,230715000000.0,,14243000000.0,71000000.0,62017000000.0,,,,2351000000.0,161014000000.0,49640000000.0,1414000000.0,69389000000.0,230715000000.0,4441000000.0,400000000.0,-564000000.0,1510000000.0,973000000.0,,-364000000.0,2769000000.0,,2740000000.0,15865000000.0,,,3913000000.0,,866000000.0,2437000000.0,,0.0,-5534000000.0,,,-8155000000.0,2176000000.0,2929000000.0
2021-03-31,69097000000.0,40894000000.0,,,,65520000000.0,3577000000.0,,2970000000.0,746000000.0,2223000000.0,1.69,1.68,1313000000.0,1322000000.0,5598000000.0,,23855000000.0,17618000000.0,,,5458000000.0,55719000000.0,,12611000000.0,79552000000.0,30639000000.0,4826000000.0,229606000000.0,,14312000000.0,80000000.0,60104000000.0,,,,2309000000.0,158442000000.0,51203000000.0,1022000000.0,70850000000.0,229606000000.0,1126000000.0,87000000.0,,2093000000.0,-879000000.0,,223000000.0,576000000.0,,188000000.0,2892000000.0,,,1348000000.0,,84000000.0,829000000.0,,0.0,-1867000000.0,,,-3244000000.0,-2219000000.0,44000000.0
2021-06-30,141713000000.0,84414000000.0,,,,133810000000.0,7903000000.0,,6705000000.0,1690000000.0,5006000000.0,3.8,3.78,1319000000.0,1327000000.0,7119000000.0,,24164000000.0,16979000000.0,,,5291000000.0,56559000000.0,,12664000000.0,79552000000.0,30080000000.0,4817000000.0,231164000000.0,,14827000000.0,79000000.0,59311000000.0,,,,2314000000.0,157599000000.0,53331000000.0,1170000000.0,73244000000.0,231164000000.0,2263000000.0,232000000.0,,2384000000.0,-1517000000.0,,145000000.0,1702000000.0,,805000000.0,8739000000.0,,,2267000000.0,,108000000.0,1315000000.0,,-72000000.0,-2974000000.0,,,-6558000000.0,-793000000.0,1552000000.0
2021-09-30,215507000000.0,129425000000.0,,,,204543000000.0,10964000000.0,,8850000000.0,2248000000.0,6604000000.0,5.01,4.98,1321000000.0,1329000000.0,9826000000.0,,25283000000.0,17399000000.0,,,5319000000.0,60842000000.0,,12771000000.0,79121000000.0,29545000000.0,4694000000.0,234891000000.0,,16140000000.0,78000000.0,64709000000.0,,,,2310000000.0,160273000000.0,54264000000.0,1077000000.0,74308000000.0,234891000000.0,3397000000.0,346000000.0,,3504000000.0,-1097000000.0,,32000000.0,3973000000.0,,1884000000.0,14260000000.0,,,2935000000.0,,135000000.0,1923000000.0,,-95000000.0,-3821000000.0,,,-8525000000.0,1914000000.0,2397000000.0
2021-12-31,292111000000.0,175803000000.0,,,,278918000000.0,13193000000.0,,10420000000.0,2522000000.0,7910000000.0,6.0,5.95,1319000000.0,1329000000.0,9408000000.0,,24431000000.0,17760000000.0,7497000000.0,,5292000000.0,60008000000.0,,12896000000.0,79121000000.0,29026000000.0,4714000000.0,232999000000.0,,17670000000.0,87000000.0,67807000000.0,,,,1904000000.0,157618000000.0,54906000000.0,965000000.0,75075000000.0,232999000000.0,4512000000.0,484000000.0,-428000000.0,2703000000.0,-735000000.0,,3000000.0,2898000000.0,,2852000000.0,18265000000.0,,,3572000000.0,,146000000.0,2520000000.0,,-122000000.0,-5261000000.0,,,-11356000000.0,1648000000.0,3195000000.0
2022-03-31,76826000000.0,45509000000.0,,,,73336000000.0,3490000000.0,,2946000000.0,633000000.0,2312000000.0,1.76,1.74,1312000000.0,1328000000.0,8442000000.0,,26451000000.0,18160000000.0,,,5530000000.0,61483000000.0,,12844000000.0,79060000000.0,28543000000.0,4877000000.0,232873000000.0,,16619000000.0,80000000.0,69780000000.0,,,,2242000000.0,158733000000.0,56488000000.0,-190000000.0,73830000000.0,232873000000.0,1055000000.0,89000000.0,,1967000000.0,400000000.0,,352000000.0,1974000000.0,,-440000000.0,3563000000.0,,,1911000000.0,,7000000.0,1051000000.0,,31000000.0,-1993000000.0,,,-2650000000.0,-1080000000.0,96000000.0
2022-06-30,157462000000.0,94799000000.0,,,,149403000000.0,8059000000.0,,6975000000.0,1701000000.0,5263000000.0,4.01,3.97,1313000000.0,1325000000.0,12116000000.0,,27233000000.0,17375000000.0,,,2541000000.0,62142000000.0,,12764000000.0,78560000000.0,28135000000.0,4852000000.0,230279000000.0,,17728000000.0,80000000.0,68457000000.0,,,,2140000000.0,154773000000.0,58710000000.0,-988000000.0,75184000000.0,230279000000.0,2142000000.0,236000000.0,,2687000000.0,-469000000.0,,325000000.0,2033000000.0,,903000000.0,9006000000.0,,,2963000000.0,,125000000.0,1459000000.0,,-54000000.0,-4123000000.0,,,-5111000000.0,-228000000.0,1887000000.0
2022-09-30,238621000000.0,145164000000.0,,,,234493000000.0,4128000000.0,,-4456000000.0,-1047000000.0,-3416000000.0,-2.6,-2.6,1315000000.0,1324000000.0,17197000000.0,,26317000000.0,18058000000.0,,,2479000000.0,68341000000.0,,12626000000.0,78086000000.0,25157000000.0,4849000000.0,231212000000.0,,19423000000.0,74000000.0,72409000000.0,,,,6769000000.0,160201000000.0,54571000000.0,-1609000000.0,70683000000.0,231212000000.0,3198000000.0,341000000.0,,2009000000.0,415000000.0,,311000000.0,3350000000.0,,7377000000.0,18129000000.0,,,3556000000.0,,131000000.0,2039000000.0,,-74000000.0,-4928000000.0,,,-8329000000.0,4872000000.0,3070000000.0
2022-12-31,322467000000.0,196892000000.0,,,,314721000000.0,7746000000.0,,5628000000.0,1463000000.0,4149000000.0,3.16,3.14,1312000000.0,1323000000.0,12945000000.0,,27276000000.0,19090000000.0,8121000000.0,,2685000000.0,65682000000.0,,12873000000.0,78150000000.0,24754000000.0,4620000000.0,228275000000.0,,18745000000.0,71000000.0,69736000000.0,,,,6732000000.0,156960000000.0,56145000000.0,-1465000000.0,71015000000.0,228275000000.0,4247000000.0,447000000.0,-2075000000.0,2971000000.0,1435000000.0,,566000000.0,4260000000.0,,6468000000.0,16177000000.0,,,4243000000.0,,139000000.0,2727000000.0,,-85000000.0,-5047000000.0,,,-10516000000.0,614000000.0,4116000000.0
2023-03-31,85278000000.0,51455000000.0,,,,81832000000.0,3446000000.0,,2879000000.0,737000000.0,2136000000.0,1.66,1.65,1283000000.0,1291000000.0,14618000000.0,,28331000000.0,18263000000.0,,,3767000000.0,68706000000.0,,12872000000.0,84057000000.0,26368000000.0,4824000000.0,239330000000.0,,21515000000.0,136000000.0,75054000000.0,,,,6671000000.0,167750000000.0,57753000000.0,-875000000.0,71382000000.0,239330000000.0,1001000000.0,103000000.0,,751000000.0,-828000000.0,,1255000000.0,-1203000000.0,,2036000000.0,7438000000.0,,,1341000000.0,,7094000000.0,984000000.0,,-31000000.0,-8514000000.0,,,2726000000.0,1650000000.0,75000000.0
2023-06-30,174199000000.0,104991000000.0,,,,167519000000.0,6680000000.0,,5449000000.0,1393000000.0,4037000000.0,3.15,3.13,1283000000.0,1289000000.0,13807000000.0,,29546000000.0,17291000000.0,,,3412000000.0,67756000000.0,,13001000000.0,91260000000.0,30118000000.0,4852000000.0,250071000000.0,,22831000000.0,161000000.0,79206000000.0,,,,6321000000.0,177069000000.0,58868000000.0,-858000000.0,72726000000.0,250071000000.0,2105000000.0,307000000.0,,804000000.0,-1800000000.0,,913000000.0,-118000000.0,,2492000000.0,13346000000.0,,,2332000000.0,,16474000000.0,1575000000.0,,-32000000.0,-18876000000.0,,,6352000000.0,822000000.0,1779000000.0
2023-09-30,263963000000.0,159679000000.0,,,,253593000000.0,10370000000.0,,8468000000.0,2147000000.0,6298000000.0,4.9,4.88,1287000000.0,1290000000.0,13043000000.0,,32927000000.0,17954000000.0,,,3074000000.0,70143000000.0,,13022000000.0,91261000000.0,29624000000.0,4825000000.0,251306000000.0,,22571000000.0,167000000.0,81553000000.0,,,,6237000000.0,176796000000.0,60343000000.0,-1004000000.0,74337000000.0,251306000000.0,3232000000.0,461000000.0,,3920000000.0,-1305000000.0,,518000000.0,2466000000.0,,2047000000.0,16062000000.0,,,3503000000.0,,16492000000.0,2120000000.0,,-43000000.0,-19647000000.0,,,3655000000.0,70000000.0,2616000000.0
2023-12-31,357776000000.0,217098000000.0,,,,344033000000.0,13743000000.0,,11173000000.0,2805000000.0,8344000000.0,6.49,6.47,1285000000.0,1290000000.0,8196000000.0,,35227000000.0,18025000000.0,8002000000.0,,3151000000.0,67858000000.0,,,91272000000.0,29234000000.0,4660000000.0,249728000000.0,,22189000000.0,149000000.0,79189000000.0,,,,6211000000.0,173092000000.0,61604000000.0,-297000000.0,76461000000.0,249728000000.0,4366000000.0,588000000.0,-676000000.0,6260000000.0,-1233000000.0,,510000000.0,3618000000.0,,1540000000.0,13426000000.0,,,5031000000.0,,16612000000.0,3031000000.0,,-68000000.0,-20889000000.0,,,2683000000.0,-4780000000.0,3524000000.0
2024-03-31,88437000000.0,48073000000.0,,,,86166000000.0,2271000000.0,,1580000000.0,456000000.0,1113000000.0,0.88,0.88,1260000000.0,1267000000.0,9801000000.0,,32217000000.0,16346000000.0,,,5821000000.0,67473000000.0,,,91272000000.0,28770000000.0,4801000000.0,249743000000.0,,22350000000.0,117000000.0,83319000000.0,,,,6205000000.0,175593000000.0,61873000000.0,-341000000.0,73968000000.0,249743000000.0,1138000000.0,137000000.0,,-3008000000.0,-1660000000.0,,2836000000.0,-1410000000.0,,46000000.0,4903000000.0,,,1265000000.0,,25000000.0,705000000.0,,-28000000.0,-2094000000.0,,,-1227000000.0,1582000000.0,63000000.0
2024-06-30,179671000000.0,98071000000.0,,,,174355000000.0,5316000000.0,,3917000000.0,1025000000.0,2883000000.0,2.29,2.28,1258000000.0,1263000000.0,12507000000.0,,32385000000.0,16068000000.0,,,5237000000.0,69952000000.0,,,91272000000.0,28311000000.0,4798000000.0,252481000000.0,,21163000000.0,128000000.0,81386000000.0,,,,5526000000.0,177370000000.0,62797000000.0,-319000000.0,74930000000.0,252481000000.0,2289000000.0,270000000.0,,-2798000000.0,-1937000000.0,,2241000000.0,1191000000.0,,-2384000000.0,7992000000.0,,,2881000000.0,,73000000.0,1343000000.0,,-60000000.0,-3719000000.0,,,22000000.0,4295000000.0,729000000.0
2024-09-30,275099000000.0,151019000000.0,,,,268951000000.0,6148000000.0,,4022000000.0,1059000000.0,2970000000.0,2.36,2.35,1259000000.0,1262000000.0,6875000000.0,,36179000000.0,17649000000.0,,,3835000000.0,67343000000.0,,,91272000000.0,27817000000.0,4763000000.0,252427000000.0,,20174000000.0,174000000.0,84627000000.0,,,,5484000000.0,177321000000.0,62038000000.0,209000000.0,74944000000.0,252427000000.0,3450000000.0,403000000.0,,986000000.0,-355000000.0,,850000000.0,2169000000.0,,-3063000000.0,7247000000.0,,,5203000000.0,,85000000.0,2013000000.0,,-75000000.0,-7066000000.0,,,-1566000000.0,-1385000000.0,1429000000.0
