Date,Net sales,Cost of sales,Gross margin,Research and development,"Selling, general and administrative",Total operating expenses,Operating income,"Other income/(expense), net",Income before provision for income taxes,Provision for income taxes,Net income,Earnings per share basic,Earnings per share diluted,Weighted-average basic,Weighted-average diluted,Cash and cash equivalents,Short-term marketable securities,"Accounts receivable, net",Inventories,Deferred tax assets,Vendor non-trade receivables,Other current assets,Total current assets,Long-term marketable securities,"Property, Plant and Equipment, Net",Goodwill,"Acquired intangible assets, net","Other Assets, Noncurrent",Total assets,accounts payable,Accrued expenses,Deferred revenue,Total current liabilities,Deferred revenue - non-current,deferred tax liabilities,long term taxes payable,Total other non-current liabilities,Total liabilities,Retained Earnings (Accumulated Deficit),Accumulated other comprehensive (loss)/income,Total shareholders equity,Total liabilities and shareholders' equity,"Depreciation, amortization and accretion",Stock-based compensation expense,Deferred income tax expense,"Increase (Decrease) in Accounts receivable, net",Increase (Decrease) in Inventories,Increase (Decrease) in Other Receivables,Increase (Decrease) in Other Operating Assets,Increase (Decrease) in Accounts Payable,Increase (Decrease) in Deferred Revenue,Increase (Decrease) Other liabilities,Cash generated by operating activities,Purchases of marketable securities,Proceeds from maturities of marketable securities,Proceeds from sales of marketable securities,Purchases of other long-term investments,"Business acquisitions, net of cash acquired",Cash payments for capital asset purchases,Payments for acquisition of intangible assets,Payments for (Proceeds from) Other Investing Activities,Cash used in investing activities,Proceeds from issuance of common stock,Excess tax benefits from stock-based compensation,Cash generated/used in financing activities,Increase/(decrease) in cash and cash equivalents,"Cash paid for income taxes, net"
2014-09-30,230336000.0,,,,,182723000.0,11105000.0,,-2869000.0,1195000.0,-4064000.0,-0.16,-0.16,26075022.0,26075022.0,91129000.0,,9005000.0,7357000.0,,,,119436000.0,,441919000.0,104734000.0,,9716000.0,1169383000.0,9548000.0,,,75376000.0,,130873000.0,,6654000.0,1005390000.0,-3488000.0,1607000.0,163993000.0,1169383000.0,13786000.0,,1190000.0,563000.0,135000.0,,,1040000.0,,,18499000.0,,,,,,4565000.0,,,50995000.0,,,-8178000.0,,
2014-12-31,410272000.0,,,,,339478000.0,17555000.0,,-12554000.0,1768000.0,-14425000.0,,,,29901405.0,87604000.0,,7112000.0,7234000.0,90777000.0,,,117493000.0,,456139000.0,66826000.0,,10031000.0,1175330000.0,12184000.0,,,91844000.0,,144439000.0,,8595000.0,1023708000.0,-14425000.0,87000.0,151622000.0,1175330000.0,28643000.0,,1583000.0,-358000.0,12000.0,,,1811000.0,,,33879000.0,,,,,,10564000.0,,,38140000.0,,,-14228000.0,,
2015-03-31,182809000.0,,,,,154766000.0,12084000.0,,-5148000.0,1016000.0,-6164000.0,-0.13,,46494638.0,,71913000.0,,5608000.0,7149000.0,,,,101971000.0,,449754000.0,66826000.0,,9513000.0,1150452000.0,9776000.0,,,74698000.0,,145073000.0,,8542000.0,1004404000.0,-20589000.0,87000.0,146048000.0,1150452000.0,14469000.0,,634000.0,-1438000.0,-85000.0,,,-2655000.0,,,-5876000.0,,,,,,7495000.0,,,-9812000.0,,,-3000.0,,
2015-06-30,381165000.0,,,,,315196000.0,35143000.0,,5827000.0,2048000.0,4795000.0,0.1,0.1,46516614.0,46657618.0,88627000.0,,8505000.0,6950000.0,,,,122619000.0,,447891000.0,66826000.0,,9852000.0,1169003000.0,10942000.0,,,90287000.0,,145946000.0,,8342000.0,1017929000.0,-15794000.0,87000.0,,1169003000.0,28500000.0,,1242000.0,1722000.0,-284000.0,,,-1438000.0,,,19161000.0,,,,,,17863000.0,,,-18111000.0,,,-27000.0,,
2015-09-30,533624000.0,,,,,476806000.0,59235000.0,,8499000.0,4469000.0,5399000.0,0.12,0.12,46516614.0,46763589.0,48751000.0,,9146000.0,7165000.0,,,,132338000.0,,442221000.0,66826000.0,,7204000.0,1168945000.0,13020000.0,,,69967000.0,,147645000.0,,8228000.0,1012138000.0,-10395000.0,87000.0,,1168945000.0,42454000.0,,3206000.0,2137000.0,-69000.0,,,642000.0,,,20528000.0,,,,,,24414000.0,,,-78312000.0,,,18931000.0,,
2015-12-31,719784000.0,,,,,,72516000.0,,44603000.0,-69580000.0,114183000.0,2.45,2.43,46550042.0,47008980.0,78278000.0,,9981000.0,11742000.0,78842000.0,,,116179000.0,,625416000.0,66826000.0,,6954000.0,1325008000.0,17005000.0,,,105710000.0,,78797000.0,,8121000.0,1054341000.0,99758000.0,12000.0,270667000.0,1325008000.0,,,-70773000.0,-2955000.0,71000.0,,,178000.0,,,56715000.0,,,,,,36762000.0,,,-158754000.0,,,92713000.0,,
2016-03-31,213566000.0,,,,,,18263000.0,,5206000.0,1836000.0,3370000.0,0.07,0.07,46933094.0,47534761.0,44099000.0,,9534000.0,11319000.0,,,,85962000.0,,618121000.0,66826000.0,,6783000.0,1286068000.0,20691000.0,,,95853000.0,,80392000.0,,8069000.0,1011112000.0,103128000.0,12000.0,,1286068000.0,,,,-302000.0,-423000.0,,,3591000.0,,,10853000.0,,,,,,10624000.0,,,-8673000.0,,,-36359000.0,,
2016-06-30,444881000.0,,,,,,47917000.0,,21976000.0,7816000.0,14160000.0,0.3,0.3,47071608.0,47721075.0,37105000.0,,14524000.0,11696000.0,,,,80937000.0,,615011000.0,66826000.0,,6777000.0,1274685000.0,23031000.0,,,105650000.0,,86093000.0,,7110000.0,988242000.0,113918000.0,12000.0,,1274685000.0,,,,4872000.0,-46000.0,,,2414000.0,,,48656000.0,,,,,,20345000.0,,,-15432000.0,,,-74397000.0,,
2016-09-30,686446000.0,,,,,,76026000.0,,37496000.0,13654000.0,23842000.0,0.51,0.5,47193120.0,47834644.0,44609000.0,,17061000.0,11477000.0,,,,91938000.0,,609795000.0,66826000.0,,6390000.0,1278874000.0,22701000.0,,,97635000.0,,91229000.0,,7001000.0,981977000.0,123600000.0,12000.0,,1278874000.0,,,,7388000.0,-265000.0,,,3735000.0,,,72250000.0,,,,,,32949000.0,,,-27203000.0,,,-78716000.0,,
2016-12-31,892896000.0,,,,,54037000.0,89118000.0,,38046000.0,13244000.0,24802000.0,0.53,0.52,47033311.0,47701562.0,61029000.0,,14694000.0,11055000.0,66286000.0,,,101753000.0,,612342000.0,66826000.0,487498000.0,10120000.0,1294044000.0,21576000.0,,,102040000.0,,90385000.0,,7287000.0,995593000.0,124560000.0,12000.0,,1294044000.0,,,11344000.0,4874000.0,-687000.0,,,3183000.0,,,97570000.0,,,,,,47380000.0,,,-41148000.0,,,-73671000.0,,
2017-03-31,200925000.0,,,,,,14149000.0,,1479000.0,458000.0,1021000.0,0.02,0.02,47120751.0,48081281.0,44574000.0,,8829000.0,11306000.0,,,,80686000.0,,605734000.0,66826000.0,487020000.0,13504000.0,1645803000.0,16369000.0,,,85695000.0,,90730000.0,,7104000.0,1344343000.0,125581000.0,12000.0,,1645803000.0,,,,-5647000.0,251000.0,,,-5551000.0,,,5535000.0,,,,,,6206000.0,,,-383072000.0,,,361082000.0,,
2017-06-30,556105000.0,,,,,,-32116000.0,,-86960000.0,-39677000.0,-46328000.0,-0.79,-0.79,67453095.0,68469191.0,103624000.0,17437000.0,21862000.0,17067000.0,,,,362569000.0,,1455811000.0,746482000.0,956690000.0,17314000.0,3557940000.0,30547000.0,,,252360000.0,,239510000.0,,30123000.0,2733016000.0,79253000.0,12000.0,824924000.0,3557940000.0,,,,-4037000.0,630000.0,,,,,,3525000.0,,,,,1343659000.0,29824000.0,,,-1373383000.0,,,1412453000.0,42595000.0,
2017-09-30,1000978000.0,,,,,,78924000.0,,-45772000.0,-27625000.0,29554000.0,0.38,0.38,76902070.0,77959689.0,134903000.0,17461000.0,33129000.0,16505000.0,,,,400974000.0,,1446354000.0,746482000.0,954962000.0,18416000.0,3585257000.0,28328000.0,,,225075000.0,,251978000.0,,30215000.0,2731322000.0,108806000.0,12000.0,853935000.0,3585257000.0,,,,6939000.0,-17000.0,,,,,,71831000.0,,,,,1343659000.0,53181000.0,,,-1394972000.0,,,1397015000.0,73874000.0,
2017-12-31,1473504000.0,,,,,95913000.0,94869000.0,,-43330000.0,-117270000.0,73940000.0,1.1,1.09,67133531.0,68102814.0,134596000.0,17631000.0,45797000.0,16870000.0,99052000.0,,,251032000.0,,1502817000.0,747106000.0,996816000.0,30632000.0,3546472000.0,34778000.0,,,219059000.0,,164130000.0,,28579000.0,2601346000.0,198500000.0,79000.0,945126000.0,3546472000.0,,,-113064000.0,19110000.0,-105000.0,,,,,,130241000.0,,,,,,83522000.0,,,-1407775000.0,,,1351101000.0,73567000.0,
2018-03-31,440192000.0,,,,,,54194000.0,,22943000.0,2088000.0,20855000.0,0.27,0.27,77353730.0,78080049.0,183138000.0,17236000.0,33738000.0,15210000.0,,,,475309000.0,,1396286000.0,719255000.0,917110000.0,30230000.0,3552220000.0,28354000.0,,,217290000.0,,167595000.0,,18594000.0,2593589000.0,215827000.0,79000.0,958631000.0,3552220000.0,,,,-9491000.0,154000.0,,,,,,78007000.0,,,,,,21271000.0,,,-21121000.0,,,-7976000.0,48910000.0,186000.0
2018-06-30,896994000.0,,,,,759098000.0,131608000.0,,68952000.0,11301000.0,57651000.0,0.74,0.74,77458584.0,78258629.0,202016000.0,17066000.0,34808000.0,14847000.0,,,,505403000.0,,1400088000.0,719254000.0,915936000.0,45035000.0,3599746000.0,28949000.0,,,217692000.0,,176607000.0,,17975000.0,2603023000.0,252623000.0,79000.0,996723000.0,3599746000.0,,,,-7507000.0,-198000.0,,,,,,148504000.0,,,,,,55181000.0,,,-69341000.0,,,-10326000.0,68837000.0,-3829000.0
2018-09-30,1384247000.0,,,,,1155318000.0,223377000.0,,126636000.0,31281000.0,95355000.0,1.23,1.22,77522664.0,78283588.0,164086000.0,17057000.0,42002000.0,15258000.0,,,,426208000.0,,1488866000.0,788146000.0,1121573000.0,30401000.0,4477174000.0,33307000.0,,,261936000.0,,194490000.0,,17163000.0,3441023000.0,290326000.0,79000.0,1036151000.0,4477174000.0,,,,441000.0,-380000.0,,,,,,263448000.0,,,,,,89082000.0,,,-395134000.0,,,763651000.0,631965000.0,-3953000.0
2018-12-31,2056007000.0,,,,,1729014000.0,310103000.0,,135622000.0,40387000.0,95235000.0,1.23,1.22,77458902.0,78282101.0,230752000.0,16957000.0,60169000.0,20595000.0,196163000.0,,,573196000.0,,2882606000.0,1008316000.0,1362006000.0,85338000.0,5911462000.0,58524000.0,,,402177000.0,,200010000.0,,59014000.0,4882309000.0,290206000.0,1000.0,1029153000.0,5911462000.0,,,33825000.0,-6104000.0,-596000.0,,,,,,323280000.0,,,,,,147415000.0,,,-1268229000.0,,,1043891000.0,98942000.0,4134000.0
2019-03-31,635823000.0,,,,,533248000.0,123604000.0,,48634000.0,10405000.0,38229000.0,0.49,0.49,77567147.0,78589110.0,216883000.0,16899000.0,65604000.0,20775000.0,,,,382990000.0,,2870120000.0,1008316000.0,1354364000.0,366488000.0,6114518000.0,89932000.0,,,389344000.0,,204022000.0,,438232000.0,5051254000.0,323691000.0,1000.0,1063264000.0,6114518000.0,,,,3933000.0,,,,,,,65440000.0,,,,,,38360000.0,,,129505000.0,,,-209826000.0,-14881000.0,38898000.0
2019-06-30,1272944000.0,,,,,1058939000.0,226154000.0,,77988000.0,20823000.0,57165000.0,0.74,0.73,77682759.0,78725289.0,183139000.0,22679000.0,60059000.0,19016000.0,,,,702638000.0,,2713805000.0,967397000.0,1219378000.0,347402000.0,6082002000.0,56413000.0,,,383240000.0,,192128000.0,,437452000.0,4996483000.0,342627000.0,1000.0,1085519000.0,6082002000.0,,,-6671000.0,3786000.0,,,,,,,127858000.0,,,,,,97114000.0,,,75480000.0,,,-253204000.0,-49866000.0,38210000.0
2019-09-30,1936125000.0,,,,,1582972000.0,351061000.0,,133112000.0,38900000.0,94220000.0,1.21,1.2,77721353.0,78588517.0,208831000.0,20433000.0,48150000.0,17684000.0,,,,963539000.0,,2635111000.0,909717000.0,1118855000.0,78879000.0,6081241000.0,50024000.0,,,414971000.0,,224877000.0,,166381000.0,4954463000.0,379682000.0,1000.0,1126778000.0,6081241000.0,,,26080000.0,-10147000.0,,,,,,,260083000.0,,,,,,135016000.0,,,38492000.0,,,-323404000.0,-24829000.0,43053000.0
2019-12-31,2528249000.0,,,,,2080752000.0,409973000.0,,124978000.0,43977000.0,81001000.0,1.04,1.03,77677265.0,78593819.0,206317000.0,34634000.0,53899000.0,18379000.0,252988000.0,,,604643000.0,,2614524000.0,909717000.0,1111398000.0,76224000.0,5640553000.0,61951000.0,,,688446000.0,,197266000.0,,165600000.0,4523296000.0,366463000.0,377000.0,1117257000.0,5640553000.0,,,-1647000.0,-4586000.0,,,,,,,312526000.0,,,,,,170766000.0,,,369540000.0,,,-712179000.0,-30113000.0,51131000.0
2020-03-31,473069000.0,,,,,588161000.0,-123180000.0,,-212810000.0,-37200000.0,-175638000.0,-2.25,-2.25,77954038.0,77954038.0,671747000.0,31385000.0,43693000.0,17070000.0,,,,1242406000.0,,2455332000.0,810187000.0,1063169000.0,54291000.0,5891172000.0,46514000.0,,,771008000.0,,158134000.0,,168559000.0,4950963000.0,190825000.0,377000.0,940209000.0,5891172000.0,,,,-8603000.0,,,,,,,30524000.0,,,,,,23201000.0,,,-13089000.0,,,447739000.0,465174000.0,-16141000.0
2020-06-30,599539000.0,,,,,778746000.0,-201507000.0,,-346467000.0,-70833000.0,-275634000.0,-3.49,-3.49,80053676.0,80053676.0,950483000.0,36071000.0,44305000.0,17369000.0,,,,1534737000.0,,2418687000.0,810187000.0,1056429000.0,65918000.0,6148447000.0,40079000.0,,,476002000.0,,,,166452000.0,4531998000.0,90829000.0,377000.0,1616449000.0,6148447000.0,,,,-6391000.0,,,,,,,-80463000.0,,,,,,41014000.0,,,-41399000.0,772392000.0,,862711000.0,740849000.0,-17352000.0
2020-09-30,1977000000.0,,,,,2331000000.0,-354000000.0,-782000000.0,-1136000000.0,135000000.0,-1202000000.0,-11.56,-11.56,152000000.0,152000000.0,1037000000.0,,385000000.0,49000000.0,,,,6298000000.0,,14630000000.0,9450000000.0,4466000000.0,1224000000.0,36239000000.0,274000000.0,,,2470000000.0,,,,1549000000.0,32850000000.0,,,3370000000.0,36239000000.0,322000000.0,,,,,,,,,,-220000000.0,,,,,6374000000.0,94000000.0,,,-6258000000.0,772000000.0,,9943000000.0,3484000000.0,19000000.0
2020-12-31,3474000000.0,,,,,3911000000.0,-437000000.0,-1195000000.0,-1632000000.0,126000000.0,-1757000000.0,-13.5,-13.5,130000000.0,130000000.0,1758000000.0,,338000000.0,44000000.0,,,,6667000000.0,,14333000000.0,9723000000.0,4253000000.0,1236000000.0,36385000000.0,165000000.0,297000000.0,251000000.0,2585000000.0,,,,1232000000.0,31351000000.0,-1391000000.0,34000000.0,5016000000.0,36385000000.0,583000000.0,,,70000000.0,,,,,,,-582000000.0,,,,,6394000000.0,163000000.0,,-6000000.0,-6179000000.0,2718000000.0,,10641000000.0,3999000000.0,-7000000.0
2021-03-31,1699000000.0,,,,,1513000000.0,186000000.0,-696000000.0,-510000000.0,-79000000.0,-423000000.0,-2.03,-2.03,208000000.0,208000000.0,1794000000.0,,324000000.0,41000000.0,,,,6562000000.0,,14083000000.0,9729000000.0,4235000000.0,1147000000.0,36019000000.0,148000000.0,,,2504000000.0,,,,1357000000.0,31389000000.0,,,4613000000.0,36019000000.0,265000000.0,,,,,,,,,,45000000.0,,,,,,65000000.0,,,-25000000.0,,,-30000000.0,38000000.0,-1000000.0
2021-06-30,4294000000.0,,,,,3488000000.0,806000000.0,-1201000000.0,-395000000.0,-77000000.0,-352000000.0,-1.68,-1.68,209000000.0,211000000.0,1128000000.0,,395000000.0,41000000.0,,,,6316000000.0,,14393000000.0,11238000000.0,5173000000.0,1170000000.0,38816000000.0,217000000.0,,,5452000000.0,,,,846000000.0,33654000000.0,,,5134000000.0,38816000000.0,566000000.0,,,,,,,,,,672000000.0,,,,,2042000000.0,177000000.0,,,-1980000000.0,0.0,,-429000000.0,-2110000000.0,0.0
2021-09-30,6979000000.0,,,,,5641000000.0,1338000000.0,-2050000000.0,-712000000.0,-167000000.0,-585000000.0,-2.78,-2.78,214000000.0,214000000.0,1072000000.0,,438000000.0,45000000.0,,,,5925000000.0,,14529000000.0,10967000000.0,5253000000.0,2085000000.0,38962000000.0,340000000.0,,,4978000000.0,,,,970000000.0,34009000000.0,,,4890000000.0,38962000000.0,842000000.0,,,,,,,,,,974000000.0,,,,,,313000000.0,,,-1231000000.0,0.0,,-259000000.0,-1392000000.0,-6000000.0
2021-12-31,9570000000.0,,,,,8110000000.0,1460000000.0,-2729000000.0,-1269000000.0,-283000000.0,-1019000000.0,-4.83,-4.83,211000000.0,211000000.0,1070000000.0,,472000000.0,42000000.0,,,,5964000000.0,,,11076000000.0,4920000000.0,1312000000.0,38031000000.0,254000000.0,308000000.0,614000000.0,5297000000.0,,,,936000000.0,33490000000.0,-2410000000.0,36000000.0,4480000000.0,38031000000.0,1126000000.0,,,135000000.0,,,,,,,1199000000.0,,,,,,520000000.0,,0.0,-1448000000.0,3000000.0,,-1141000000.0,-2259000000.0,9000000.0
2022-03-31,2292000000.0,,,,,2302000000.0,-10000000.0,-548000000.0,-558000000.0,-107000000.0,-680000000.0,-3.18,-3.18,214000000.0,214000000.0,814000000.0,,450000000.0,44000000.0,,,,5120000000.0,,14637000000.0,11082000000.0,4863000000.0,1274000000.0,37073000000.0,528000000.0,,,5145000000.0,,,,929000000.0,33227000000.0,,,3785000000.0,37073000000.0,300000000.0,,,,,,,,,,-246000000.0,,,,,,210000000.0,,6000000.0,-159000000.0,,,-37000000.0,-503000000.0,6000000.0
2022-06-30,5113000000.0,,,,,4521000000.0,602000000.0,-1062000000.0,-470000000.0,-55000000.0,-803000000.0,-3.75,-3.75,214000000.0,215000000.0,997000000.0,,494000000.0,47000000.0,,,,4900000000.0,,14606000000.0,11082000000.0,4812000000.0,1174000000.0,36670000000.0,323000000.0,,,4897000000.0,,,,891000000.0,32959000000.0,,,3649000000.0,36670000000.0,606000000.0,,,,,,,,,,116000000.0,,,,,0.0,471000000.0,,,-313000000.0,,,-151000000.0,-477000000.0,14000000.0
2022-09-30,8000000000.0,,,,,6749000000.0,1251000000.0,-1660000000.0,-409000000.0,-47000000.0,-751000000.0,-3.5,-3.5,214000000.0,215000000.0,944000000.0,,506000000.0,46000000.0,,,,1936000000.0,,14592000000.0,11082000000.0,4779000000.0,1109000000.0,33594000000.0,300000000.0,,,2426000000.0,,,,872000000.0,29702000000.0,,,3838000000.0,33594000000.0,910000000.0,,,,,,,,,,469000000.0,,,,,,717000000.0,,,-550000000.0,,,-1038000000.0,-780000000.0,18000000.0
2022-12-31,10821000000.0,,,,,9082000000.0,1739000000.0,-2304000000.0,-565000000.0,-41000000.0,-899000000.0,-4.19,-4.19,214000000.0,214000000.0,1038000000.0,,611000000.0,59000000.0,,,,2102000000.0,,,11004000000.0,4714000000.0,1015000000.0,33527000000.0,314000000.0,391000000.0,747000000.0,2668000000.0,,,,852000000.0,29776000000.0,-3309000000.0,92000000.0,3713000000.0,33527000000.0,1205000000.0,,,143000000.0,,,,,,,993000000.0,,,,,,952000000.0,11000000.0,6000000.0,-768000000.0,1000000.0,,-1282000000.0,-718000000.0,22000000.0
2023-03-31,2830000000.0,,,,,2227000000.0,603000000.0,-788000000.0,-185000000.0,-49000000.0,-136000000.0,-0.63,-0.63,215000000.0,215000000.0,965000000.0,,543000000.0,57000000.0,,,,2011000000.0,,,11004000000.0,4678000000.0,957000000.0,33349000000.0,285000000.0,,,2377000000.0,,,,854000000.0,29714000000.0,,,3597000000.0,33349000000.0,300000000.0,,,,,,,,,,174000000.0,,,,,,272000000.0,,-40000000.0,-231000000.0,,,-23000000.0,-80000000.0,2000000.0
2023-06-30,5709000000.0,,,,,4497000000.0,1212000000.0,-1371000000.0,-159000000.0,-951000000.0,920000000.0,4.27,4.26,215000000.0,216000000.0,1122000000.0,,526000000.0,53000000.0,,,,2127000000.0,,,11004000000.0,4661000000.0,916000000.0,33478000000.0,299000000.0,,,2717000000.0,,,,860000000.0,28811000000.0,,,4545000000.0,33478000000.0,623000000.0,,-951000000.0,-23000000.0,,,,,,,953000000.0,,,,,,573000000.0,15000000.0,-40000000.0,-544000000.0,,,-385000000.0,24000000.0,11000000.0
2023-09-30,8703000000.0,,,,,6767000000.0,1936000000.0,-1956000000.0,139000000.0,-904000000.0,858000000.0,3.99,3.97,215000000.0,216000000.0,841000000.0,,555000000.0,45000000.0,,,,1860000000.0,,,11004000000.0,4640000000.0,884000000.0,33229000000.0,371000000.0,,,2561000000.0,,,,872000000.0,28487000000.0,,,4604000000.0,33229000000.0,943000000.0,,-904000000.0,17000000.0,,,,,,,1301000000.0,,,,,,895000000.0,30000000.0,-40000000.0,-881000000.0,,,-708000000.0,-288000000.0,23000000.0
2023-12-31,11528000000.0,,,,,9056000000.0,2472000000.0,-2532000000.0,-60000000.0,-888000000.0,786000000.0,3.65,3.64,215000000.0,216000000.0,1005000000.0,,608000000.0,46000000.0,,,,2045000000.0,,,10990000000.0,4523000000.0,848000000.0,33366000000.0,408000000.0,342000000.0,749000000.0,2690000000.0,,,,871000000.0,28646000000.0,-2523000000.0,97000000.0,4552000000.0,33366000000.0,1261000000.0,,,82000000.0,,,,,,,1809000000.0,,,,,,1264000000.0,30000000.0,-36000000.0,-1256000000.0,0.0,,-713000000.0,-160000000.0,26000000.0
2024-03-31,2742000000.0,,,,,2257000000.0,485000000.0,-612000000.0,-127000000.0,15000000.0,-158000000.0,-0.73,-0.73,216000000.0,216000000.0,726000000.0,,551000000.0,44000000.0,,,,1737000000.0,,,10990000000.0,4487000000.0,837000000.0,33059000000.0,439000000.0,,,2535000000.0,,,,860000000.0,28471000000.0,,,4404000000.0,33059000000.0,327000000.0,,,-47000000.0,,,,,,,80000000.0,,,,,,264000000.0,,0.0,-264000000.0,,,-94000000.0,-278000000.0,3000000.0
2024-06-30,5572000000.0,,,,,4581000000.0,991000000.0,-1210000000.0,-219000000.0,25000000.0,-280000000.0,-1.29,-1.29,216000000.0,216000000.0,830000000.0,,546000000.0,45000000.0,,,,1823000000.0,,,10949000000.0,4403000000.0,838000000.0,33084000000.0,436000000.0,,,2611000000.0,,,,872000000.0,28589000000.0,,,4305000000.0,33084000000.0,653000000.0,,,-42000000.0,,,,,,,534000000.0,,,,,,593000000.0,0.0,0.0,-592000000.0,,,-126000000.0,-184000000.0,20000000.0
2024-09-30,8446000000.0,,,,,6811000000.0,1635000000.0,-1802000000.0,,68000000.0,-289000000.0,-1.34,-1.34,216000000.0,216000000.0,802000000.0,,469000000.0,43000000.0,,,,1900000000.0,,,10949000000.0,4211000000.0,827000000.0,32969000000.0,268000000.0,,,2267000000.0,,,,879000000.0,28585000000.0,,,4178000000.0,32969000000.0,979000000.0,,,-109000000.0,,,,,,,766000000.0,,,,,,1017000000.0,15000000.0,0.0,-979000000.0,,,-4000000.0,-217000000.0,37000000.0
