Date,Net sales,Cost of sales,Gross margin,Research and development,"Selling, general and administrative",Total operating expenses,Operating income,"Other income/(expense), net",Income before provision for income taxes,Provision for income taxes,Net income,Earnings per share basic,Earnings per share diluted,Weighted-average basic,Weighted-average diluted,Cash and cash equivalents,Short-term marketable securities,"Accounts receivable, net",Inventories,Deferred tax assets,Vendor non-trade receivables,Other current assets,Total current assets,Long-term marketable securities,"Property, Plant and Equipment, Net",Goodwill,"Acquired intangible assets, net","Other Assets, Noncurrent",Total assets,accounts payable,Accrued expenses,Deferred revenue,Total current liabilities,Deferred revenue - non-current,deferred tax liabilities,long term taxes payable,Total other non-current liabilities,Total liabilities,Retained Earnings (Accumulated Deficit),Accumulated other comprehensive (loss)/income,Total shareholders equity,Total liabilities and shareholders' equity,"Depreciation, amortization and accretion",Stock-based compensation expense,Deferred income tax expense,"Increase (Decrease) in Accounts receivable, net",Increase (Decrease) in Inventories,Increase (Decrease) in Other Receivables,Increase (Decrease) in Other Operating Assets,Increase (Decrease) in Accounts Payable,Increase (Decrease) in Deferred Revenue,Increase (Decrease) Other liabilities,Cash generated by operating activities,Purchases of marketable securities,Proceeds from maturities of marketable securities,Proceeds from sales of marketable securities,Purchases of other long-term investments,"Business acquisitions, net of cash acquired",Cash payments for capital asset purchases,Payments for acquisition of intangible assets,Payments for (Proceeds from) Other Investing Activities,Cash used in investing activities,Proceeds from issuance of common stock,Excess tax benefits from stock-based compensation,Cash generated/used in financing activities,Increase/(decrease) in cash and cash equivalents,"Cash paid for income taxes, net"
2010-09-30,,,,,,22043000000.0,1923000000.0,-1335000000.0,588000000.0,14000000.0,574000000.0,0.69,0.68,,,3436000000.0,,,,167000000.0,,,7321000000.0,,20184000000.0,9794000000.0,,1088000000.0,43153000000.0,1661000000.0,,,11820000000.0,,1734000000.0,,1522000000.0,,-9271000000.0,-3716000000.0,715000000.0,43153000000.0,,,,,,,,,,,2514000000.0,,,,98000000.0,,,,16000000.0,-1357000000.0,,,-2328000000.0,-1171000000.0,
2011-12-31,35115000000.0,,,,,33140000000.0,1975000000.0,-1206000000.0,769000000.0,-85000000.0,854000000.0,1.02,1.01,838000000.0,844000000.0,2657000000.0,,,,-1567000000.0,,,7729000000.0,,20223000000.0,9794000000.0,4751000000.0,1002000000.0,43499000000.0,1600000000.0,,,12701000000.0,,,,1419000000.0,,-8398000000.0,-6766000000.0,-1396000000.0,43499000000.0,,72000000.0,-2000000.0,76000000.0,,,,,,,2834000000.0,,,,,,,66500000.0,10000000.0,-1498000000.0,,,-1571000000.0,-235000000.0,
2012-03-31,8413000000.0,,,,,8031000000.0,382000000.0,-255000000.0,127000000.0,3000000.0,124000000.0,0.15,0.15,843000000.0,847000000.0,2911000000.0,,,,408000000.0,,,8299000000.0,,20332000000.0,9794000000.0,4733000000.0,1031000000.0,44189000000.0,1998000000.0,,,13646000000.0,,,,1489000000.0,,-8274000000.0,-6518000000.0,-1011000000.0,44189000000.0,,,,,,,,,,,831000000.0,,,,,,,,32000000.0,-349000000.0,,,-228000000.0,254000000.0,
2012-06-30,18145000000.0,,,,,17629000000.0,516000000.0,-553000000.0,-164000000.0,7000000.0,-168000000.0,-0.2,-0.2,845000000.0,845000000.0,2539000000.0,,,,488000000.0,,,8457000000.0,,20609000000.0,9794000000.0,4716000000.0,1144000000.0,44720000000.0,2175000000.0,,,14693000000.0,,,,1606000000.0,,-8442000000.0,-6490000000.0,-1135000000.0,44720000000.0,,,,,,,,,,,1463000000.0,,,,,,,,32000000.0,-1001000000.0,,,-580000000.0,-118000000.0,
2012-09-30,28068000000.0,,,,,26244000000.0,1824000000.0,-810000000.0,1052000000.0,11000000.0,1047000000.0,1.24,1.23,846000000.0,850000000.0,2274000000.0,,,,465000000.0,,,8163000000.0,,20599000000.0,9794000000.0,4697000000.0,1099000000.0,44352000000.0,2325000000.0,,,13224000000.0,,,,1711000000.0,,-7395000000.0,-6464000000.0,-48000000.0,44352000000.0,,,,,,,,,,,1926000000.0,,,,,,,,37000000.0,-1429000000.0,,,-880000000.0,-383000000.0,
2012-12-31,36670000000.0,,,,,34495000000.0,2175000000.0,-1150000000.0,1025000000.0,16000000.0,1009000000.0,1.2,1.19,845000000.0,850000000.0,2416000000.0,,,,-1584000000.0,,,8272000000.0,,20713000000.0,9794000000.0,4679000000.0,1092000000.0,44550000000.0,2293000000.0,,,13270000000.0,,,,1649000000.0,,-7389000000.0,-8577000000.0,-2131000000.0,44550000000.0,,54000000.0,17000000.0,116000000.0,451000000.0,,,,,,2476000000.0,,,,,,,,55000000.0,-1962000000.0,,,-755000000.0,-241000000.0,
2013-03-31,8500000000.0,,,,,8278000000.0,222000000.0,-219000000.0,3000000.0,-4000000.0,7000000.0,0.01,0.01,848000000.0,855000000.0,2636000000.0,,,,463000000.0,,,8641000000.0,,20793000000.0,9794000000.0,4709000000.0,1131000000.0,45068000000.0,2405000000.0,,,14068000000.0,,,,1694000000.0,,-7382000000.0,-8426000000.0,-1943000000.0,45068000000.0,,,,,,,,,,,1004000000.0,,,,,,,,29000000.0,-630000000.0,,,-154000000.0,220000000.0,
2013-06-30,18207000000.0,,,,,17071000000.0,1136000000.0,-447000000.0,689000000.0,-3000000.0,692000000.0,0.81,0.81,850000000.0,859000000.0,2965000000.0,,,,451000000.0,,,8895000000.0,,21049000000.0,9794000000.0,4692000000.0,1342000000.0,45772000000.0,2571000000.0,,,14775000000.0,,,,1680000000.0,,-6748000000.0,-8331000000.0,-1184000000.0,45772000000.0,,,,,,,,,,,2212000000.0,,,,,,985000000.0,,-21000000.0,-1191000000.0,,,-472000000.0,549000000.0,
2013-09-30,28697000000.0,,,,,25998000000.0,2699000000.0,-647000000.0,2052000000.0,-9000000.0,2061000000.0,2.42,2.4,851000000.0,861000000.0,3018000000.0,,,,405000000.0,,,8951000000.0,,21297000000.0,9794000000.0,4675000000.0,1280000000.0,45997000000.0,2592000000.0,,,14134000000.0,,1993000000.0,,1709000000.0,,-5379000000.0,-8324000000.0,137000000.0,45997000000.0,,,,,,,,,,,3373000000.0,,,,,,1616000000.0,,-18000000.0,-1808000000.0,,,-963000000.0,602000000.0,
2013-12-31,37773000000.0,,,,,34373000000.0,3400000000.0,-873000000.0,2527000000.0,-8013000000.0,10540000000.0,12.41,12.29,849000000.0,858000000.0,2844000000.0,,,,6728000000.0,,,9651000000.0,,21854000000.0,9794000000.0,4658000000.0,1303000000.0,52252000000.0,2300000000.0,,,14152000000.0,,0.0,,1711000000.0,,3049000000.0,-5130000000.0,11643000000.0,52252000000.0,1658000000.0,90000000.0,-7991000000.0,-90000000.0,87000000.0,,,,,,4504000000.0,,,,,,2568000000.0,,-14000000.0,-2756000000.0,,,-1320000000.0,428000000.0,
2014-03-31,8916000000.0,,,,,8296000000.0,620000000.0,-285000000.0,335000000.0,122000000.0,213000000.0,0.25,0.25,844000000.0,853000000.0,2699000000.0,,,,1764000000.0,,,9746000000.0,,21972000000.0,9794000000.0,4642000000.0,1159000000.0,52167000000.0,2341000000.0,,,15010000000.0,,,,1712000000.0,,3211000000.0,-5139000000.0,11641000000.0,52167000000.0,,,1900000000.0,,,,,,,,951000000.0,,,,,,614000000.0,,-40000000.0,-563000000.0,,,-533000000.0,-145000000.0,
2014-06-30,19537000000.0,,,,,17338000000.0,2199000000.0,-566000000.0,1633000000.0,619000000.0,1014000000.0,1.2,1.19,843000000.0,852000000.0,3362000000.0,,,,2029000000.0,,,10517000000.0,,22048000000.0,9794000000.0,4625000000.0,1105000000.0,52191000000.0,2536000000.0,,,15209000000.0,,,,1735000000.0,,3962000000.0,-5137000000.0,12203000000.0,52191000000.0,,,1900000000.0,,,,,,,,3007000000.0,,,,,,1132000000.0,,-37000000.0,-842000000.0,,,-1647000000.0,518000000.0,
2014-09-30,30715000000.0,,,,,27681000000.0,3034000000.0,-822000000.0,2212000000.0,841000000.0,1371000000.0,1.63,1.61,840000000.0,849000000.0,2510000000.0,,,,2187000000.0,,,10995000000.0,,21722000000.0,9794000000.0,4614000000.0,1119000000.0,51940000000.0,2577000000.0,,,14813000000.0,,,,1946000000.0,,4244000000.0,-5100000000.0,12296000000.0,51940000000.0,,,1900000000.0,,,,,,,,4365000000.0,,,,,,1589000000.0,,-58000000.0,-2425000000.0,,,-2274000000.0,-334000000.0,
2014-12-31,40362000000.0,,,,,38156000000.0,2206000000.0,-1134000000.0,1072000000.0,413000000.0,659000000.0,0.79,0.78,836000000.0,845000000.0,2088000000.0,,,,7595000000.0,,,12465000000.0,,21929000000.0,9794000000.0,4603000000.0,1010000000.0,54121000000.0,2622000000.0,,,16879000000.0,,,,2128000000.0,,3456000000.0,-7311000000.0,8813000000.0,54121000000.0,,81000000.0,414000000.0,302000000.0,-172000000.0,,,,,,4947000000.0,,,,,,2249000000.0,,-48000000.0,-2463000000.0,,,-3240000000.0,-756000000.0,
2015-03-31,9388000000.0,,,,,7990000000.0,1398000000.0,-212000000.0,1186000000.0,440000000.0,746000000.0,0.91,0.9,818000000.0,826000000.0,2122000000.0,,,,3091000000.0,,,12266000000.0,,22023000000.0,9794000000.0,4599000000.0,1019000000.0,53752000000.0,2492000000.0,,,17319000000.0,,,,2457000000.0,,4127000000.0,-7294000000.0,9046000000.0,53752000000.0,470000000.0,,1900000000.0,,,,,,,,1636000000.0,,,,,,586000000.0,,-3000000.0,-812000000.0,,,-790000000.0,34000000.0,
2015-06-30,20095000000.0,,,,,16223000000.0,3872000000.0,-320000000.0,3552000000.0,1321000000.0,2231000000.0,2.75,2.72,811000000.0,819000000.0,2293000000.0,,,,2892000000.0,,,11441000000.0,,22480000000.0,9794000000.0,4594000000.0,1098000000.0,52781000000.0,2803000000.0,,,17082000000.0,,,,2322000000.0,,5540000000.0,-7288000000.0,9563000000.0,52781000000.0,918000000.0,,1900000000.0,,,,,,,,4381000000.0,,,,,,1505000000.0,,-17000000.0,-1767000000.0,,,-2409000000.0,205000000.0,
2015-09-30,31202000000.0,,,,,25117000000.0,6085000000.0,-461000000.0,5624000000.0,2078000000.0,3546000000.0,4.42,4.37,803000000.0,811000000.0,2369000000.0,,,,2710000000.0,,,11973000000.0,,22608000000.0,9794000000.0,4589000000.0,1848000000.0,53646000000.0,2688000000.0,,,17608000000.0,,,,2465000000.0,,6748000000.0,-7316000000.0,10345000000.0,53646000000.0,1384000000.0,,1900000000.0,,,,,,,,6448000000.0,,,,,,2067000000.0,,-21000000.0,-2776000000.0,,,-3391000000.0,281000000.0,
2015-12-31,40704000000.0,,,,,32902000000.0,7802000000.0,-645000000.0,7157000000.0,2631000000.0,4526000000.0,5.68,5.63,797000000.0,804000000.0,1972000000.0,,,,4956000000.0,,,9056000000.0,,23039000000.0,9794000000.0,4861000000.0,1428000000.0,53134000000.0,2743000000.0,,,17526000000.0,,,,1891000000.0,,7623000000.0,-7275000000.0,10850000000.0,53134000000.0,1835000000.0,76000000.0,2581000000.0,56000000.0,-155000000.0,,,,,,7927000000.0,,,,,,2945000000.0,,-25000000.0,-3955000000.0,,,-4088000000.0,-116000000.0,
2016-03-31,9251000000.0,,,,,7711000000.0,1540000000.0,-106000000.0,1434000000.0,488000000.0,946000000.0,1.22,1.21,774000000.0,780000000.0,1708000000.0,,,,,,,9306000000.0,,23422000000.0,9794000000.0,4856000000.0,1475000000.0,53342000000.0,2732000000.0,,,18108000000.0,,,,2091000000.0,,8462000000.0,-7279000000.0,11252000000.0,53342000000.0,486000000.0,,,,,,,,,,1011000000.0,,,,,,871000000.0,,-5000000.0,-601000000.0,,,-674000000.0,-264000000.0,
2016-06-30,19698000000.0,,,,,15735000000.0,3963000000.0,-179000000.0,3784000000.0,1292000000.0,2492000000.0,3.25,3.23,766000000.0,772000000.0,1662000000.0,,,,,,,7638000000.0,,23975000000.0,9794000000.0,4852000000.0,1578000000.0,51634000000.0,2956000000.0,,,16250000000.0,,,,2015000000.0,,10000000000.0,-7279000000.0,11810000000.0,51634000000.0,956000000.0,,,,,,,,,,4226000000.0,,,,,,1917000000.0,,-19000000.0,-1713000000.0,,,-2823000000.0,-310000000.0,
2016-09-30,30181000000.0,,,,,24249000000.0,5932000000.0,-248000000.0,5684000000.0,1933000000.0,3751000000.0,4.95,4.92,758000000.0,762000000.0,1638000000.0,,,,,,,7329000000.0,,24105000000.0,9794000000.0,4848000000.0,1722000000.0,50948000000.0,2567000000.0,,,15147000000.0,,,,1956000000.0,,11109000000.0,-7212000000.0,12510000000.0,50948000000.0,1430000000.0,,,,,,,,,,6080000000.0,,,,,,2597000000.0,,-41000000.0,-2600000000.0,,,-3814000000.0,-334000000.0,
2016-12-31,39639000000.0,,,,,32687000000.0,6952000000.0,-316000000.0,6636000000.0,2263000000.0,4373000000.0,5.82,5.79,751000000.0,755000000.0,2762000000.0,,,,3064000000.0,,,7451000000.0,,24375000000.0,9794000000.0,4844000000.0,1733000000.0,51261000000.0,2572000000.0,,,15239000000.0,,,,1878000000.0,,7903000000.0,-7636000000.0,12287000000.0,51261000000.0,1902000000.0,105000000.0,2223000000.0,147000000.0,140000000.0,,,,,,7205000000.0,,,,,,3391000000.0,,-31000000.0,-2155000000.0,,,-4260000000.0,790000000.0,
2017-03-31,9148000000.0,,,,,8095000000.0,1053000000.0,-138000000.0,915000000.0,312000000.0,603000000.0,0.83,0.82,728000000.0,731000000.0,1907000000.0,,,,,,,6880000000.0,,24817000000.0,9794000000.0,4855000000.0,2363000000.0,51459000000.0,2353000000.0,,,15953000000.0,,,,1822000000.0,,8226000000.0,-7571000000.0,12945000000.0,51459000000.0,540000000.0,,,,,,,,,,-801000000.0,,,,,,802000000.0,,54000000.0,-1734000000.0,,,1680000000.0,-855000000.0,
2017-06-30,19939000000.0,,,,,16858000000.0,3081000000.0,-275000000.0,2806000000.0,979000000.0,1827000000.0,2.51,2.5,728000000.0,731000000.0,2241000000.0,,,,,,,7177000000.0,,25367000000.0,9794000000.0,4855000000.0,2545000000.0,51815000000.0,2726000000.0,,,16631000000.0,,,,1885000000.0,,8905000000.0,-7549000000.0,13479000000.0,51815000000.0,1075000000.0,,,,,,,,,,1585000000.0,,,,,,1790000000.0,,40000000.0,-2712000000.0,,,606000000.0,-521000000.0,
2017-09-30,30999000000.0,,,,,26079000000.0,4920000000.0,-309000000.0,4611000000.0,1606000000.0,3005000000.0,4.15,4.13,724000000.0,727000000.0,1478000000.0,,,,,,,7083000000.0,,25900000000.0,9794000000.0,4851000000.0,2878000000.0,51928000000.0,3059000000.0,,,16496000000.0,,,,2001000000.0,,9502000000.0,-7476000000.0,14001000000.0,51928000000.0,1649000000.0,,,,,,,,,,3230000000.0,,,,,,2731000000.0,,35000000.0,-4034000000.0,,,-480000000.0,-1284000000.0,
2017-12-31,41244000000.0,,,,,35130000000.0,6114000000.0,-413000000.0,5701000000.0,2124000000.0,3577000000.0,4.97,4.95,720000000.0,723000000.0,1814000000.0,,,,935000000.0,,,7844000000.0,,26563000000.0,9794000000.0,4847000000.0,3309000000.0,53292000000.0,3674000000.0,,,18573000000.0,,,,2111000000.0,,9636000000.0,-7621000000.0,13910000000.0,53292000000.0,2235000000.0,108000000.0,2071000000.0,328000000.0,397000000.0,,,,,,5148000000.0,,,,,,3891000000.0,,-111000000.0,-5366000000.0,,,-730000000.0,-948000000.0,
2018-03-31,9968000000.0,,,,,9128000000.0,840000000.0,-122000000.0,718000000.0,171000000.0,547000000.0,0.78,0.77,704000000.0,706000000.0,1447000000.0,,,,,,,7724000000.0,,27096000000.0,9794000000.0,4843000000.0,3446000000.0,54078000000.0,3351000000.0,,,20012000000.0,,,,2320000000.0,,8465000000.0,-7681000000.0,12557000000.0,54078000000.0,610000000.0,,,,,,,,,,1343000000.0,,,,,,1265000000.0,,-38000000.0,-927000000.0,,,-787000000.0,-371000000.0,
2018-06-30,21743000000.0,,,,,19223000000.0,2520000000.0,-430000000.0,2090000000.0,518000000.0,1572000000.0,2.25,2.24,699000000.0,701000000.0,1886000000.0,,,,,,,7641000000.0,,28124000000.0,9794000000.0,4839000000.0,3268000000.0,55796000000.0,3749000000.0,,,19269000000.0,,,,2365000000.0,,8851000000.0,-7606000000.0,12856000000.0,55796000000.0,1200000000.0,,,,,,,,,,4150000000.0,,,,,,2846000000.0,,-71000000.0,-2472000000.0,,,-271000000.0,1407000000.0,
2018-09-30,33696000000.0,,,,,29535000000.0,4161000000.0,-397000000.0,3764000000.0,880000000.0,2884000000.0,4.15,4.14,695000000.0,697000000.0,1380000000.0,,,,,,,6726000000.0,,28565000000.0,9794000000.0,4835000000.0,3437000000.0,55003000000.0,3265000000.0,,,18158000000.0,,,,2517000000.0,,9696000000.0,-7535000000.0,13704000000.0,55003000000.0,1780000000.0,,,,,,,,,,5650000000.0,,,,,,3813000000.0,,-87000000.0,-3381000000.0,,,-1474000000.0,795000000.0,
2018-12-31,44438000000.0,,,,,39174000000.0,5264000000.0,-113000000.0,5151000000.0,1216000000.0,3935000000.0,5.69,5.67,691000000.0,694000000.0,1565000000.0,,,,79000000.0,,,6340000000.0,,28335000000.0,9781000000.0,4830000000.0,3608000000.0,60266000000.0,2976000000.0,,,18578000000.0,,,,1132000000.0,,10039000000.0,-7825000000.0,13687000000.0,60266000000.0,2329000000.0,159000000.0,1364000000.0,-108000000.0,-324000000.0,,,,,,7014000000.0,,,,,,5168000000.0,,-154000000.0,-4393000000.0,,,-1726000000.0,895000000.0,
2019-03-31,10472000000.0,,,,,9452000000.0,1020000000.0,-74000000.0,946000000.0,216000000.0,730000000.0,1.1,1.09,665000000.0,667000000.0,1910000000.0,,,,,,,7196000000.0,,29139000000.0,9781000000.0,4827000000.0,3844000000.0,61841000000.0,3214000000.0,,,21323000000.0,,,,1395000000.0,,9656000000.0,-7766000000.0,12911000000.0,61841000000.0,615000000.0,,,,,,,,,,1951000000.0,,,,,,1360000000.0,,-49000000.0,-1105000000.0,,,-609000000.0,237000000.0,
2019-06-30,23008000000.0,,,,,19860000000.0,3148000000.0,-295000000.0,2853000000.0,680000000.0,2173000000.0,3.3,3.29,658000000.0,660000000.0,2009000000.0,,,,,,,7134000000.0,,30165000000.0,9781000000.0,4824000000.0,3815000000.0,62518000000.0,3359000000.0,,,21164000000.0,,,,2025000000.0,,10686000000.0,-7694000000.0,13958000000.0,62518000000.0,1328000000.0,,,,,,,,,,5223000000.0,,,,,,2920000000.0,,-132000000.0,-2671000000.0,,,-2271000000.0,281000000.0,
2019-09-30,35568000000.0,,,,,30349000000.0,5219000000.0,-419000000.0,4800000000.0,1131000000.0,3669000000.0,5.61,5.59,654000000.0,656000000.0,1899000000.0,,,,,,,6944000000.0,,30796000000.0,9781000000.0,4821000000.0,4309000000.0,63219000000.0,3470000000.0,,,20211000000.0,,,,1378000000.0,,11772000000.0,-7645000000.0,15068000000.0,63219000000.0,1960000000.0,,,,,,,,,,7468000000.0,,,,,,3864000000.0,,-32000000.0,-3796000000.0,,,-3722000000.0,-50000000.0,
2019-12-31,47007000000.0,,,,,40389000000.0,6618000000.0,-420000000.0,6198000000.0,1431000000.0,4767000000.0,7.32,7.3,651000000.0,653000000.0,2882000000.0,,,,6300000000.0,,,8249000000.0,,,9781000000.0,5163000000.0,3766000000.0,64532000000.0,3266000000.0,,,20204000000.0,,,,1386000000.0,,12454000000.0,-7989000000.0,15358000000.0,64532000000.0,2600000000.0,161000000.0,1473000000.0,775000000.0,139000000.0,,,,,,8425000000.0,,,,,,4936000000.0,,-58000000.0,-4563000000.0,,,-2880000000.0,982000000.0,
2020-03-31,8592000000.0,,,,,9002000000.0,-410000000.0,-197000000.0,-607000000.0,-73000000.0,-534000000.0,-0.84,-0.84,637000000.0,637000000.0,6000000000.0,,,,,,,10275000000.0,,31600000000.0,9753000000.0,6019000000.0,1420000000.0,68738000000.0,3337000000.0,,,19392000000.0,,,,1666000000.0,,11423000000.0,-7898000000.0,14309000000.0,68738000000.0,678000000.0,,,,,,,,,,358000000.0,,,,,,937000000.0,,-65000000.0,-2971000000.0,,,5344000000.0,2731000000.0,
2020-06-30,10060000000.0,,,,,15285000000.0,-5225000000.0,-2396000000.0,-7621000000.0,-1370000000.0,-6251000000.0,-9.83,-9.83,636000000.0,636000000.0,11366000000.0,,,,,,,18915000000.0,,28500000000.0,9753000000.0,6017000000.0,1481000000.0,72261000000.0,2332000000.0,,,20150000000.0,,,,3930000000.0,,5706000000.0,-7937000000.0,8690000000.0,72261000000.0,1268000000.0,,,,,,,,,,68000000.0,,,,,,1218000000.0,,-107000000.0,-7046000000.0,,,15066000000.0,8088000000.0,
2020-09-30,13122000000.0,,,,,24733000000.0,-11611000000.0,-2868000000.0,-14479000000.0,-2849000000.0,-11630000000.0,-18.3,-18.3,636000000.0,636000000.0,16477000000.0,,,,,,,25030000000.0,,26600000000.0,9753000000.0,6014000000.0,1249000000.0,79076000000.0,2403000000.0,,,19725000000.0,,,,4997000000.0,,327000000.0,-7939000000.0,3357000000.0,79076000000.0,1813000000.0,,,,,,,,,,-2507000000.0,,,,,,1351000000.0,,-76000000.0,-8190000000.0,,,25313000000.0,14616000000.0,
2020-12-31,17095000000.0,,,,,29564000000.0,-12469000000.0,-3118000000.0,-15587000000.0,-3202000000.0,-12385000000.0,-19.49,-19.49,636000000.0,636000000.0,8307000000.0,,,,2000000000.0,,,17404000000.0,,,9753000000.0,6011000000.0,1357000000.0,71996000000.0,2840000000.0,,,15927000000.0,,,,4862000000.0,,-428000000.0,-9038000000.0,1534000000.0,71996000000.0,2312000000.0,,-3110000000.0,-1168000000.0,-354000000.0,,,,,,-3793000000.0,,,,,,1900000000.0,,-87000000.0,-9238000000.0,,,19356000000.0,6325000000.0,
2021-03-31,4150000000.0,,,,,5548000000.0,-1398000000.0,-117000000.0,-1515000000.0,-338000000.0,-1177000000.0,-1.85,-1.85,636000000.0,636000000.0,8460000000.0,,,,,,,17853000000.0,,,9753000000.0,6009000000.0,1571000000.0,73083000000.0,3432000000.0,,,20688000000.0,,,,4792000000.0,,-1605000000.0,-8960000000.0,482000000.0,73083000000.0,492000000.0,,,,,,,,,,691000000.0,,,,,,438000000.0,,-168000000.0,-60000000.0,,,-790000000.0,-159000000.0,
2021-06-30,11276000000.0,,,,,11858000000.0,816000000.0,-157000000.0,776000000.0,-214000000.0,652000000.0,1.02,1.02,637000000.0,642000000.0,10357000000.0,,,,,,,19666000000.0,,,9753000000.0,6006000000.0,1493000000.0,75309000000.0,3930000000.0,,,23573000000.0,,,,4715000000.0,,-953000000.0,-8882000000.0,1281000000.0,75309000000.0,993000000.0,,,,,,,,,,2557000000.0,,,,,,1199000000.0,,-258000000.0,-34000000.0,,,-1120000000.0,1403000000.0,
2021-09-30,20429000000.0,,,,,18806000000.0,2205000000.0,-830000000.0,1532000000.0,320000000.0,1212000000.0,1.9,1.89,637000000.0,641000000.0,8785000000.0,,,,,,,17471000000.0,,,9753000000.0,6004000000.0,1467000000.0,72783000000.0,4017000000.0,,,20924000000.0,,,,4613000000.0,,259000000.0,-8800000000.0,2606000000.0,72783000000.0,1494000000.0,,,,,,,,,,2708000000.0,,,,,,2029000000.0,,-252000000.0,-418000000.0,,,-2685000000.0,-395000000.0,
2021-12-31,29899000000.0,,,,,28013000000.0,1886000000.0,-1488000000.0,398000000.0,118000000.0,280000000.0,0.44,0.44,636000000.0,641000000.0,7933000000.0,,,,1300000000.0,,,15940000000.0,,,9753000000.0,6001000000.0,1300000000.0,72459000000.0,4240000000.0,,,20966000000.0,,,,4398000000.0,,-148000000.0,-7130000000.0,3887000000.0,72459000000.0,2000000000.0,,115000000.0,981000000.0,318000000.0,,,,,,3264000000.0,,,,,,3247000000.0,,32000000.0,-898000000.0,,,-3852000000.0,-1486000000.0,
2022-03-31,9348000000.0,,,,,10131000000.0,-783000000.0,-417000000.0,-1200000000.0,-260000000.0,-940000000.0,-1.48,-1.48,637000000.0,637000000.0,7705000000.0,,,,,,,15720000000.0,,,9753000000.0,5999000000.0,1299000000.0,73748000000.0,4810000000.0,,,24060000000.0,,,,4289000000.0,,-1088000000.0,-7071000000.0,2991000000.0,73748000000.0,506000000.0,,,,,,,,,,1771000000.0,,,,,,1766000000.0,,3000000.0,-749000000.0,,,-1456000000.0,-434000000.0,
2022-06-30,23173000000.0,,,,,22438000000.0,1519000000.0,-902000000.0,1033000000.0,298000000.0,735000000.0,1.15,1.15,638000000.0,641000000.0,9221000000.0,,,,,,,17313000000.0,,,9753000000.0,5997000000.0,1044000000.0,74805000000.0,5353000000.0,,,26324000000.0,,,,4094000000.0,,-353000000.0,-7008000000.0,3811000000.0,74805000000.0,1016000000.0,,,,,,,,,,4306000000.0,,,,,,2724000000.0,,-108000000.0,-901000000.0,,,-2422000000.0,983000000.0,
2022-09-30,37147000000.0,,,,,34956000000.0,2191000000.0,-1397000000.0,962000000.0,305000000.0,695000000.0,1.09,1.08,638000000.0,641000000.0,7023000000.0,,,,,,,14799000000.0,,,9753000000.0,5994000000.0,1057000000.0,72596000000.0,4958000000.0,,,25870000000.0,,,,4067000000.0,,342000000.0,-6946000000.0,4590000000.0,72596000000.0,1554000000.0,,,,,,,,,,5175000000.0,,,,,,4166000000.0,,-121000000.0,-2189000000.0,,,-4230000000.0,-1244000000.0,
2022-12-31,50582000000.0,,,,,46921000000.0,3661000000.0,-1747000000.0,1914000000.0,596000000.0,1318000000.0,2.07,2.06,638000000.0,641000000.0,3266000000.0,,,,301000000.0,,,13011000000.0,,,9753000000.0,5992000000.0,934000000.0,72288000000.0,5106000000.0,,,25940000000.0,,,,3974000000.0,,1170000000.0,-5801000000.0,6582000000.0,72288000000.0,2107000000.0,,591000000.0,728000000.0,158000000.0,,,,,,6363000000.0,,,,,,6366000000.0,,-212000000.0,-6924000000.0,,,-4535000000.0,-5096000000.0,
2023-03-31,12759000000.0,,,,,13036000000.0,-277000000.0,-229000000.0,-506000000.0,-143000000.0,-363000000.0,-0.57,-0.57,639000000.0,639000000.0,3215000000.0,,,,,,,13401000000.0,,,9753000000.0,5990000000.0,993000000.0,73134000000.0,4754000000.0,,,28417000000.0,,,,3614000000.0,,807000000.0,-5754000000.0,6260000000.0,73134000000.0,564000000.0,,,,,,,,,,2235000000.0,,,,,,1000000000.0,,-2000000.0,-1100000000.0,,,-1179000000.0,-44000000.0,
2023-06-30,28337000000.0,,,,,26122000000.0,2491000000.0,-403000000.0,2317000000.0,490000000.0,1827000000.0,2.86,2.84,639000000.0,642000000.0,2668000000.0,,,,,,,13080000000.0,,,9753000000.0,5988000000.0,1361000000.0,73497000000.0,5114000000.0,,,28482000000.0,,,,4017000000.0,,2569000000.0,-5709000000.0,8100000000.0,73497000000.0,1137000000.0,,,,,,,,,,4843000000.0,,,,,,2452000000.0,,-20000000.0,-2482000000.0,,,-3010000000.0,-649000000.0,
2023-09-30,43825000000.0,,,,,39626000000.0,4199000000.0,-866000000.0,3333000000.0,761000000.0,2572000000.0,4.03,4.0,639000000.0,644000000.0,2835000000.0,,,,,,,12255000000.0,,,9753000000.0,5985000000.0,1408000000.0,73247000000.0,5320000000.0,,,27556000000.0,,,,4301000000.0,,3613000000.0,-5660000000.0,9226000000.0,73247000000.0,1731000000.0,,,,,,,,,,5919000000.0,,,,,,3721000000.0,,-84000000.0,-2613000000.0,,,-3810000000.0,-504000000.0,
2023-12-31,58048000000.0,,,,,52527000000.0,5521000000.0,87000000.0,5608000000.0,999000000.0,4609000000.0,7.21,7.17,639000000.0,643000000.0,2741000000.0,,,,7654000000.0,,,10269000000.0,,,9753000000.0,5983000000.0,1692000000.0,73644000000.0,4446000000.0,,,26418000000.0,,,,3561000000.0,,5650000000.0,-5845000000.0,11105000000.0,73644000000.0,2341000000.0,,980000000.0,7000000.0,-121000000.0,,,,,,6464000000.0,,,,,,5323000000.0,,-92000000.0,-3148000000.0,,,-3394000000.0,-78000000.0,
2024-03-31,13748000000.0,,,,,13134000000.0,614000000.0,-492000000.0,122000000.0,85000000.0,37000000.0,0.06,0.06,640000000.0,645000000.0,3877000000.0,,,,,,,11579000000.0,,,9753000000.0,5981000000.0,1709000000.0,74969000000.0,4541000000.0,,,28478000000.0,,,,3541000000.0,,5622000000.0,-5793000000.0,11151000000.0,74969000000.0,615000000.0,,,,,,,,,,2408000000.0,,,,,,1193000000.0,,-10000000.0,-637000000.0,,,-787000000.0,984000000.0,
2024-06-30,30406000000.0,,,,,27525000000.0,2881000000.0,-986000000.0,1895000000.0,553000000.0,1342000000.0,2.1,2.08,641000000.0,648000000.0,4110000000.0,,,,,,,11588000000.0,,,9753000000.0,5979000000.0,1708000000.0,75197000000.0,4876000000.0,,,28759000000.0,,,,3507000000.0,,6765000000.0,-5740000000.0,12386000000.0,75197000000.0,1235000000.0,,,,,,,,,,4857000000.0,,,,,,2502000000.0,,-43000000.0,-1446000000.0,,,-2299000000.0,1112000000.0,
2024-09-30,46084000000.0,,,,,41806000000.0,4278000000.0,-822000000.0,3456000000.0,842000000.0,2614000000.0,4.08,4.04,641000000.0,647000000.0,3969000000.0,,,,,,,11062000000.0,,,9753000000.0,5977000000.0,1756000000.0,75368000000.0,4545000000.0,,,28118000000.0,,,,3603000000.0,,7940000000.0,-5691000000.0,13646000000.0,75368000000.0,1878000000.0,,,,,,,,,,6131000000.0,,,,,,3830000000.0,,-130000000.0,-2570000000.0,,,-2670000000.0,891000000.0,
,,,,,,,,,,,,,,,,,,,,,,,,,,,,,,,,,,,,,,,,,,,,,,,,,,,,,,,,,,,,,,,,,,,
,,,,,,,,,,,,,,,,,,,,,,,,,,,,,,,,,,,,,,,,,,,,,,,,,,,,,,,,,,,,,,,,,,,
,,,,,,,,,,,,,,,,,,,,,,,,,,,,,,,,,,,,,,,,,,,,,,,,,,,,,,,,,,,,,,,,,,,
,,,,,,,,,,,,,,,,,,,,,,,,,,,,,,,,,,,,,,,,,,,,,,,,,,,,,,,,,,,,,,,,,,,
