Date,Net sales,Cost of sales,Gross margin,Research and development,"Selling, general and administrative",Total operating expenses,Operating income,"Other income/(expense), net",Income before provision for income taxes,Provision for income taxes,Net income,Earnings per share basic,Earnings per share diluted,Weighted-average basic,Weighted-average diluted,Cash and cash equivalents,Short-term marketable securities,"Accounts receivable, net",Inventories,Deferred tax assets,Vendor non-trade receivables,Other current assets,Total current assets,Long-term marketable securities,"Property, Plant and Equipment, Net",Goodwill,"Acquired intangible assets, net","Other Assets, Noncurrent",Total assets,accounts payable,Accrued expenses,Deferred revenue,Total current liabilities,Deferred revenue - non-current,deferred tax liabilities,long term taxes payable,Total other non-current liabilities,Total liabilities,Retained Earnings (Accumulated Deficit),Accumulated other comprehensive (loss)/income,Total shareholders equity,Total liabilities and shareholders' equity,"Depreciation, amortization and accretion",Stock-based compensation expense,Deferred income tax expense,"Increase (Decrease) in Accounts receivable, net",Increase (Decrease) in Inventories,Increase (Decrease) in Other Receivables,Increase (Decrease) in Other Operating Assets,Increase (Decrease) in Accounts Payable,Increase (Decrease) in Deferred Revenue,Increase (Decrease) Other liabilities,Cash generated by operating activities,Purchases of marketable securities,Proceeds from maturities of marketable securities,Proceeds from sales of marketable securities,Purchases of other long-term investments,"Business acquisitions, net of cash acquired",Cash payments for capital asset purchases,Payments for acquisition of intangible assets,Payments for (Proceeds from) Other Investing Activities,Cash used in investing activities,Proceeds from issuance of common stock,Excess tax benefits from stock-based compensation,Cash generated/used in financing activities,Increase/(decrease) in cash and cash equivalents,"Cash paid for income taxes, net"
2010-01-31,4834800000.0,,,235700000.0,642100000.0,,,,364300000.0,109900000.0,243200000.0,0.57,0.57,423600000.0,427500000.0,5043300000.0,,,2752500000.0,2750200000.0,,,,,4424800000.0,1010100000.0,,,40780700000.0,,,,,,,,,35794700000.0,11105000000.0,-3624700000.0,4979600000.0,40780700000.0,241400000.0,40100000.0,39300000.0,205600000.0,348200000.0,,,,,,-318300000.0,,,,,,162700000.0,,55500000.0,372500000.0,,6800000.0,345800000.0,391600000.0,
2010-04-30,11965700000.0,,,501700000.0,1375600000.0,,,,1353100000.0,558300000.0,790700000.0,1.86,1.85,424400000.0,429000000.0,3614900000.0,,,3002900000.0,2593400000.0,,,,,4430400000.0,1006400000.0,129300000.0,,41014100000.0,,,,,,,,,35354700000.0,11533400000.0,-3419100000.0,5650900000.0,41014100000.0,463400000.0,51700000.0,109100000.0,1220400000.0,754900000.0,,,,,,416600000.0,,,,,,311200000.0,,67100000.0,-450100000.0,,13700000.0,-950800000.0,-1036800000.0,
2010-07-31,18802600000.0,,,758100000.0,2126500000.0,,,,2274900000.0,866400000.0,1407700000.0,3.32,3.28,424500000.0,429000000.0,3753700000.0,,,3175400000.0,2592500000.0,,,,,,992900000.0,126100000.0,,41810300000.0,,,,,,,,,35684500000.0,12023100000.0,-3384900000.0,6115200000.0,41810300000.0,692900000.0,61500000.0,106600000.0,1169200000.0,1067900000.0,,,,,,1088100000.0,,,,,,457500000.0,,46400000.0,-1016000000.0,,19300000.0,-922600000.0,-898000000.0,
2011-01-31,6119200000.0,,,268900000.0,665000000.0,,818000000.0,,746000000.0,232200000.0,513700000.0,1.22,1.2,421800000.0,427500000.0,3438000000.0,,,4178400000.0,2664500000.0,,,,,,997300000.0,133100000.0,,42895800000.0,,,,,,,,,36309100000.0,12719200000.0,-3292000000.0,6578600000.0,42895800000.0,219000000.0,15000000.0,-185100000.0,110000000.0,1096100000.0,,,,,,-900300000.0,,,,,,214900000.0,,111600000.0,982800000.0,88900000.0,32600000.0,-425000000.0,-352600000.0,
2011-04-30,15028900000.0,,,567400000.0,1493100000.0,,2249000000.0,,2086700000.0,671000000.0,1418100000.0,3.36,3.32,421300000.0,427000000.0,3949800000.0,,,4687000000.0,2825800000.0,,,,,,1038700000.0,130700000.0,,46585500000.0,,,,,,,,,39151900000.0,13476300000.0,-3027200000.0,7423300000.0,46585500000.0,448700000.0,33100000.0,-310300000.0,1228400000.0,1623600000.0,,,,,,-665300000.0,,,,,,441000000.0,,121000000.0,10500000.0,160700000.0,64700000.0,786000000.0,159200000.0,
2011-07-31,23400800000.0,,,879300000.0,2309000000.0,,3412000000.0,,3165900000.0,1040700000.0,2130300000.0,5.07,5.01,419900000.0,425200000.0,3618300000.0,,,4687700000.0,2825100000.0,,,,,,1023200000.0,133400000.0,,47135100000.0,,,,,,,,,39595100000.0,14017700000.0,-2997300000.0,7527600000.0,47135100000.0,677900000.0,50800000.0,-324800000.0,978800000.0,1774600000.0,,,,,,636100000.0,256100000.0,,,,,681500000.0,,143500000.0,-1066900000.0,,66800000.0,245200000.0,-172300000.0,
2011-10-31,32012500000.0,,,1226200000.0,3168700000.0,,4564000000.0,,4222800000.0,1423600000.0,2799900000.0,6.71,6.63,417400000.0,422400000.0,3647200000.0,,,4370600000.0,3745000000.0,,,,,,999800000.0,127400000.0,,48207400000.0,,,,,,,,,41392500000.0,14519400000.0,-3678000000.0,6800300000.0,48207400000.0,914900000.0,69000000.0,-168000000.0,808900000.0,1730500000.0,,,,,,2326300000.0,586900000.0,,2000000.0,,,1056600000.0,,113700000.0,-2620700000.0,,70100000.0,139600000.0,-143400000.0,1449000000.0
2012-01-31,6766500000.0,,,312500000.0,709000000.0,,873000000.0,,800300000.0,266200000.0,532900000.0,1.32,1.3,404000000.0,408400000.0,3388300000.0,,,5677700000.0,,,,,,,964900000.0,119400000.0,,48576900000.0,,,,,,,,,41797700000.0,14887100000.0,-3743900000.0,6763400000.0,48576900000.0,243300000.0,19500000.0,-28200000.0,-221600000.0,1449100000.0,,,,,,-1226800000.0,342800000.0,,,,,269100000.0,,78100000.0,-36400000.0,,10600000.0,1040100000.0,-258900000.0,
2012-04-30,16775100000.0,,,664500000.0,1590500000.0,,2570000000.0,,2397300000.0,807400000.0,1589100000.0,3.95,3.91,402100000.0,406600000.0,3019800000.0,,,6112400000.0,,,,,,,965300000.0,114200000.0,,51405300000.0,,,,,,,,,44009300000.0,15759400000.0,-3674300000.0,7378900000.0,51405300000.0,498700000.0,37700000.0,-124100000.0,1554100000.0,2019900000.0,,,,,,-1527300000.0,570300000.0,,,,,513100000.0,,102100000.0,-1328600000.0,,14400000.0,2254500000.0,-627400000.0,
2012-07-31,26365500000.0,,,1032300000.0,2468800000.0,,3867000000.0,,3612000000.0,1234100000.0,2377100000.0,5.95,5.88,399600000.0,404000000.0,3397500000.0,,,5867500000.0,,,,,,,933600000.0,107800000.0,,53198600000.0,,,,,,,,,45784000000.0,16366500000.0,-3814600000.0,7395800000.0,53198600000.0,742700000.0,56100000.0,-205300000.0,2040900000.0,2032200000.0,,,,,,-1135400000.0,882700000.0,,,,,808400000.0,,-5700000.0,-2415300000.0,,16800000.0,3354100000.0,,
2012-10-31,36157100000.0,,,1433600000.0,3417000000.0,,5109000000.0,,4734400000.0,1659400000.0,3064700000.0,7.72,7.63,397100000.0,401500000.0,4652200000.0,,,5170000000.0,4275000000.0,,,,,,921200000.0,105000000.0,,56265800000.0,,,,,,,,,49403800000.0,16875200000.0,-4571500000.0,6842100000.0,56265800000.0,1004200000.0,74500000.0,-91800000.0,1901600000.0,1510200000.0,,,,,,1167700000.0,922200000.0,,7000000.0,,,1319200000.0,,-43200000.0,-4004100000.0,,30100000.0,3880200000.0,,1744000000.0
2013-01-31,7421400000.0,,,356500000.0,781500000.0,,1034000000.0,,946100000.0,289000000.0,649700000.0,1.67,1.65,388400000.0,393000000.0,3672100000.0,,,6242700000.0,,,,,,,934000000.0,98500000.0,,55169600000.0,,,,,,,,,47684100000.0,17346100000.0,-4479500000.0,7483700000.0,55169600000.0,277100000.0,22300000.0,-20600000.0,-94900000.0,1169000000.0,,,,,,-1249400000.0,125100000.0,,,,,294000000.0,,39500000.0,216900000.0,,35400000.0,47700000.0,,
2013-04-30,18335000000.0,,,733300000.0,1737900000.0,,2895000000.0,,2689900000.0,955300000.0,1733900000.0,4.46,4.41,389200000.0,393100000.0,3651400000.0,,,6173000000.0,,,,,,,922900000.0,93800000.0,,58155100000.0,,,,,,,,,49888300000.0,18231500000.0,-4454000000.0,8264900000.0,58155100000.0,554400000.0,45000000.0,-103800000.0,2030000000.0,1235100000.0,,,,,,-1156400000.0,460400000.0,,,,,503600000.0,,87000000.0,-978800000.0,,43100000.0,1151200000.0,,
2013-07-31,28344900000.0,,,1072100000.0,2657700000.0,,4572000000.0,,4239200000.0,1508800000.0,2730500000.0,7.04,6.97,387700000.0,391700000.0,3090300000.0,,,5594300000.0,,,,,,,924200000.0,81200000.0,,58336900000.0,,,,,,,,,49745300000.0,19031500000.0,-4498800000.0,8589800000.0,58336900000.0,841200000.0,62700000.0,-197200000.0,2240500000.0,954200000.0,,,,,,587800000.0,899700000.0,,,,,795100000.0,,127700000.0,-2903000000.0,,46500000.0,746100000.0,,
2013-10-31,37795400000.0,,,1477300000.0,3605500000.0,32312000000.0,5928000000.0,,5483400000.0,1945900000.0,3537300000.0,9.18,9.09,385300000.0,389200000.0,3504000000.0,,,4934700000.0,3591000000.0,,,,,5466900000.0,844800000.0,77100000.0,,59521300000.0,,,,,,,,,49253600000.0,19645600000.0,-2693100000.0,10265800000.0,59521300000.0,1140300000.0,80700000.0,-172600000.0,1510200000.0,728400000.0,,,,,,3254300000.0,1026300000.0,,7000000.0,,,1158400000.0,,214500000.0,-4820700000.0,,50700000.0,406500000.0,,1954000000.0
2014-01-31,7654000000.0,,,323700000.0,765900000.0,6689100000.0,1073000000.0,,964900000.0,280500000.0,681100000.0,1.83,1.81,371900000.0,375400000.0,3188600000.0,,,5554600000.0,,,,,,5351000000.0,834600000.0,74600000.0,,57659200000.0,,,,,,,,,47401400000.0,20136900000.0,-2809400000.0,10255700000.0,57659200000.0,343100000.0,23200000.0,-8600000.0,-126700000.0,836800000.0,,,,,,-746200000.0,222400000.0,,,,,250700000.0,,56300000.0,673300000.0,,14600000.0,-209500000.0,,
2014-04-30,17602000000.0,,,677800000.0,1612500000.0,15173300000.0,2663000000.0,,2428700000.0,759600000.0,1661800000.0,4.5,4.46,369200000.0,372600000.0,3078500000.0,,,5849600000.0,,,,,,5373100000.0,839600000.0,71200000.0,,60862400000.0,,,,,,,,,50194800000.0,20931300000.0,-2663500000.0,10665300000.0,60862400000.0,630300000.0,44700000.0,-138000000.0,1692800000.0,1268200000.0,,,,,,-831900000.0,562800000.0,,,,,426200000.0,,85100000.0,-267400000.0,,24200000.0,699300000.0,,
2014-07-31,27102100000.0,,,1039900000.0,2433000000.0,23381200000.0,4047000000.0,,3720900000.0,1209600000.0,2512500000.0,6.85,6.79,366800000.0,370100000.0,3034700000.0,,,5439000000.0,,,,,,5385500000.0,829800000.0,69400000.0,,61748500000.0,,,,,,,,,50916000000.0,21564600000.0,-2644700000.0,10830000000.0,61748500000.0,957400000.0,60600000.0,-249100000.0,1679300000.0,1102900000.0,,,,,,682100000.0,585500000.0,,,,,640900000.0,,75600000.0,-1567300000.0,,28500000.0,432900000.0,,
2014-10-31,36066900000.0,,,1452000000.0,3284400000.0,31269500000.0,5218000000.0,,4797400000.0,1626500000.0,3161700000.0,8.71,8.63,363000000.0,366100000.0,3787000000.0,,,4209700000.0,3793000000.0,,,,,5577800000.0,791200000.0,68800000.0,,61336400000.0,,,,,,,,,52270900000.0,22004400000.0,-3783000000.0,9062600000.0,61336400000.0,1306500000.0,78500000.0,-280100000.0,749000000.0,297900000.0,,,,,,3525900000.0,614600000.0,,6000000.0,,,1048300000.0,,145600000.0,-2881000000.0,,30800000.0,-288300000.0,,1720000000.0
2015-01-31,6383100000.0,,,333200000.0,659000000.0,5815500000.0,647000000.0,,567600000.0,170500000.0,386800000.0,1.13,1.12,343100000.0,345700000.0,3974800000.0,,,4527100000.0,,,,,,5347500000.0,741300000.0,62300000.0,,58290100000.0,,,,,,,,,50041300000.0,22185200000.0,-4245000000.0,8246000000.0,58290100000.0,342900000.0,18100000.0,176100000.0,-349100000.0,603900000.0,,,,,,-510100000.0,19300000.0,,,,,184000000.0,,47200000.0,1385100000.0,,6300000.0,-582500000.0,,
2015-04-30,14553800000.0,,,674300000.0,1398900000.0,12969100000.0,1740000000.0,,1584700000.0,494600000.0,1077200000.0,3.17,3.14,340200000.0,342800000.0,4355400000.0,,,4624200000.0,,,,,,5245100000.0,737000000.0,60400000.0,,59594000000.0,,,,,,,,,51418000000.0,22673400000.0,-4293600000.0,8173800000.0,59594000000.0,682900000.0,28700000.0,117800000.0,860800000.0,932900000.0,,,,,,-154700000.0,33900000.0,,,,,324300000.0,,58900000.0,1152000000.0,,11700000.0,-325100000.0,,
2015-07-31,22147500000.0,,,1021100000.0,2154200000.0,19824300000.0,2579000000.0,,2323200000.0,735600000.0,1588800000.0,4.71,4.67,337300000.0,339900000.0,4130800000.0,,,4319000000.0,,,,,,5126400000.0,715900000.0,57800000.0,,58932200000.0,,,,,,,,,51207200000.0,22986500000.0,-4507400000.0,7723100000.0,58932200000.0,1029200000.0,47700000.0,73000000.0,598000000.0,941500000.0,,,,,,1191800000.0,100800000.0,,,,,461400000.0,,23400000.0,169600000.0,,18500000.0,-854900000.0,343800000.0,
2015-10-31,28862800000.0,,,1425100000.0,2873300000.0,26082700000.0,3140000000.0,,2780100000.0,840100000.0,1940000000.0,5.81,5.77,333600000.0,336000000.0,4162200000.0,,,3817000000.0,3932000000.0,,,,,5181500000.0,726000000.0,63600000.0,,57947600000.0,,,,,,,,,51190000000.0,23144800000.0,-4729400000.0,6743400000.0,57947600000.0,1382400000.0,66100000.0,-18400000.0,-811600000.0,691400000.0,,,,,,3740300000.0,154900000.0,,120000000.0,,,694000000.0,,60200000.0,-1058700000.0,,18500000.0,-2119100000.0,375200000.0,901000000.0
2016-01-31,5524500000.0,,,319300000.0,592900000.0,5173300000.0,408000000.0,,351200000.0,95500000.0,254400000.0,0.8,0.8,316400000.0,317600000.0,3459900000.0,,,4249500000.0,,,,,,5039200000.0,718700000.0,59600000.0,,56036200000.0,,,,,,,,,49432400000.0,23209100000.0,-4860100000.0,6590200000.0,56036200000.0,374200000.0,17500000.0,240400000.0,-44900000.0,565300000.0,,,,,,-777600000.0,71700000.0,,,,,140000000.0,,-7400000.0,851600000.0,,1000000.0,-742900000.0,-702300000.0,
2016-04-30,13399900000.0,,,664300000.0,1307700000.0,12315400000.0,1256000000.0,,1084500000.0,333300000.0,749800000.0,2.37,2.36,315800000.0,317100000.0,4133200000.0,,,4061000000.0,,,,,,5079700000.0,835000000.0,120500000.0,,59183300000.0,,,,,,,,,51992600000.0,23514700000.0,-4518800000.0,7164300000.0,59183300000.0,761800000.0,32000000.0,93300000.0,1311500000.0,405800000.0,,,,,,-312400000.0,112200000.0,,,,198900000.0,232600000.0,,-8600000.0,210000000.0,,2700000.0,20900000.0,-29000000.0,
2016-07-31,20124400000.0,,,1003100000.0,2016800000.0,18334800000.0,2071000000.0,,1789600000.0,559900000.0,1238600000.0,3.93,3.91,315400000.0,316700000.0,4321000000.0,,,3851300000.0,,,,,,5047300000.0,823600000.0,,,58606400000.0,,,,,,,,,51152300000.0,23815000000.0,-4582200000.0,7428400000.0,58606400000.0,1158400000.0,51800000.0,155500000.0,588100000.0,380100000.0,,,,,,1319900000.0,149900000.0,,,,198900000.0,387000000.0,,-77800000.0,-362400000.0,,3800000.0,-806100000.0,158800000.0,
2016-10-31,26644000000.0,,,1389100000.0,2763700000.0,24420000000.0,2589000000.0,,2224000000.0,700100000.0,1523900000.0,4.83,4.81,315200000.0,316600000.0,4335800000.0,,,3340500000.0,4487000000.0,,,,,5170600000.0,815700000.0,,,57981400000.0,,,,,,,,,51436600000.0,23911300000.0,-5626000000.0,6520000000.0,57981400000.0,1559800000.0,70600000.0,282700000.0,-335200000.0,106100000.0,,,,,,3764300000.0,171200000.0,,62000000.0,,198500000.0,644400000.0,,16000000.0,-1177200000.0,,5400000.0,-2400500000.0,173600000.0,392000000.0
2017-01-29,5625200000.0,,,310900000.0,659400000.0,5297200000.0,416000000.0,,328000000.0,134400000.0,193800000.0,0.61,0.61,316700000.0,319800000.0,3890000000.0,,,3959600000.0,,,,,,5030400000.0,809200000.0,,,56296600000.0,,,,,,,,,49446900000.0,23914300000.0,-5604500000.0,6825500000.0,56296600000.0,415700000.0,18200000.0,6000000.0,-61900000.0,743100000.0,,,,,,-742400000.0,21700000.0,,,,,155200000.0,,12100000.0,1104400000.0,,5700000.0,-768500000.0,-445800000.0,
2017-04-30,13912200000.0,,,635300000.0,1434700000.0,12414900000.0,1686000000.0,,1497300000.0,506400000.0,996200000.0,3.13,3.1,319200000.0,322500000.0,4525800000.0,,,4114800000.0,,,,,,4959900000.0,806200000.0,,,58968800000.0,,,,,,,,,51261000000.0,24524400000.0,-5495500000.0,7684700000.0,58968800000.0,843100000.0,32300000.0,-100400000.0,989500000.0,1090400000.0,,,,,,-175000000.0,43700000.0,,,,,253000000.0,,18700000.0,300500000.0,,11300000.0,72000000.0,190000000.0,
2017-07-30,21720000000.0,,,970700000.0,2225800000.0,19332800000.0,2681000000.0,,2387200000.0,748700000.0,1648800000.0,5.17,5.11,320800000.0,325100000.0,6537400000.0,,,4252900000.0,,,,,,4968500000.0,845800000.0,,,62349900000.0,,,,,,,,,53761000000.0,24984200000.0,-5179800000.0,8572200000.0,62349900000.0,1279000000.0,50700000.0,-77500000.0,1091100000.0,1348000000.0,,,,,,729300000.0,77000000.0,,,,,373700000.0,,53300000.0,-301200000.0,,,1656000000.0,2201600000.0,
2017-10-29,29737700000.0,,,1367700000.0,3066600000.0,26583900000.0,3543000000.0,,3153800000.0,971100000.0,2159100000.0,6.76,6.68,319500000.0,323300000.0,9334900000.0,,,3904100000.0,4030000000.0,,,,,5067700000.0,1033300000.0,,,65786300000.0,,,,,,,,,56211800000.0,25301300000.0,-4563700000.0,9557300000.0,65786300000.0,1715500000.0,68100000.0,100100000.0,838900000.0,1305300000.0,,,,,,2199800000.0,118000000.0,,403000000.0,,284200000.0,594900000.0,,58000000.0,-1644300000.0,,,4286500000.0,4999100000.0,981000000.0
2018-01-28,6913500000.0,,,356800000.0,705000000.0,6395600000.0,636000000.0,,517900000.0,1057500000.0,-535100000.0,-1.66,-1.66,322800000.0,322800000.0,3915100000.0,,,6614200000.0,,,,,,5781200000.0,3111800000.0,,,66577500000.0,,,,,,,,,57298600000.0,24571900000.0,-4289000000.0,9252600000.0,66577500000.0,463200000.0,16700000.0,479700000.0,34900000.0,1238800000.0,,,,,,-1296800000.0,24300000.0,,,,5129700000.0,176300000.0,,16200000.0,-4090300000.0,,,-231000000.0,-5419800000.0,
2018-04-29,17633500000.0,,,772000000.0,1644300000.0,15731900000.0,2130000000.0,,1901600000.0,1234700000.0,1208300000.0,3.73,3.67,324200000.0,329200000.0,4201400000.0,,,6888900000.0,,,,,,5742900000.0,3188700000.0,,,69873000000.0,,,,,,,,,59438400000.0,25586000000.0,-4173200000.0,10410300000.0,69873000000.0,950800000.0,39800000.0,604300000.0,2094100000.0,1796800000.0,,,,,,-1221700000.0,62800000.0,,,,5171100000.0,352200000.0,,67500000.0,-5153000000.0,,,1095300000.0,-5133500000.0,
2018-07-29,27941800000.0,,,1187700000.0,2557000000.0,24850000000.0,3413000000.0,,3091800000.0,1523400000.0,1583600000.0,4.9,4.82,323500000.0,328200000.0,3923300000.0,,,6239300000.0,,,,,,5638500000.0,3046500000.0,,,69390100000.0,,,,,,,,,59010200000.0,26272300000.0,-4553300000.0,10356300000.0,69390100000.0,1444800000.0,62800000.0,640800000.0,2365000000.0,1538800000.0,,,,,,-674700000.0,101400000.0,,,,5170900000.0,570600000.0,,75100000.0,-6465000000.0,,,1656000000.0,-5411600000.0,
2018-10-28,37357700000.0,,,1657600000.0,3455500000.0,33287000000.0,4476000000.0,,4070700000.0,1726900000.0,2368400000.0,7.34,7.24,322600000.0,327300000.0,3904000000.0,,,6148900000.0,2184000000.0,,,,,5867500000.0,3100700000.0,,,70108000000.0,,,,,,,,,58802800000.0,27553000000.0,-4427600000.0,11287800000.0,70108000000.0,1927100000.0,83800000.0,1479900000.0,1531100000.0,1772300000.0,,,,,,1820300000.0,132800000.0,,40000000.0,,5245000000.0,896400000.0,,117400000.0,-8154400000.0,,,876400000.0,-5430900000.0,712000000.0
2019-01-27,7984000000.0,,,406800000.0,763700000.0,7306400000.0,769000000.0,,677200000.0,184100000.0,498500000.0,1.56,1.54,318500000.0,322700000.0,3625700000.0,,,7401900000.0,,,,,,5785200000.0,3047600000.0,,,69918200000.0,,,,,,,,,58571500000.0,27816300000.0,-4577900000.0,11327800000.0,69918200000.0,503300000.0,20300000.0,-55700000.0,507300000.0,1395900000.0,,,,,,-1650700000.0,,,,,,297400000.0,,3400000.0,968600000.0,,,402800000.0,-292200000.0,
2019-04-28,19326000000.0,,,863800000.0,1710600000.0,17175400000.0,2305000000.0,,2150600000.0,528000000.0,1633400000.0,5.13,5.07,318100000.0,322400000.0,3483700000.0,,,7161000000.0,,,,,,5757100000.0,3025000000.0,,,72730000000.0,,,,,,,,,60791300000.0,28708800000.0,-4609900000.0,11919500000.0,72729600000.0,1016500000.0,44400000.0,-282200000.0,2731300000.0,1394300000.0,,,,,,-1494800000.0,,,,,,490900000.0,,39900000.0,-372200000.0,,,1472200000.0,-429600000.0,
2019-07-28,29362000000.0,,,1295000000.0,2607000000.0,26099000000.0,3498000000.0,,3263000000.0,748000000.0,2532000000.0,7.98,7.87,317300000.0,321500000.0,3383000000.0,,,6747000000.0,,,,,,5798000000.0,3013000000.0,,,73530000000.0,,,,,,,,,61246000000.0,29369000000.0,-4581000000.0,12266000000.0,73530000000.0,1522000000.0,63000000.0,-332000000.0,2206000000.0,1168000000.0,,,,,,404000000.0,,,,,,756000000.0,,67000000.0,-2129000000.0,,,1216000000.0,-533000000.0,
2019-11-03,39258000000.0,,,1783000000.0,3551000000.0,35170000000.0,4415000000.0,,4088000000.0,852000000.0,3253000000.0,10.28,10.15,316500000.0,320600000.0,3857000000.0,,,5975000000.0,2598000000.0,,,,,5973000000.0,2917000000.0,,,73011000000.0,,,,,,,,,61580000000.0,29852000000.0,-5607000000.0,11413000000.0,73011000000.0,2019000000.0,82000000.0,-465000000.0,869000000.0,780000000.0,,,,,,3412000000.0,,,31000000.0,,,1120000000.0,,-2000000.0,-3924000000.0,,,509000000.0,-59000000.0,1111000000.0
2020-02-02,7631000000.0,,,425000000.0,809000000.0,7062000000.0,645000000.0,,569000000.0,50000000.0,517000000.0,1.65,1.63,313500000.0,317200000.0,3602000000.0,,,6482000000.0,,,,,,5900000000.0,2945000000.0,,,71821000000.0,,,,,,,,,59877000000.0,30129000000.0,-5329000000.0,11926000000.0,71821000000.0,538000000.0,19000000.0,-29000000.0,-70000000.0,642000000.0,,,,,,-508000000.0,,,,,,271000000.0,,-43000000.0,1026000000.0,,,-763000000.0,-246000000.0,
2020-05-03,16884000000.0,,,831000000.0,1715000000.0,15387000000.0,1610000000.0,,1497000000.0,295000000.0,1182000000.0,3.77,3.73,313300000.0,316700000.0,8900000000.0,,,6171000000.0,,,,,,5685000000.0,2917000000.0,,,77326000000.0,,,,,,,,,65461000000.0,30556000000.0,-5715000000.0,11864000000.0,77326000000.0,1067000000.0,48000000.0,-61000000.0,491000000.0,496000000.0,,,,,,776000000.0,,,,,,441000000.0,,11000000.0,30000000.0,,,4343000000.0,5047000000.0,
2020-08-02,25809000000.0,,,1201000000.0,2467000000.0,23042000000.0,3001000000.0,,2767000000.0,752000000.0,1993000000.0,6.36,6.3,313300000.0,316400000.0,8190000000.0,,,5650000000.0,,,,,,,2984000000.0,,,77264000000.0,,,,,,,,,64373000000.0,31128000000.0,-5319000000.0,12888000000.0,77264000000.0,1614000000.0,63000000.0,-160000000.0,-626000000.0,1000000.0,,,,,,4057000000.0,,,,,,594000000.0,,12000000.0,-1517000000.0,,,1724000000.0,4344000000.0,
2020-11-01,35540000000.0,,,1644000000.0,3477000000.0,31657000000.0,4305000000.0,,3883000000.0,1082000000.0,2751000000.0,8.77,8.69,313500000.0,316600000.0,7066000000.0,,,4999000000.0,2394000000.0,,,,,,3081000000.0,,,75091000000.0,,,,,,,,,62147000000.0,31646000000.0,-5539000000.0,12937000000.0,75091000000.0,2118000000.0,81000000.0,-11000000.0,-2009000000.0,-397000000.0,,,,,,7483000000.0,,,28000000.0,,66000000.0,820000000.0,,27000000.0,-3319000000.0,,,-980000000.0,3216000000.0,1069000000.0
2021-01-31,9112000000.0,,,366000000.0,769000000.0,7584000000.0,1638000000.0,,1528000000.0,308000000.0,1224000000.0,3.9,3.87,313500000.0,316100000.0,6962000000.0,,,5956000000.0,,,,,,,3194000000.0,,,75480000000.0,,,,,,,,,61394000000.0,32596000000.0,-5078000000.0,14083000000.0,75480000000.0,538000000.0,15000000.0,-38000000.0,97000000.0,926000000.0,,,,,,143000000.0,,,,,19000000.0,154000000.0,,6000000.0,579000000.0,,,-933000000.0,-108000000.0,
2021-05-02,21170000000.0,,,743000000.0,1607000000.0,17330000000.0,4077000000.0,,3840000000.0,838000000.0,3013000000.0,9.62,9.55,313100000.0,315600000.0,7182000000.0,,,6042000000.0,,,,,,,3190000000.0,,,78979000000.0,,,,,,,,,63883000000.0,34105000000.0,-4960000000.0,15092000000.0,78979000000.0,1054000000.0,45000000.0,-213000000.0,1124000000.0,1193000000.0,,,,,,1786000000.0,,,,,19000000.0,320000000.0,,21000000.0,-1387000000.0,,,-441000000.0,109000000.0,
2021-08-01,32697000000.0,,,1137000000.0,2448000000.0,26708000000.0,6320000000.0,,5989000000.0,1328000000.0,4680000000.0,14.98,14.86,312400000.0,314900000.0,7519000000.0,,,6410000000.0,,,,,,,3148000000.0,,,80688000000.0,,,,,,,,,64955000000.0,35491000000.0,-5011000000.0,15731000000.0,80688000000.0,1569000000.0,64000000.0,-271000000.0,444000000.0,1817000000.0,,,,,,4314000000.0,,,,,19000000.0,492000000.0,,-12000000.0,-3102000000.0,,,-851000000.0,467000000.0,
2021-10-31,44024000000.0,,,1587000000.0,3383000000.0,36422000000.0,8012000000.0,,7602000000.0,1658000000.0,5963000000.0,19.14,18.99,311600000.0,314000000.0,8017000000.0,,,6781000000.0,2183000000.0,,,,,,3291000000.0,,,84114000000.0,,,,,,,,,65680000000.0,36449000000.0,-2539000000.0,18431000000.0,84114000000.0,2050000000.0,82000000.0,-441000000.0,-969000000.0,2497000000.0,,,,,,7726000000.0,,,,,244000000.0,848000000.0,,-40000000.0,-5750000000.0,,,-1078000000.0,953000000.0,2075000000.0
2022-01-30,9569000000.0,,,402000000.0,781000000.0,8418000000.0,1235000000.0,,1151000000.0,250000000.0,903000000.0,2.94,2.92,307400000.0,309400000.0,4472000000.0,,,7935000000.0,,,,,,,3192000000.0,,,79614000000.0,,,,,,,,,61806000000.0,37029000000.0,-3152000000.0,17804000000.0,79614000000.0,486000000.0,18000000.0,210000000.0,106000000.0,1297000000.0,,,,,,-2553000000.0,,,,,24000000.0,193000000.0,,15000000.0,648000000.0,,,-1577000000.0,-3556000000.0,
2022-05-01,22939000000.0,,,855000000.0,1713000000.0,19236000000.0,3906000000.0,,3703000000.0,710000000.0,3001000000.0,9.78,9.72,306800000.0,308800000.0,3878000000.0,,,9030000000.0,,,,,,,3812000000.0,,,84099000000.0,,,,,,,,,65093000000.0,38805000000.0,-3291000000.0,18904000000.0,84099000000.0,933000000.0,44000000.0,37000000.0,1535000000.0,2265000000.0,,,,,,-1762000000.0,,,,,473000000.0,346000000.0,,71000000.0,-1888000000.0,,,-386000000.0,-4146000000.0,
2022-07-31,37041000000.0,,,1336000000.0,2672000000.0,30799000000.0,6552000000.0,,6242000000.0,1364000000.0,4885000000.0,15.97,15.88,305800000.0,307700000.0,4359000000.0,,,9121000000.0,,,,,,,3754000000.0,,,86817000000.0,,,,,,,,,67686000000.0,40346000000.0,-3476000000.0,19033000000.0,86817000000.0,1443000000.0,64000000.0,-6000000.0,2357000000.0,2526000000.0,,,,,,418000000.0,,,,,488000000.0,596000000.0,,133000000.0,-4430000000.0,,,515000000.0,-3640000000.0,
2022-10-30,52577000000.0,,,1912000000.0,3863000000.0,43450000000.0,9508000000.0,,9127000000.0,2007000000.0,7131000000.0,23.42,23.28,304500000.0,306300000.0,4774000000.0,,,8495000000.0,1834000000.0,,,,,,3687000000.0,,,90030000000.0,,,,,,,,,69673000000.0,42247000000.0,-3056000000.0,20262000000.0,90030000000.0,1895000000.0,85000000.0,-66000000.0,2483000000.0,2091000000.0,,,,,,4699000000.0,,,,,498000000.0,1134000000.0,,257000000.0,-8485000000.0,,,826000000.0,-3184000000.0,1940000000.0
2023-01-29,12652000000.0,,,495000000.0,952000000.0,10159000000.0,2518000000.0,,2493000000.0,537000000.0,1959000000.0,6.58,6.55,297600000.0,299100000.0,3976000000.0,,,10056000000.0,,,,,,,3891000000.0,,,91620000000.0,,,,,,,,,70184000000.0,43846000000.0,-2372000000.0,21332000000.0,91620000000.0,494000000.0,23000000.0,-56000000.0,1015000000.0,1279000000.0,,,,,,-1246000000.0,,,,,,315000000.0,,146000000.0,760000000.0,,,-339000000.0,-763000000.0,
2023-04-30,30038000000.0,,,1043000000.0,2283000000.0,23698000000.0,6416000000.0,,6340000000.0,1528000000.0,4819000000.0,16.26,16.18,296300000.0,297800000.0,5267000000.0,,,9713000000.0,,,,,,,3963000000.0,,,98347000000.0,,,,,,,,,75846000000.0,46336000000.0,-2538000000.0,22395000000.0,98347000000.0,995000000.0,54000000.0,-377000000.0,4407000000.0,982000000.0,,,,,,-147000000.0,,,,,41000000.0,584000000.0,,178000000.0,-1494000000.0,,,2017000000.0,446000000.0,
2023-07-30,45839000000.0,,,1571000000.0,3392000000.0,35893000000.0,9932000000.0,,9946000000.0,2164000000.0,7797000000.0,26.48,26.35,294400000.0,295900000.0,6576000000.0,,,9350000000.0,,,,,,,3994000000.0,,,103397000000.0,,,,,,,,,80245000000.0,48947000000.0,-2411000000.0,23048000000.0,103397000000.0,1527000000.0,112000000.0,-429000000.0,5059000000.0,663000000.0,,,,,,2896000000.0,,,,,82000000.0,887000000.0,,189000000.0,-4563000000.0,,,3379000000.0,1837000000.0,
2023-10-29,61251000000.0,,,2177000000.0,4595000000.0,48232000000.0,12958000000.0,,13019000000.0,2871000000.0,10166000000.0,34.8,34.63,292200000.0,293600000.0,7458000000.0,,,8160000000.0,3002000000.0,,,,,,3900000000.0,,,104087000000.0,,,,,,,,,82201000000.0,50931000000.0,-3114000000.0,21785000000.0,104087000000.0,2004000000.0,130000000.0,-790000000.0,4253000000.0,-279000000.0,,,,,,8589000000.0,,,,,82000000.0,1498000000.0,,447000000.0,-8749000000.0,,,2808000000.0,2679000000.0,3578000000.0
2024-01-28,12185000000.0,,,533000000.0,1066000000.0,9970000000.0,,,2215000000.0,469000000.0,1751000000.0,6.25,6.23,279900000.0,281100000.0,5137000000.0,,,8937000000.0,,,,,,,3966000000.0,,,101371000000.0,,,,,,,,,79192000000.0,52266000000.0,-2863000000.0,22075000000.0,101371000000.0,520000000.0,46000000.0,27000000.0,277000000.0,723000000.0,,,,,,-908000000.0,,,,,,362000000.0,,88000000.0,1217000000.0,,,-2645000000.0,-2320000000.0,
2024-04-28,27420000000.0,,,1098000000.0,2330000000.0,22087000000.0,,,5333000000.0,1220000000.0,4121000000.0,14.8,14.74,278400000.0,279500000.0,5553000000.0,,,8443000000.0,,,,,,,3936000000.0,,,105628000000.0,,,,,,,,,82842000000.0,54228000000.0,-3171000000.0,22684000000.0,105628000000.0,1045000000.0,104000000.0,-120000000.0,2469000000.0,409000000.0,,,,,,944000000.0,,,,,,719000000.0,,69000000.0,-1670000000.0,,,-1162000000.0,-1893000000.0,
2024-07-28,40572000000.0,,,1664000000.0,3608000000.0,32885000000.0,,,7687000000.0,1845000000.0,5855000000.0,21.13,21.04,277100000.0,278200000.0,7004000000.0,,,7696000000.0,,,,,,,3960000000.0,,,107841000000.0,,,,,,,,,84692000000.0,55559000000.0,-3368000000.0,23062000000.0,107841000000.0,1598000000.0,159000000.0,-125000000.0,2446000000.0,-234000000.0,,,,,,4139000000.0,,,,,,1043000000.0,,95000000.0,-3671000000.0,,,-789000000.0,-327000000.0,
2024-10-27,51716000000.0,,,2290000000.0,4840000000.0,42510000000.0,9039000000.0,,9206000000.0,2094000000.0,7100000000.0,25.73,25.62,276000000.0,277100000.0,7324000000.0,,,7093000000.0,3135000000.0,,,,,,3959000000.0,,,107320000000.0,,,,,,,,,84395000000.0,56402000000.0,-3706000000.0,22836000000.0,107320000000.0,2118000000.0,208000000.0,-294000000.0,-421000000.0,-788000000.0,,,,,,9231000000.0,,,,,,1640000000.0,,127000000.0,-6464000000.0,,,-2717000000.0,13000000.0,2518000000.0
