Date,Net sales,Cost of sales,Gross margin,Research and development,"Selling, general and administrative",Total operating expenses,Operating income,"Other income/(expense), net",Income before provision for income taxes,Provision for income taxes,Net income,Earnings per share basic,Earnings per share diluted,Weighted-average basic,Weighted-average diluted,Cash and cash equivalents,Short-term marketable securities,"Accounts receivable, net",Inventories,Deferred tax assets,Vendor non-trade receivables,Other current assets,Total current assets,Long-term marketable securities,"Property, Plant and Equipment, Net",Goodwill,"Acquired intangible assets, net","Other Assets, Noncurrent",Total assets,accounts payable,Accrued expenses,Deferred revenue,Total current liabilities,Deferred revenue - non-current,deferred tax liabilities,long term taxes payable,Total other non-current liabilities,Total liabilities,Retained Earnings (Accumulated Deficit),Accumulated other comprehensive (loss)/income,Total shareholders equity,Total liabilities and shareholders' equity,"Depreciation, amortization and accretion",Stock-based compensation expense,Deferred income tax expense,"Increase (Decrease) in Accounts receivable, net",Increase (Decrease) in Inventories,Increase (Decrease) in Other Receivables,Increase (Decrease) in Other Operating Assets,Increase (Decrease) in Accounts Payable,Increase (Decrease) in Deferred Revenue,Increase (Decrease) Other liabilities,Cash generated by operating activities,Purchases of marketable securities,Proceeds from maturities of marketable securities,Proceeds from sales of marketable securities,Purchases of other long-term investments,"Business acquisitions, net of cash acquired",Cash payments for capital asset purchases,Payments for acquisition of intangible assets,Payments for (Proceeds from) Other Investing Activities,Cash used in investing activities,Proceeds from issuance of common stock,Excess tax benefits from stock-based compensation,Cash generated/used in financing activities,Increase/(decrease) in cash and cash equivalents,"Cash paid for income taxes, net"
2010-06-30,,,138650000.0,,96613000.0,,42037000.0,562000.0,42599000.0,15549000.0,26861000.0,0.69,0.69,38667000.0,39081000.0,333745000.0,,81647000.0,120460000.0,9712000.0,,,552489000.0,,37367000.0,6507000.0,18941000.0,2284000.0,634542000.0,,,,104670000.0,,,,,,389530000.0,-563000.0,522246000.0,634542000.0,6236000.0,6557000.0,,3822000.0,34930000.0,,714000.0,,,622000.0,4174000.0,,,,,3191000.0,6733000.0,,,16156000.0,,1479000.0,-2489000.0,17883000.0,27243000.0
2010-09-30,,,269603000.0,,161252000.0,,108351000.0,775000.0,109126000.0,40104000.0,69004000.0,1.79,1.76,38638000.0,39258000.0,250536000.0,,142232000.0,197313000.0,9712000.0,,,607914000.0,,42907000.0,,,4214000.0,697178000.0,,,,126765000.0,,,,,,424228000.0,174000.0,561758000.0,697178000.0,8836000.0,10212000.0,,65086000.0,112587000.0,,644000.0,,,1823000.0,-61926000.0,,,,,5191000.0,14496000.0,,,6393000.0,,2066000.0,-9902000.0,-65326000.0,33380000.0
2010-12-31,,,502938000.0,,253850000.0,,249088000.0,1021000.0,250109000.0,89732000.0,158235000.0,4.1,4.03,38615000.0,39292000.0,445226000.0,,116663000.0,124995000.0,12002000.0,,,715732000.0,,47737000.0,6507000.0,18411000.0,5486000.0,808994000.0,,,,144863000.0,,,,,,513459000.0,1153000.0,652987000.0,808994000.0,12283000.0,12782000.0,-1712000.0,39449000.0,41107000.0,,1651000.0,,,2187000.0,139922000.0,,,,,5191000.0,22489000.0,,,-1600000.0,,3525000.0,-9052000.0,129364000.0,82493000.0
2011-03-31,,,102478000.0,,74283000.0,,28195000.0,138000.0,28333000.0,8500000.0,19178000.0,0.5,0.49,38609000.0,39397000.0,437900000.0,,78227000.0,107118000.0,12002000.0,,,654722000.0,,49584000.0,,,8050000.0,753930000.0,,,,68817000.0,,,,,,532637000.0,-1815000.0,671864000.0,753930000.0,5877000.0,2827000.0,,-38607000.0,-16718000.0,,2695000.0,,,1450000.0,3583000.0,,,,,,5060000.0,4148000.0,,-9208000.0,,3393000.0,-1893000.0,-7326000.0,27867000.0
2011-06-30,,,168390000.0,,150993000.0,,17397000.0,181000.0,17578000.0,5273000.0,11839000.0,0.31,0.3,38670000.0,39304000.0,325170000.0,,106952000.0,210044000.0,12002000.0,,,691737000.0,,54541000.0,,,8299000.0,795127000.0,,,,133053000.0,,,,,,505382000.0,-968000.0,648947000.0,795127000.0,11539000.0,6830000.0,,-9763000.0,88054000.0,,3070000.0,,,,-78379000.0,,,0.0,,,13910000.0,4458000.0,,-18368000.0,,6641000.0,-23959000.0,-120056000.0,35777000.0
2011-09-30,,,371243000.0,,263185000.0,,108058000.0,131000.0,108189000.0,33539000.0,,1.93,1.89,38603000.0,39276000.0,90425000.0,,227675000.0,356873000.0,12002000.0,,,749366000.0,,59066000.0,115271000.0,96650000.0,8970000.0,1045679000.0,,,,260764000.0,,,,,,567866000.0,-553000.0,715300000.0,1045679000.0,19895000.0,10894000.0,,97378000.0,230164000.0,,3888000.0,,,,-222258000.0,,,,,126615000.0,21483000.0,4224000.0,,-152322000.0,,10995000.0,19053000.0,,36096000.0
2011-12-31,,,678995000.0,14160000.0,394157000.0,,284838000.0,424000.0,285262000.0,83404000.0,,5.16,5.07,38605000.0,39265000.0,263606000.0,,193375000.0,253270000.0,27637000.0,,84540000.0,817902000.0,,90257000.0,120045000.0,94449000.0,10320000.0,1146196000.0,,,,232079000.0,,,,,,692595000.0,-1730000.0,835936000.0,1146196000.0,28977000.0,14803000.0,-67000.0,63199000.0,127739000.0,,5385000.0,,,,30091000.0,,,,,125203000.0,55538000.0,4025000.0,,-184766000.0,,15330000.0,-27160000.0,,62405000.0
2012-03-31,,,113288000.0,,101355000.0,,11933000.0,401000.0,12334000.0,4299000.0,,0.2,0.2,38614000.0,39094000.0,228571000.0,,108162000.0,208453000.0,14414000.0,,76995000.0,647681000.0,,94019000.0,120045000.0,92289000.0,12273000.0,980371000.0,,,,95141000.0,,,,,,680486000.0,-2060000.0,827517000.0,980371000.0,8418000.0,3970000.0,,-85010000.0,-43955000.0,,2117000.0,,,,27070000.0,,,,,,11188000.0,,,-11188000.0,,461000.0,-51932000.0,,34025000.0
2012-06-30,,,186867000.0,,203642000.0,,-28708000.0,580000.0,-28529000.0,-8390000.0,,-0.53,-0.53,38244000.0,38244000.0,114401000.0,,123182000.0,346257000.0,14409000.0,,54972000.0,683476000.0,,103280000.0,120045000.0,90130000.0,14712000.0,1025003000.0,,,,249737000.0,,,,,,580360000.0,253000.0,720124000.0,1025003000.0,14666000.0,8957000.0,,-69714000.0,94580000.0,,2768000.0,,,,30568000.0,,,,,,25951000.0,,,-27951000.0,,1795000.0,-151971000.0,,35916000.0
2012-09-30,,,346160000.0,,303326000.0,,59609000.0,-607000.0,59002000.0,15941000.0,,1.19,1.18,37534000.0,37994000.0,61636000.0,,239259000.0,486168000.0,15038000.0,,57760000.0,890647000.0,,115314000.0,123856000.0,99733000.0,13433000.0,1256343000.0,,,,516618000.0,,,,,,538744000.0,-303000.0,681779000.0,1256343000.0,22899000.0,12029000.0,,47601000.0,236107000.0,,3142000.0,,,,-183385000.0,,,,,8329000.0,42002000.0,3985000.0,,-54816000.0,,2108000.0,35908000.0,,39786000.0
2012-12-31,,,632154000.0,15617000.0,445206000.0,,186948000.0,-2830000.0,184118000.0,55104000.0,,3.49,3.45,36879000.0,37334000.0,110247000.0,,190756000.0,300173000.0,30662000.0,,59028000.0,691586000.0,,125370000.0,126267000.0,98423000.0,13046000.0,1068064000.0,,,,267017000.0,,,,,,600811000.0,-1400000.0,738801000.0,1068064000.0,33367000.0,14661000.0,-5657000.0,-491000.0,46903000.0,,3028000.0,,,,163906000.0,,,,,8829000.0,61575000.0,4958000.0,,-75362000.0,,2457000.0,-242621000.0,,66899000.0
2013-03-31,,,123559000.0,,120907000.0,,2652000.0,-142000.0,2510000.0,1503000.0,,0.03,0.03,34404000.0,34788000.0,64591000.0,,110319000.0,257096000.0,16557000.0,,69832000.0,537212000.0,,129836000.0,128725000.0,93875000.0,14273000.0,917443000.0,,,,127152000.0,,,,,,601818000.0,-544000.0,744875000.0,917443000.0,8970000.0,2404000.0,,-80751000.0,-43076000.0,,-44000.0,,,,15767000.0,,,,,,12104000.0,,,-12104000.0,,270000.0,-47162000.0,,27885000.0
2013-06-30,,,193391000.0,,233490000.0,,-42751000.0,-443000.0,-43052000.0,-13777000.0,,-0.85,-0.85,34452000.0,34452000.0,49126000.0,,109877000.0,362060000.0,16685000.0,,55376000.0,629081000.0,,142135000.0,128725000.0,93040000.0,15613000.0,1022115000.0,,,,257956000.0,,,,,,572543000.0,-1843000.0,718232000.0,1022115000.0,17850000.0,6406000.0,,-81180000.0,60689000.0,,1311000.0,,,,2578000.0,,,,,,28818000.0,847000.0,,-29665000.0,,492000.0,-32531000.0,,29454000.0
2013-09-30,,,360283000.0,,353885000.0,,46497000.0,-1238000.0,45702000.0,12642000.0,,0.96,0.95,34496000.0,34794000.0,84107000.0,,211981000.0,444595000.0,17756000.0,,71321000.0,859646000.0,,164412000.0,128725000.0,90986000.0,18646000.0,1275938000.0,,,,472190000.0,,,,,,605603000.0,-717000.0,755829000.0,1275938000.0,27409000.0,9821000.0,,20979000.0,143224000.0,,4314000.0,,,,-155464000.0,,,,,,55760000.0,701000.0,,-56461000.0,,1033000.0,186018000.0,,30225000.0
2013-12-31,,,736483000.0,19257000.0,528586000.0,,207897000.0,-2340000.0,205557000.0,59868000.0,,4.23,4.18,34473000.0,34829000.0,237125000.0,,184013000.0,260791000.0,35632000.0,,112514000.0,829304000.0,,174066000.0,128725000.0,93278000.0,18605000.0,1259729000.0,,,,320518000.0,,,,,,746500000.0,-2643000.0,888119000.0,1259729000.0,41439000.0,13136000.0,-4092000.0,-6618000.0,-40580000.0,,4290000.0,,,,262125000.0,,,,,0.0,79829000.0,5368000.0,,-85197000.0,,2071000.0,-50513000.0,,39122000.0
2014-06-30,,,86772000.0,,137254000.0,,-50482000.0,-288000.0,-50770000.0,-13708000.0,,-1.07,-1.07,34626000.0,34626000.0,158226000.0,,130691000.0,355979000.0,22421000.0,,27872000.0,725578000.0,,187804000.0,127934000.0,89487000.0,20748000.0,1168613000.0,,,,259592000.0,,,,,,706753000.0,-1827000.0,855082000.0,1168613000.0,11131000.0,2991000.0,0.0,25004000.0,144460000.0,,1382000.0,,,,-64959000.0,,,,,,18734000.0,0.0,,-18734000.0,,14000.0,-3632000.0,,2267000.0
2014-09-30,,,310645000.0,,301544000.0,,59583000.0,-2229000.0,57642000.0,16912000.0,,1.18,1.17,34632000.0,34954000.0,114651000.0,,264920000.0,481651000.0,20742000.0,,35453000.0,938382000.0,,202777000.0,127934000.0,96018000.0,20336000.0,1402003000.0,,,,421034000.0,,,,,,747483000.0,-5102000.0,896007000.0,1402003000.0,24773000.0,6933000.0,1152000.0,158662000.0,269488000.0,,607000.0,,,,-259370000.0,,,,,,38490000.0,9489000.0,,-47979000.0,,261000.0,180385000.0,,5095000.0
2014-12-31,,,725784000.0,,502102000.0,,223682000.0,-3494000.0,220188000.0,59814000.0,,4.64,4.59,34598000.0,34912000.0,369442000.0,,189548000.0,293905000.0,20967000.0,,54366000.0,943162000.0,,216055000.0,127934000.0,92033000.0,21101000.0,1416841000.0,,,,295231000.0,,,,,,890884000.0,-12431000.0,1033228000.0,1416841000.0,37808000.0,9450000.0,1342000.0,83207000.0,81742000.0,,1374000.0,,,,192727000.0,,,,,,66663000.0,9489000.0,,-76152000.0,,1614000.0,15751000.0,,4363000.0
2015-03-31,,,878108000.0,20872000.0,653689000.0,,224419000.0,-3280000.0,221139000.0,59359000.0,,4.7,4.66,34433000.0,34733000.0,225143000.0,,143105000.0,238911000.0,29083000.0,,35057000.0,686593000.0,,232317000.0,127934000.0,87743000.0,20329000.0,1169933000.0,,,,167542000.0,,,5087000.0,11475000.0,,798370000.0,-20468000.0,937012000.0,1169933000.0,49293000.0,13524000.0,9970000.0,36885000.0,26748000.0,,144000.0,,,,169654000.0,,,,,0.0,91147000.0,9489000.0,,-100636000.0,,4197000.0,-78260000.0,,53504000.0
2015-06-30,,,86596000.0,,150304000.0,,-63708000.0,-974000.0,-64682000.0,-17355000.0,,-1.43,-1.43,33117000.0,33117000.0,168744000.0,,117399000.0,373622000.0,14414000.0,,32218000.0,760915000.0,,239381000.0,127934000.0,90141000.0,19736000.0,1253498000.0,,,,338238000.0,,,5436000.0,12870000.0,,705642000.0,-19165000.0,847928000.0,1253498000.0,11905000.0,2284000.0,169000.0,-22443000.0,133811000.0,,-592000.0,,,,-27020000.0,,,,,,18755000.0,,,-23455000.0,,9000.0,-7715000.0,,4012000.0
2015-09-30,,,300709000.0,,313204000.0,,51213000.0,-2345000.0,49842000.0,13465000.0,,1.12,1.11,32812000.0,32812000.0,99775000.0,,285528000.0,595006000.0,13808000.0,,39768000.0,1075182000.0,,245649000.0,127934000.0,87968000.0,20542000.0,1572666000.0,,,,639174000.0,,,6057000.0,13215000.0,,718230000.0,-19229000.0,864490000.0,1572666000.0,25063000.0,6235000.0,153000.0,147330000.0,355242000.0,,215000.0,,,,-328387000.0,,,,,,36484000.0,4700000.0,,-38749000.0,,59000.0,241484000.0,,6582000.0
2015-12-31,,,691726000.0,,501721000.0,,202500000.0,-4187000.0,200658000.0,43737000.0,,4.85,4.78,32655000.0,33157000.0,263009000.0,,195323000.0,370608000.0,8556000.0,,56096000.0,911375000.0,,245400000.0,127934000.0,85220000.0,23117000.0,1408151000.0,,,,319909000.0,,,6204000.0,14148000.0,,875151000.0,-21380000.0,1018508000.0,1408151000.0,38127000.0,5417000.0,4823000.0,56819000.0,130844000.0,,2650000.0,,,,145631000.0,,,,,,50535000.0,4700000.0,,-52800000.0,,59000.0,-53213000.0,,8739000.0
2016-03-31,,,846668000.0,22176000.0,684541000.0,,162127000.0,-5242000.0,156885000.0,34620000.0,,3.76,3.7,32556000.0,33039000.0,245956000.0,,160154000.0,299911000.0,20636000.0,,38039000.0,785765000.0,,237246000.0,127934000.0,83026000.0,23461000.0,1278068000.0,,,,238498000.0,,,9073000.0,14256000.0,,826449000.0,-20557000.0,967471000.0,1278068000.0,50024000.0,6622000.0,8167000.0,23545000.0,61492000.0,,3082000.0,,,,125581000.0,,,,,,65356000.0,4700000.0,,-67221000.0,,471000.0,-36340000.0,,29916000.0
2016-06-30,,,76252000.0,,154571000.0,,-78319000.0,-562000.0,-78881000.0,-19963000.0,,-1.84,-1.84,32024000.0,32024000.0,202309000.0,,102951000.0,469163000.0,,,37987000.0,858963000.0,,245111000.0,127934000.0,80684000.0,24015000.0,1357745000.0,,,,372031000.0,,,9208000.0,11528000.0,,767531000.0,-13949000.0,917244000.0,1357745000.0,13021000.0,2070000.0,-2132000.0,-56655000.0,169253000.0,,556000.0,,,,-43393000.0,,,,,,20114000.0,0.0,,-20114000.0,,59000.0,22411000.0,,-11500000.0
2016-09-30,,,292677000.0,,316973000.0,,54023000.0,-2113000.0,52472000.0,13167000.0,,1.23,1.21,32057000.0,32422000.0,110047000.0,,300159000.0,578027000.0,,,48030000.0,1075029000.0,,246723000.0,127934000.0,78740000.0,22601000.0,1572601000.0,,,,545861000.0,,,9306000.0,12083000.0,,806836000.0,-15695000.0,957274000.0,1572601000.0,25885000.0,4661000.0,-2147000.0,140615000.0,278117000.0,,-858000.0,,,,-289616000.0,,,,,,31626000.0,0.0,,-31626000.0,,1084000.0,188324000.0,,-9407000.0
2016-12-31,,,676311000.0,,647357000.0,,53250000.0,-4476000.0,50887000.0,9860000.0,41027000.0,1.28,1.27,32018000.0,32377000.0,296428000.0,,216786000.0,373502000.0,57136000.0,,58065000.0,968698000.0,,240618000.0,13990000.0,66960000.0,21903000.0,1369305000.0,,,,326978000.0,,,11083000.0,13728000.0,,835293000.0,-30161000.0,970498000.0,1369305000.0,39494000.0,4024000.0,-37024000.0,57799000.0,73591000.0,,-1943000.0,,,,166730000.0,,,,,,36710000.0,0.0,,-36710000.0,,1331000.0,-70430000.0,,-7968000.0
2017-03-31,,,835235000.0,21256000.0,837154000.0,,-30873000.0,-5067000.0,-6986000.0,-12696000.0,,-0.49,-0.49,32000000.0,32355000.0,291764000.0,,158643000.0,298851000.0,,,30781000.0,820821000.0,,225531000.0,13990000.0,65138000.0,21592000.0,1191780000.0,,,,159051000.0,,,13216000.0,14743000.0,,819589000.0,-26451000.0,954255000.0,1191780000.0,52628000.0,6175000.0,-24495000.0,1336000.0,-1060000.0,,-2259000.0,,,,198677000.0,,,,,,44499000.0,0.0,,-44499000.0,,100000.0,-103070000.0,,14099000.0
2017-06-30,,,90625000.0,,146881000.0,,-56256000.0,-331000.0,-56587000.0,-14466000.0,,-1.32,-1.32,31991000.0,31991000.0,279940000.0,,108895000.0,441648000.0,,,16961000.0,903380000.0,,219577000.0,13990000.0,63503000.0,21710000.0,1272858000.0,,,,285875000.0,,,8932000.0,14442000.0,,778833000.0,-28673000.0,913674000.0,1272858000.0,12268000.0,2704000.0,-2932000.0,-46733000.0,142797000.0,,118000.0,,,,-7348000.0,,,,,,3835000.0,,,-3835000.0,,,-1026000.0,,2266000.0
2017-09-30,,,315742000.0,,304643000.0,,67355000.0,-1365000.0,66321000.0,16762000.0,,1.55,1.54,32015000.0,32272000.0,230586000.0,,306573000.0,555560000.0,,,28914000.0,1152911000.0,,216980000.0,13990000.0,61679000.0,22258000.0,1520288000.0,,,,474047000.0,,,8059000.0,15294000.0,,828392000.0,-26616000.0,968826000.0,1520288000.0,24453000.0,6866000.0,-3449000.0,152607000.0,256709000.0,,667000.0,,,,-182790000.0,,,,,,10151000.0,,,-10151000.0,,,130968000.0,-61178000.0,
2017-12-31,,,739213000.0,,534923000.0,,204290000.0,-1503000.0,202787000.0,109008000.0,,2.93,2.91,31956000.0,32186000.0,493002000.0,,232594000.0,396309000.0,,,36512000.0,1184899000.0,,215847000.0,13990000.0,59757000.0,22858000.0,1530963000.0,,,,364809000.0,,,64193000.0,15442000.0,,890050000.0,-22070000.0,1032869000.0,1530963000.0,36655000.0,10591000.0,12332000.0,77600000.0,97458000.0,,1267000.0,,,,253096000.0,,,,,,21402000.0,,,-21402000.0,,,-32592000.0,201238000.0,
2018-03-31,,,931642000.0,22372000.0,709058000.0,,222584000.0,-1888000.0,220696000.0,106302000.0,114394000.0,3.6,3.58,31758000.0,31996000.0,429970000.0,,143704000.0,299602000.0,,,17599000.0,910690000.0,,220162000.0,13990000.0,57850000.0,23306000.0,1264379000.0,,,,189166000.0,,,64735000.0,15696000.0,,785871000.0,-12983000.0,940779000.0,1264379000.0,48572000.0,14302000.0,8138000.0,-10770000.0,751000.0,,1714000.0,,,,327351000.0,,,,,,34813000.0,0.0,,-34697000.0,,,-157715000.0,138206000.0,14407000.0
2018-06-30,250594000.0,,114965000.0,,154379000.0,,-39414000.0,363000.0,-39051000.0,-8644000.0,-30407000.0,-1.0,-1.0,30423000.0,30423000.0,417851000.0,,131899000.0,435564000.0,,,31075000.0,1039960000.0,,217653000.0,13990000.0,55786000.0,21888000.0,1386720000.0,,,,354591000.0,,,61897000.0,15347000.0,,746185000.0,-15123000.0,902151000.0,1386720000.0,11405000.0,3526000.0,-1225000.0,-11940000.0,136641000.0,,-1418000.0,,,,8073000.0,,,,,,7286000.0,,,-7239000.0,,,-10638000.0,-12119000.0,1961000.0
2018-09-30,752507000.0,385655000.0,366852000.0,,315854000.0,,90412000.0,-637000.0,89775000.0,15403000.0,74372000.0,2.49,2.48,30134000.0,30327000.0,182192000.0,,321784000.0,514927000.0,,,36671000.0,1078465000.0,,215720000.0,13990000.0,54356000.0,22559000.0,1423968000.0,,,,448217000.0,,,62053000.0,15196000.0,,695580000.0,-20181000.0,846787000.0,1423968000.0,22134000.0,7362000.0,-2029000.0,158883000.0,227257000.0,,-1722000.0,,,,-160737000.0,,,,,,14091000.0,,,-14023000.0,,,-69404000.0,-247778000.0,8682000.0
2018-12-31,1626307000.0,789362000.0,836945000.0,,541229000.0,,295716000.0,-325000.0,,55052000.0,240339000.0,8.06,7.99,29807000.0,30063000.0,515938000.0,,278962000.0,342043000.0,,,49660000.0,1206640000.0,,215560000.0,13990000.0,52924000.0,20564000.0,1542451000.0,,,,394387000.0,,,59016000.0,18751000.0,,865297000.0,-22528000.0,1017881000.0,1542451000.0,33547000.0,11400000.0,5094000.0,115638000.0,54373000.0,,-3493000.0,,,,279740000.0,,,,,,21832000.0,,,-21764000.0,,,-167158000.0,85968000.0,29646000.0
2019-03-31,2020437000.0,980187000.0,1040250000.0,23187000.0,712930000.0,,327320000.0,1614000.0,,64626000.0,264308000.0,8.92,8.84,29641000.0,29903000.0,,,178602000.0,278842000.0,48328000.0,,26028000.0,1095405000.0,,213796000.0,13990000.0,51494000.0,21651000.0,1427206000.0,,,,250524000.0,,,60616000.0,18928000.0,,889266000.0,-22654000.0,1045130000.0,1427206000.0,44941000.0,14585000.0,6939000.0,16157000.0,-8827000.0,,-2344000.0,,,,359505000.0,,,,,,29086000.0,,,-29018000.0,,,-167194000.0,159722000.0,53657000.0
2019-06-30,276839000.0,146820000.0,130019000.0,,161436000.0,,-31417000.0,1812000.0,,-10254000.0,-19351000.0,-0.67,-0.67,29089000.0,29089000.0,502626000.0,,159679000.0,473394000.0,,,28485000.0,1188493000.0,,211254000.0,13990000.0,50085000.0,22199000.0,1751056000.0,,,,441745000.0,,,60855000.0,15542000.0,,833843000.0,-22903000.0,995279000.0,1751056000.0,10345000.0,3424000.0,-1646000.0,-19860000.0,194552000.0,,547000.0,,,,-46629000.0,,,,,,7393000.0,,,-7166000.0,2773000.0,,-32752000.0,-87066000.0,11833000.0
2019-09-30,819044000.0,416001000.0,403043000.0,,337329000.0,,97131000.0,1904000.0,,19413000.0,77810000.0,2.73,2.71,28785000.0,29039000.0,177673000.0,,334601000.0,558875000.0,,,35055000.0,1135031000.0,,212323000.0,13990000.0,49284000.0,21790000.0,1691659000.0,,,,465847000.0,,,62180000.0,15158000.0,,756264000.0,-24797000.0,916304000.0,1691659000.0,19966000.0,8401000.0,-412000.0,156975000.0,280032000.0,,139000.0,,,,-216156000.0,,,,,,14944000.0,,,-14704000.0,2959000.0,,-179403000.0,-412019000.0,17508000.0
2019-12-31,1757779000.0,847104000.0,910675000.0,,589195000.0,,321480000.0,2741000.0,,64169000.0,260052000.0,9.12,9.02,28515000.0,28832000.0,616864000.0,,286891000.0,365946000.0,,,42917000.0,1339850000.0,,209690000.0,13990000.0,48653000.0,27576000.0,1888351000.0,,,,463158000.0,,,62680000.0,15774000.0,,957857000.0,-23103000.0,1123747000.0,1888351000.0,29437000.0,12766000.0,-1020000.0,108982000.0,87104000.0,,5924000.0,,,,238725000.0,,,,,,23664000.0,,,-23398000.0,3145000.0,,-186927000.0,27172000.0,47482000.0
2020-03-31,2132689000.0,1029016000.0,1103673000.0,27555000.0,765538000.0,,338135000.0,2731000.0,,64724000.0,276142000.0,9.73,9.62,28385000.0,28694000.0,649436000.0,,185596000.0,311620000.0,89586000.0,,21548000.0,1194111000.0,,209037000.0,13990000.0,48016000.0,28209000.0,1765118000.0,,,,300946000.0,,,63547000.0,14518000.0,,973948000.0,-25559000.0,1140120000.0,1765118000.0,38912000.0,14477000.0,2934000.0,10493000.0,32777000.0,,6558000.0,,,,286334000.0,,,,,,32455000.0,,,-31964000.0,3615000.0,,-192114000.0,59744000.0,74573000.0
2020-06-30,283169000.0,140603000.0,142566000.0,,150265000.0,,-7699000.0,-373000.0,,-99000.0,-7973000.0,-0.28,-0.28,28001000.0,28001000.0,661941000.0,,135225000.0,434974000.0,,,24381000.0,1289810000.0,,209074000.0,13990000.0,47388000.0,29483000.0,1848566000.0,,,,394998000.0,,,64918000.0,16066000.0,,965975000.0,-24553000.0,1136928000.0,1848566000.0,9276000.0,3687000.0,-14000.0,-47709000.0,123355000.0,,1273000.0,,,,21169000.0,,,,,,9253000.0,,,-9212000.0,,,3000.0,12505000.0,4216000.0
2020-09-30,906694000.0,445151000.0,461543000.0,,340638000.0,,128604000.0,-1013000.0,,26410000.0,101554000.0,3.62,3.58,28046000.0,28335000.0,626414000.0,,326266000.0,484138000.0,,,31696000.0,1499736000.0,,207912000.0,13990000.0,46764000.0,30423000.0,2050348000.0,,,,503842000.0,,,59610000.0,17133000.0,,1067529000.0,-18958000.0,1242964000.0,2050348000.0,19499000.0,7635000.0,1503000.0,147832000.0,172518000.0,,2213000.0,,,,-15961000.0,,,,,,13333000.0,,,-13284000.0,698000.0,,3816000.0,-23023000.0,11764000.0
2020-12-31,1984453000.0,909013000.0,1075440000.0,,625880000.0,,449560000.0,-1112000.0,,99331000.0,349117000.0,12.44,12.3,28114000.0,28410000.0,1156556000.0,,312913000.0,305298000.0,,,51099000.0,1857439000.0,,205695000.0,13990000.0,46068000.0,30813000.0,2387850000.0,,,,571850000.0,,,60525000.0,18652000.0,,1323065000.0,-11290000.0,1520121000.0,2387850000.0,30637000.0,17559000.0,1859000.0,133708000.0,-6321000.0,,3023000.0,,,,522262000.0,,,,,,21300000.0,,,-21251000.0,698000.0,,-1770000.0,507120000.0,56957000.0
2021-03-31,2545641000.0,1171551000.0,1374090000.0,28626000.0,869885000.0,,504205000.0,-2691000.0,,118939000.0,382575000.0,13.64,13.47,28055000.0,28406000.0,1089361000.0,,215718000.0,278242000.0,89375000.0,,44244000.0,1650799000.0,,206210000.0,13990000.0,41945000.0,30576000.0,2167705000.0,,,,468368000.0,,,60094000.0,18744000.0,,1257379000.0,-16743000.0,1444225000.0,2167705000.0,40530000.0,22701000.0,-8171000.0,33173000.0,-33378000.0,,3103000.0,,,,596217000.0,,,,,,32218000.0,,,-32169000.0,1502000.0,,-129581000.0,439925000.0,104068000.0
2021-06-30,504678000.0,244175000.0,260503000.0,,198671000.0,,61832000.0,-181000.0,,13527000.0,48124000.0,1.73,1.71,27813000.0,28062000.0,956712000.0,,218807000.0,457704000.0,,,61089000.0,1726198000.0,,222348000.0,13990000.0,41383000.0,56650000.0,2291255000.0,,,,600533000.0,,,60533000.0,25425000.0,,1223339000.0,-13392000.0,1418987000.0,2291255000.0,9971000.0,5558000.0,-4002000.0,633000.0,179463000.0,,26451000.0,,,,-36332000.0,,,,,,15515000.0,,,-15515000.0,,,-82182000.0,-132649000.0,10811000.0
2021-09-30,1226580000.0,598989000.0,627591000.0,,437578000.0,,190013000.0,-682000.0,,39144000.0,150187000.0,5.42,5.37,27731000.0,27978000.0,746211000.0,,370361000.0,636270000.0,,,50282000.0,1843550000.0,,223687000.0,13990000.0,40819000.0,58195000.0,2410432000.0,,,,682963000.0,,,56332000.0,25302000.0,,1271596000.0,-14896000.0,1463746000.0,2410432000.0,19931000.0,11792000.0,-3239000.0,154633000.0,358028000.0,,28387000.0,,,,-172674000.0,,,,,,26719000.0,,,-26719000.0,914000.0,,-144270000.0,-343150000.0,74312000.0
2021-12-31,2414332000.0,1165520000.0,1248812000.0,,765403000.0,,483409000.0,-1121000.0,,99158000.0,383130000.0,13.87,13.73,27630000.0,27904000.0,998261000.0,,334541000.0,550749000.0,,,68773000.0,1994607000.0,,221013000.0,13990000.0,40252000.0,56752000.0,2547568000.0,,,,727930000.0,,,58029000.0,25553000.0,,1373832000.0,-19157000.0,1564742000.0,2547568000.0,31202000.0,18281000.0,-4263000.0,118568000.0,272508000.0,,27331000.0,,,,227370000.0,,,,,,41315000.0,,,-41315000.0,914000.0,,-278342000.0,-91100000.0,124651000.0
2022-03-31,3150339000.0,1542788000.0,1607551000.0,33344000.0,1042844000.0,,564707000.0,-69000.0,,112689000.0,451949000.0,16.43,16.26,27508000.0,27789000.0,843527000.0,,302688000.0,506796000.0,120432000.0,,55264000.0,1752128000.0,,222449000.0,13990000.0,39688000.0,57319000.0,2332250000.0,,,,541684000.0,,,54259000.0,25510000.0,,1352685000.0,-24955000.0,1538825000.0,2332250000.0,42878000.0,26816000.0,-27796000.0,86627000.0,228554000.0,,28296000.0,,,,172353000.0,,,,,,51017000.0,,,-51009000.0,1991000.0,,-367482000.0,-245834000.0,192013000.0
2022-06-30,614461000.0,319709000.0,294752000.0,,238411000.0,,56341000.0,661000.0,,12153000.0,44849000.0,1.67,1.66,26777000.0,26948000.0,695230000.0,,321996000.0,839509000.0,,,43746000.0,1949728000.0,,219657000.0,13990000.0,39120000.0,55093000.0,2513252000.0,,,,799758000.0,,,55446000.0,26336000.0,,1297545000.0,-39921000.0,1472407000.0,2513252000.0,11705000.0,3834000.0,-644000.0,19520000.0,332713000.0,,-1846000.0,,,,-28921000.0,,,,,,12467000.0,,,-12467000.0,,,-100036000.0,-148297000.0,13313000.0
2022-09-30,1490075000.0,773402000.0,716673000.0,,532501000.0,,184172000.0,1748000.0,,39547000.0,146373000.0,5.49,5.46,26646000.0,26815000.0,419259000.0,,434674000.0,925043000.0,,,73781000.0,1913285000.0,,221308000.0,13990000.0,38552000.0,54010000.0,2466349000.0,,,,728624000.0,,,45801000.0,25826000.0,,1348823000.0,-52362000.0,1515839000.0,2466349000.0,23018000.0,10550000.0,788000.0,136430000.0,418247000.0,,-2308000.0,,,,-236846000.0,,,,,,24254000.0,,,-24254000.0,1046000.0,,-152466000.0,-424268000.0,29242000.0
2022-12-31,2835715000.0,1406513000.0,1429202000.0,,882370000.0,,546832000.0,4392000.0,,126189000.0,425035000.0,16.0,15.9,26570000.0,26740000.0,1057843000.0,,326341000.0,723364000.0,,,97838000.0,2243749000.0,,242594000.0,13990000.0,38007000.0,41106000.0,2809289000.0,,,,815306000.0,,,46241000.0,27463000.0,,1582864000.0,-40276000.0,1769172000.0,2809289000.0,35089000.0,18130000.0,-343000.0,27345000.0,216569000.0,,-14641000.0,,,,477883000.0,,,,,,56059000.0,,,-56053000.0,1046000.0,,-198897000.0,214316000.0,59418000.0
2023-03-31,3627286000.0,1801916000.0,1825370000.0,38657000.0,1172619000.0,,652751000.0,13331000.0,,149260000.0,516822000.0,19.5,19.37,26504000.0,26686000.0,981795000.0,,301511000.0,532852000.0,129480000.0,,55523000.0,1910253000.0,,266679000.0,13990000.0,37457000.0,41930000.0,2556203000.0,,,,497380000.0,,,62032000.0,35335000.0,,1571574000.0,-39035000.0,1765733000.0,2556203000.0,47858000.0,26897000.0,-9719000.0,806000.0,26056000.0,,-13240000.0,,,,537422000.0,,,,,,81025000.0,,,-81013000.0,2170000.0,,-309031000.0,138268000.0,134565000.0
2023-06-30,675791000.0,329367000.0,346424000.0,,275688000.0,,70736000.0,10628000.0,,17812000.0,63552000.0,2.43,2.41,26165000.0,26321000.0,1046889000.0,,271203000.0,740553000.0,,,58173000.0,2175159000.0,,288760000.0,13990000.0,36904000.0,43304000.0,2847902000.0,,,,735804000.0,,,62480000.0,38130000.0,,1609535000.0,-47334000.0,1802121000.0,2847902000.0,12353000.0,6989000.0,478000.0,-33282000.0,207701000.0,,1933000.0,,,,125262000.0,,,,,,30732000.0,,,-30732000.0,,,-25619000.0,65094000.0,19712000.0
2023-09-30,1767698000.0,838255000.0,929443000.0,,634090000.0,,295353000.0,20328000.0,,73582000.0,242099000.0,9.28,9.22,26098000.0,26251000.0,823051000.0,,487677000.0,726332000.0,,,83455000.0,2179881000.0,,295212000.0,13990000.0,36350000.0,42684000.0,2848533000.0,,,,759390000.0,,,54251000.0,38190000.0,,1600923000.0,-49451000.0,1795130000.0,2848533000.0,25138000.0,16719000.0,-1266000.0,193071000.0,193480000.0,,1886000.0,,,,121528000.0,,,,,,57436000.0,,,-57402000.0,1165000.0,,-217149000.0,-158744000.0,47146000.0
2023-12-31,3328005000.0,1481993000.0,1846012000.0,,1062760000.0,,783252000.0,31482000.0,,182716000.0,632018000.0,24.35,24.2,25953000.0,26114000.0,1650802000.0,,331677000.0,538963000.0,,,75905000.0,2648854000.0,,300815000.0,13990000.0,35798000.0,46873000.0,3347459000.0,,,,927442000.0,,,52585000.0,40375000.0,,1890314000.0,-42374000.0,2104190000.0,3347459000.0,40901000.0,28687000.0,2850000.0,32379000.0,6111000.0,,6595000.0,,,,1061858000.0,,,,,,74078000.0,,,-74044000.0,1165000.0,,-316098000.0,669007000.0,108202000.0
2024-03-31,4287763000.0,1902275000.0,2385488000.0,49171000.0,1457974000.0,,927514000.0,51427000.0,,219378000.0,759563000.0,29.36,29.16,25871000.0,26048000.0,1502051000.0,,296565000.0,474311000.0,137665000.0,,92713000.0,2443483000.0,,302122000.0,13990000.0,27083000.0,50648000.0,3135579000.0,,,,719993000.0,,,52470000.0,42350000.0,,1912797000.0,-50733000.0,2107468000.0,3135579000.0,57587000.0,37288000.0,-1510000.0,-4157000.0,-58541000.0,,9989000.0,,,,1033184000.0,,,,,,89365000.0,,,-89331000.0,2444000.0,,-417675000.0,520256000.0,234062000.0
2024-06-30,825347000.0,355347000.0,470000000.0,,337193000.0,,132807000.0,16346000.0,,33528000.0,115625000.0,4.54,4.52,25478000.0,25581000.0,1438397000.0,,303128000.0,753282000.0,,,43323000.0,2612830000.0,,305585000.0,13990000.0,26701000.0,54293000.0,3306219000.0,,,,912470000.0,,,52961000.0,50300000.0,,1875275000.0,-54533000.0,2074482000.0,3306219000.0,17061000.0,8346000.0,170000.0,3272000.0,278972000.0,,4073000.0,,,,112650000.0,,,,,,22521000.0,,,-22521000.0,,,-151861000.0,-63654000.0,14998000.0
2024-09-30,2136667000.0,933395000.0,1203272000.0,,765379000.0,,437893000.0,30172000.0,,110119000.0,357946000.0,2.35,2.34,152552000.0,153127000.0,1225681000.0,,537137000.0,777891000.0,,,80216000.0,2701294000.0,,319580000.0,13990000.0,15906000.0,56643000.0,3398136000.0,,,,875640000.0,,,37662000.0,51634000.0,,2013265000.0,-43758000.0,2223239000.0,3398136000.0,33750000.0,19916000.0,1295000.0,249306000.0,306855000.0,,7018000.0,,,,22100000.0,,,,,,45367000.0,,,-34442000.0,1638000.0,,-267014000.0,-276370000.0,90833000.0
,,,,,,,,,,,,,,,,,,,,,,,,,,,,,,,,,,,,,,,,,,,,,,,,,,,,,,,,,,,,,,,,,,,
,,,,,,,,,,,,,,,,,,,,,,,,,,,,,,,,,,,,,,,,,,,,,,,,,,,,,,,,,,,,,,,,,,,
