Date,Net sales,Cost of sales,Gross margin,Research and development,"Selling, general and administrative",Total operating expenses,Operating income,"Other income/(expense), net",Income before provision for income taxes,Provision for income taxes,Net income,Earnings per share basic,Earnings per share diluted,Weighted-average basic,Weighted-average diluted,Cash and cash equivalents,Short-term marketable securities,"Accounts receivable, net",Inventories,Deferred tax assets,Vendor non-trade receivables,Other current assets,Total current assets,Long-term marketable securities,"Property, Plant and Equipment, Net",Goodwill,"Acquired intangible assets, net","Other Assets, Noncurrent",Total assets,accounts payable,Accrued expenses,Deferred revenue,Total current liabilities,Deferred revenue - non-current,deferred tax liabilities,long term taxes payable,Total other non-current liabilities,Total liabilities,Retained Earnings (Accumulated Deficit),Accumulated other comprehensive (loss)/income,Total shareholders equity,Total liabilities and shareholders' equity,"Depreciation, amortization and accretion",Stock-based compensation expense,Deferred income tax expense,"Increase (Decrease) in Accounts receivable, net",Increase (Decrease) in Inventories,Increase (Decrease) in Other Receivables,Increase (Decrease) in Other Operating Assets,Increase (Decrease) in Accounts Payable,Increase (Decrease) in Deferred Revenue,Increase (Decrease) Other liabilities,Cash generated by operating activities,Purchases of marketable securities,Proceeds from maturities of marketable securities,Proceeds from sales of marketable securities,Purchases of other long-term investments,"Business acquisitions, net of cash acquired",Cash payments for capital asset purchases,Payments for acquisition of intangible assets,Payments for (Proceeds from) Other Investing Activities,Cash used in investing activities,Proceeds from issuance of common stock,Excess tax benefits from stock-based compensation,Cash generated/used in financing activities,Increase/(decrease) in cash and cash equivalents,"Cash paid for income taxes, net"
2009-11-30,,,,,,,,,2120898000.0,844713000.0,1276185000.0,2.42,2.39,,,13020719000.0,,,,,,,,,499303000.0,255421000.0,195636000.0,,46020987000.0,,,,,,,,,37585440000.0,3873262000.0,-154818000.0,8435547000.0,46020987000.0,,44249000.0,-61995000.0,,,,104724000.0,,,,3597892000.0,683980000.0,,,,,53793000.0,,,-6160780000.0,533822000.0,,5412464000.0,2849576000.0,913988000.0
2010-02-28,,,,,,,,,-170708000.0,-67170000.0,-103538000.0,-0.22,-0.22,,,12728321000.0,,,,,,,,,482833000.0,255421000.0,193970000.0,,66818951000.0,,,,,,,,,59803903000.0,2362685000.0,-74038000.0,7015048000.0,66818951000.0,,11293000.0,-100918000.0,,,,170051000.0,,,,1135102000.0,269310000.0,,,,,7826000.0,,,-1114515000.0,,,-312985000.0,-292398000.0,14141000.0
2010-05-31,,,,,,,,,422193000.0,164126000.0,258067000.0,0.34,0.33,,,10335729000.0,,,,,,,,,469001000.0,255421000.0,192304000.0,,62153678000.0,,,,,,,,,56115411000.0,2538164000.0,-73940000.0,6038267000.0,62153678000.0,,20923000.0,-14949000.0,,,,260270000.0,,,,2443807000.0,929070000.0,,,,,17461000.0,,,540214000.0,,921000.0,-5669011000.0,-2684990000.0,56989000.0
2010-08-31,,,,,,,,,683628000.0,268482000.0,415146000.0,0.59,0.58,,,7916091000.0,,,,,,,,,456943000.0,255421000.0,190639000.0,,60057553000.0,,,,,,,,,53946256000.0,2787822000.0,-82297000.0,6111297000.0,60057553000.0,,29554000.0,63131000.0,,,,230385000.0,,,,2706762000.0,1239631000.0,,,,,29538000.0,,,-578915000.0,,737000.0,-7232475000.0,-5104628000.0,112027000.0
2010-11-30,,,,,,,,,1268859000.0,504071000.0,764788000.0,1.23,1.22,544058000.0,548760000.0,5098733000.0,,,,1469205000.0,,,,,460732000.0,255421000.0,188973000.0,,60784968000.0,,,,,,,,,54328122000.0,3126488000.0,-82548000.0,6456846000.0,60784968000.0,,37081000.0,112581000.0,,,,201105000.0,,,,3872586000.0,5285756000.0,,,,0.0,54676000.0,,,-4722952000.0,1323000.0,,-7071620000.0,-7921986000.0,169045000.0
2011-02-28,,,,,,,,,720003000.0,255111000.0,464892000.0,0.84,0.84,545052.0,545541.0,5171425000.0,,,,,,,,,458950000.0,255421000.0,193293000.0,,63506609000.0,,,,,,,,,56607444000.0,3580338000.0,-106279000.0,6899165000.0,63506609000.0,,11875000.0,112511000.0,,,,43733000.0,,,,1279083000.0,542025000.0,,,,366049000.0,15586000.0,,,-99514000.0,931000.0,,-1106877000.0,72692000.0,38209000.0
2012-02-29,,,,,,,,,1014246000.0,383240000.0,631006000.0,1.18,1.18,529565000.0,530657000.0,6315152000.0,,,,,,,,,486520000.0,255421000.0,186232000.0,,70486018000.0,,,,,,,,,61657066000.0,5820609000.0,-48604000.0,8828952000.0,70486018000.0,22975000.0,13532000.0,86996000.0,,,,-5450000.0,,,187888000.0,1010672000.0,554926000.0,,,8803000.0,0.0,26371000.0,,,1130316000.0,2431000.0,,1324321000.0,3465309000.0,45993000.0
2012-05-31,,,,,,,,,1881413000.0,713816000.0,1167597000.0,2.19,2.18,528825000.0,529995000.0,5112069000.0,,,,,,,,,492444000.0,255421000.0,184501000.0,,72083405000.0,,,,,,,,,63184547000.0,6303466000.0,-41016000.0,8898858000.0,72083405000.0,46569000.0,24244000.0,125654000.0,,,,116869000.0,,,42479000.0,1502772000.0,1535059000.0,,,22125000.0,0.0,55995000.0,,,-1722202000.0,14602000.0,,2481656000.0,2262226000.0,651999000.0
2012-08-31,,,,,,,,,2893127000.0,1098844000.0,1794283000.0,3.39,3.39,523462000.0,524643000.0,6237610000.0,,,,,,,,,519621000.0,287043000.0,192181000.0,,73908664000.0,,,,,,,,,64762751000.0,6877990000.0,-31326000.0,9145913000.0,73908664000.0,70931000.0,36108000.0,159001000.0,,,,129661000.0,,,247626000.0,2159204000.0,1708935000.0,,,27168000.0,0.0,104685000.0,,,-2040548000.0,16231000.0,,3269111000.0,3387767000.0,967774000.0
2012-11-30,,,,,,,,,3753000000.0,1408000000.0,2345000000.0,4.47,4.46,519000000.0,520000000.0,3926000000.0,,,,1065000000.0,,,,,534000000.0,286000000.0,190000000.0,,75283000000.0,,,,,,,,,65505000000.0,7373000000.0,-75000000.0,9778000000.0,75283000000.0,95000000.0,47000000.0,146000000.0,,,,112000000.0,,,349000000.0,3041000000.0,1816000000.0,1800000000.0,,65000000.0,0.0,144000000.0,,,-5693000000.0,26000000.0,,3728000000.0,1076000000.0,1301000000.0
2013-03-31,,,,,,,,,1080000000.0,407000000.0,673000000.0,1.33,1.33,496000000.0,497000000.0,8067000000.0,,,,,,,,,572000000.0,286000000.0,187000000.0,,76139000000.0,,,,,,,,,65840000000.0,8136000000.0,-84000000.0,10299000000.0,76139000000.0,25000000.0,17000000.0,121000000.0,,,,88000000.0,,,617000000.0,1492000000.0,90000000.0,309000000.0,,31000000.0,,59000000.0,,,2625000000.0,5000000.0,,1366000000.0,5483000000.0,113000000.0
2013-06-30,,,,,,,,,2061000000.0,786000000.0,1275000000.0,2.53,2.52,492000000.0,494000000.0,5744000000.0,,,,,,,,,607000000.0,284000000.0,191000000.0,,74944000000.0,,,,,,,,,64496000000.0,8629000000.0,-107000000.0,10448000000.0,74944000000.0,56000000.0,31000000.0,163000000.0,,,,86000000.0,,,299000000.0,2087000000.0,89000000.0,578000000.0,,53000000.0,,117000000.0,,,1232000000.0,7000000.0,,-159000000.0,3160000000.0,798000000.0
2013-09-30,,,,,,,,,3007000000.0,1139000000.0,1868000000.0,3.73,3.72,489000000.0,491000000.0,5623000000.0,,,,,,,,,639000000.0,284000000.0,188000000.0,,75544000000.0,,,,,,,,,64942000000.0,9115000000.0,-109000000.0,10602000000.0,75544000000.0,83000000.0,45000000.0,154000000.0,,,,112000000.0,,,-286000000.0,2535000000.0,258000000.0,672000000.0,,76000000.0,,177000000.0,,,98000000.0,12000000.0,,406000000.0,3039000000.0,1121000000.0
2013-12-31,,,,,,,,,3944000000.0,1474000000.0,2470000000.0,4.97,4.96,485000000.0,487000000.0,6554000000.0,,,,754000000.0,,,,,654000000.0,284000000.0,185000000.0,,79340000000.0,,,,,,,,,68531000000.0,9611000000.0,-68000000.0,10809000000.0,79340000000.0,111000000.0,59000000.0,322000000.0,,,,252000000.0,,,-269000000.0,3517000000.0,325000000.0,733000000.0,,114000000.0,0.0,231000000.0,,,-3163000000.0,13000000.0,,3616000000.0,3970000000.0,1348000000.0
2014-06-30,,,,,,,,,2037000000.0,762000000.0,1275000000.0,2.66,2.66,468000000.0,469000000.0,6879000000.0,,,,,,,,,665000000.0,284000000.0,179000000.0,,78937000000.0,,,,,,,,,67556000000.0,10659000000.0,-72000000.0,11381000000.0,78937000000.0,61000000.0,32000000.0,48000000.0,,,,70000000.0,,,-117000000.0,1771000000.0,244000000.0,119000000.0,,34000000.0,,73000000.0,,,302000000.0,2000000.0,,-1748000000.0,325000000.0,
2014-09-30,,,,,,,,,3046000000.0,1127000000.0,1919000000.0,4.03,4.02,466000000.0,467000000.0,7382000000.0,,,,,,,,,661000000.0,284000000.0,177000000.0,,80596000000.0,,,,,,,,,69295000000.0,11182000000.0,-70000000.0,11301000000.0,80596000000.0,93000000.0,46000000.0,76000000.0,,,,94000000.0,,,-40000000.0,2826000000.0,390000000.0,184000000.0,,42000000.0,,102000000.0,,,-1325000000.0,4000000.0,,-673000000.0,828000000.0,
2014-12-31,,,,,,,,,3694000000.0,1371000000.0,2323000000.0,4.91,4.9,462000000.0,463000000.0,7284000000.0,,,,804000000.0,,,,,670000000.0,257000000.0,176000000.0,,83126000000.0,,,,,,,,,71992000000.0,11467000000.0,-138000000.0,11134000000.0,83126000000.0,126000000.0,60000000.0,-11000000.0,,,,238000000.0,,,73000000.0,3826000000.0,390000000.0,250000000.0,1220000000.0,60000000.0,,145000000.0,,,-4197000000.0,5000000.0,,1101000000.0,730000000.0,1388000000.0
2015-03-31,,,,,,,,,908000000.0,322000000.0,586000000.0,1.28,1.28,448000000.0,448000000.0,11814000000.0,,,,,,,,,678000000.0,257000000.0,175000000.0,,84178000000.0,,,,,,,,,72967000000.0,11936000000.0,-161000000.0,11211000000.0,84178000000.0,,,,,,,40000000.0,,,216000000.0,1063000000.0,0.0,,899000000.0,5000000.0,,41000000.0,,,3253000000.0,1000000.0,,214000000.0,4530000000.0,
2015-06-30,,,,,,,,,1850000000.0,665000000.0,1185000000.0,2.61,2.61,444000000.0,445000000.0,10595000000.0,,,,,,,,,688000000.0,255000000.0,170000000.0,,84911000000.0,,,,,,,,,73648000000.0,12400000000.0,-160000000.0,11263000000.0,84911000000.0,,,,,,,75000000.0,,,-111000000.0,1663000000.0,0.0,,899000000.0,23000000.0,,88000000.0,,,959000000.0,3000000.0,,689000000.0,3311000000.0,
2015-09-30,,,,,,,,,2824000000.0,1027000000.0,1797000000.0,3.99,3.98,440000000.0,441000000.0,10250000000.0,,,,,,,,,684000000.0,255000000.0,169000000.0,,85611000000.0,,,,,,,,,74308000000.0,12880000000.0,-180000000.0,11303000000.0,85611000000.0,,,,,,,145000000.0,,,-5000000.0,2810000000.0,0.0,,899000000.0,32000000.0,,119000000.0,,,212000000.0,3000000.0,,-56000000.0,2966000000.0,
2015-12-31,,,,,,,,,3612000000.0,1315000000.0,2297000000.0,5.14,5.13,437000000.0,438000000.0,9572000000.0,,,,556000000.0,,,,,693000000.0,255000000.0,168000000.0,,86936000000.0,,,,,,,,,75661000000.0,13250000000.0,-160000000.0,11275000000.0,86936000000.0,,,-73000000.0,,,,237000000.0,,,162000000.0,3854000000.0,677000000.0,,899000000.0,51000000.0,,168000000.0,,,-2868000000.0,5000000.0,,1302000000.0,2288000000.0,1341000000.0
2016-03-31,,,,,,,,,914000000.0,339000000.0,575000000.0,1.35,1.35,417000000.0,,12135000000.0,,,,,,,,,706000000.0,255000000.0,167000000.0,,88093000000.0,,,,,,,,,76777000000.0,13698000000.0,-172000000.0,11316000000.0,88093000000.0,,,,,,,33000000.0,,,189000000.0,1158000000.0,,,0.0,1000000.0,,46000000.0,,,982000000.0,1000000.0,,423000000.0,2563000000.0,
2016-06-30,,,,,,,,,1812000000.0,621000000.0,1191000000.0,2.81,2.81,414000000.0,414000000.0,10617000000.0,,,,,,,,,708000000.0,255000000.0,167000000.0,,87511000000.0,,,,,,,,,76114000000.0,14188000000.0,-174000000.0,11397000000.0,87511000000.0,,,121000000.0,,,,-89000000.0,,,-464000000.0,1816000000.0,,,0.0,12000000.0,,86000000.0,,,-596000000.0,5000000.0,,-175000000.0,1045000000.0,
2016-09-30,,,,,,,,,2773000000.0,943000000.0,1830000000.0,4.37,4.36,410000000.0,410000000.0,12076000000.0,,,,,,,,,722000000.0,255000000.0,166000000.0,,90541000000.0,,,,,,,,,79194000000.0,14696000000.0,-165000000.0,11347000000.0,90541000000.0,,,,,,,-104000000.0,,,-205000000.0,3133000000.0,,,0.0,23000000.0,,132000000.0,,,-2603000000.0,5000000.0,,1974000000.0,2504000000.0,
2016-12-31,,,,,,,,,3656000000.0,1263000000.0,2393000000.0,5.77,5.77,405000000.0,406000000.0,11914000000.0,,,,510000000.0,,,,,734000000.0,255000000.0,166000000.0,,92308000000.0,,,,,,,,,80985000000.0,15130000000.0,-161000000.0,11323000000.0,92308000000.0,,,48000000.0,,,,187000000.0,,,234000000.0,4425000000.0,0.0,,0.0,51000000.0,,179000000.0,,,-4894000000.0,7000000.0,,2811000000.0,2342000000.0,1300000000.0
2017-03-31,,,,,,,,,868000000.0,304000000.0,564000000.0,1.43,1.43,386000000.0,386000000.0,15163000000.0,,,,,,,,,750000000.0,255000000.0,165000000.0,,94795000000.0,,,,,,,,,83530000000.0,15568000000.0,-155000000.0,11265000000.0,94795000000.0,,,,,,,-181000000.0,,,-338000000.0,1013000000.0,,,,14000000.0,,47000000.0,,,-17000000.0,1000000.0,,2253000000.0,3249000000.0,
2017-06-30,,,,,,,,,1735000000.0,625000000.0,1110000000.0,2.83,2.83,382000000.0,382000000.0,12950000000.0,,,,,,,,,774000000.0,255000000.0,164000000.0,,93757000000.0,,,,,,,,,82498000000.0,15989000000.0,-150000000.0,11259000000.0,93757000000.0,,,-46000000.0,,,,-3000000.0,,,-314000000.0,2032000000.0,,,,23000000.0,,103000000.0,,,-1585000000.0,2000000.0,,589000000.0,1036000000.0,
2017-09-30,,,,,,,,,2638000000.0,926000000.0,1712000000.0,4.42,4.42,379000000.0,379000000.0,13249000000.0,,,,,,,,,800000000.0,255000000.0,163000000.0,,97608000000.0,,,,,,,,,86421000000.0,16452000000.0,-148000000.0,11187000000.0,97608000000.0,,,,,,,59000000.0,,,41000000.0,3584000000.0,,,,31000000.0,,161000000.0,,,-5688000000.0,4000000.0,,3439000000.0,1335000000.0,
2017-12-31,,,,,,,,,3537000000.0,1438000000.0,2099000000.0,5.43,5.42,374000000.0,374000000.0,13306000000.0,,,,253000000.0,,,,,825000000.0,255000000.0,163000000.0,,100087000000.0,,,,,,,,,89195000000.0,16687000000.0,-152000000.0,10892000000.0,100087000000.0,,,286000000.0,,,,502000000.0,,,622000000.0,5208000000.0,0.0,,0.0,65000000.0,,218000000.0,,,-8777000000.0,5000000.0,,4961000000.0,1392000000.0,1424000000.0
2018-03-31,,,,,,,,,856000000.0,190000000.0,666000000.0,1.82,1.82,355000000.0,355000000.0,17011000000.0,,,,,,,,,848000000.0,255000000.0,162000000.0,,101967000000.0,,,,,,,,,91096000000.0,17211000000.0,-139000000.0,10871000000.0,101967000000.0,,,,,,,-251000000.0,,,-351000000.0,1238000000.0,,,0.0,0.0,,58000000.0,,,916000000.0,2000000.0,,1557000000.0,,
2018-06-30,,,,,,,,,1733000000.0,398000000.0,1335000000.0,3.73,3.72,351000000.0,351000000.0,15289000000.0,,,,,,,,,874000000.0,255000000.0,162000000.0,,102751000000.0,,,,,,,,,91862000000.0,17787000000.0,-162000000.0,10889000000.0,102751000000.0,,,-137000000.0,,,,-190000000.0,,,-141000000.0,2824000000.0,,,0.0,5000000.0,,118000000.0,,,-1729000000.0,3000000.0,,1437000000.0,,
2018-09-30,,,,,,,,,2700000000.0,645000000.0,2055000000.0,5.77,5.77,348000000.0,348000000.0,16019000000.0,,,,,,,,,896000000.0,255000000.0,162000000.0,,105842000000.0,,,,,,,,,94826000000.0,18354000000.0,-160000000.0,11016000000.0,105842000000.0,,,,,,,-43000000.0,,,162000000.0,4430000000.0,983000000.0,,0.0,20000000.0,,177000000.0,,,-4765000000.0,5000000.0,,3557000000.0,,
2018-12-31,,,,,,,,,3597000000.0,855000000.0,2742000000.0,7.81,7.79,344000000.0,345000000.0,13299000000.0,,,,434000000.0,,,,,936000000.0,255000000.0,161000000.0,,109553000000.0,,,,,,,,,98423000000.0,18906000000.0,-156000000.0,11130000000.0,109553000000.0,,,-190000000.0,,,,7000000.0,,,-549000000.0,5191000000.0,2554000000.0,,0.0,65000000.0,,254000000.0,,,-10579000000.0,6000000.0,,7146000000.0,,650000000.0
2019-03-31,,,,,,,,,930000000.0,204000000.0,726000000.0,2.15,2.15,328000000.0,328000000.0,15169000000.0,,,,,,,,,980000000.0,255000000.0,160000000.0,,110720000000.0,,,,,,,,,99461000000.0,19484000000.0,-136000000.0,11259000000.0,110720000000.0,,,,,,,29000000.0,,,822000000.0,2335000000.0,1856000000.0,,0.0,6000000.0,,82000000.0,,,-1768000000.0,2000000.0,,-499000000.0,,
2019-06-30,,,,,,,,,1917000000.0,438000000.0,1479000000.0,4.46,4.46,325000000.0,326000000.0,10313000000.0,,,,,,,,,1008000000.0,255000000.0,160000000.0,,110707000000.0,,,,,,,,,99214000000.0,20107000000.0,-83000000.0,11493000000.0,110707000000.0,,,,,,,23000000.0,,,850000000.0,3913000000.0,4115000000.0,,0.0,21000000.0,,151000000.0,,,-6189000000.0,4000000.0,,-1516000000.0,,
2019-09-30,,,,,,,,,2911000000.0,662000000.0,2249000000.0,6.83,6.82,323000000.0,323000000.0,6075000000.0,,,,,,,,,1028000000.0,255000000.0,159000000.0,,110786000000.0,,,,,,,,,99069000000.0,20720000000.0,-74000000.0,11717000000.0,110786000000.0,,,,,,,33000000.0,,,123000000.0,4732000000.0,7183000000.0,,0.0,49000000.0,,212000000.0,,,-12219000000.0,6000000.0,,-1546000000.0,,
2019-12-31,,,,,,,,,3835000000.0,878000000.0,2957000000.0,9.09,9.08,320000000.0,320000000.0,6924000000.0,,,,551000000.0,,,,,1057000000.0,255000000.0,155000000.0,,113996000000.0,,,,,,,,,102137000000.0,21290000000.0,-119000000.0,11859000000.0,113996000000.0,,,-133000000.0,,,,202000000.0,,,209000000.0,6196000000.0,7183000000.0,,0.0,68000000.0,,284000000.0,,,-15274000000.0,7000000.0,,897000000.0,,1088000000.0
2020-03-31,,,,,,,,,-78000000.0,-17000000.0,-61000000.0,-0.25,-0.25,308000000.0,308000000.0,10028000000.0,,,,,,,,,1070000000.0,255000000.0,155000000.0,,112657000000.0,,,,,,,,,102992000000.0,19175000000.0,134000000.0,9665000000.0,112657000000.0,,,-240000000.0,,,,-429000000.0,,,-279000000.0,1680000000.0,0.0,,0.0,14000000.0,,59000000.0,,,2397000000.0,2000000.0,,170000000.0,,
2020-06-30,,,,,,,,,-539000000.0,-110000000.0,-429000000.0,-1.45,-1.45,307000000.0,307000000.0,15138000000.0,,,,,,,,,1115000000.0,255000000.0,96000000.0,,113792000000.0,,,,,,,,,104149000000.0,18673000000.0,122000000.0,9643000000.0,113792000000.0,,,-531000000.0,,,,-388000000.0,,,-112000000.0,3267000000.0,0.0,,0.0,40000000.0,,153000000.0,,,3393000000.0,5000000.0,,1543000000.0,,
2020-09-30,,,,,,,,,959000000.0,188000000.0,771000000.0,2.45,2.45,307000000.0,307000000.0,9513000000.0,,,,,,,,,1121000000.0,255000000.0,95000000.0,,124349000000.0,,,,,,,,,114097000000.0,19292000000.0,93000000.0,10252000000.0,124349000000.0,,,-600000000.0,,,,-212000000.0,,,-158000000.0,4563000000.0,0.0,,0.0,54000000.0,,206000000.0,,,-2182000000.0,7000000.0,,744000000.0,,
2020-12-31,,,,,,,,,1435000000.0,294000000.0,1141000000.0,3.6,3.6,307000000.0,307000000.0,13564000000.0,,,,1775000000.0,,,,,1027000000.0,255000000.0,95000000.0,,112889000000.0,,,,,,,,,102005000000.0,19955000000.0,45000000.0,10884000000.0,112889000000.0,,,-672000000.0,,,,-118000000.0,,,136000000.0,6196000000.0,113000000.0,,0.0,72000000.0,,261000000.0,,,1514000000.0,10000000.0,,-1085000000.0,,901000000.0
2021-03-31,,,,,,,,,2079000000.0,486000000.0,1593000000.0,5.04,5.04,307000000.0,307000000.0,20348000000.0,,,,,,,,,1021000000.0,255000000.0,95000000.0,,113871000000.0,,,,,,,,,101717000000.0,21373000000.0,-7000000.0,12154000000.0,113871000000.0,,,232000000.0,,,,150000000.0,,,120000000.0,1508000000.0,,,0.0,21000000.0,,41000000.0,,,6188000000.0,2000000.0,,-611000000.0,,
2021-06-30,,,,,,,,,4301000000.0,1010000000.0,3291000000.0,10.6,10.59,305000000.0,305000000.0,15445000000.0,,,,,,,,,986000000.0,255000000.0,1000000.0,,110985000000.0,,,,,,,,,97814000000.0,22936000000.0,-39000000.0,13171000000.0,110985000000.0,,,439000000.0,,,,210000000.0,,,169000000.0,3056000000.0,,,0.0,41000000.0,,97000000.0,,,4941000000.0,5000000.0,,-5218000000.0,,
2021-09-30,,,,,,,,,5703000000.0,1321000000.0,4382000000.0,14.17,14.16,303000000.0,303000000.0,12716000000.0,,,,,,,,,987000000.0,255000000.0,1000000.0,,108544000000.0,,,,,,,,,95281000000.0,23846000000.0,-68000000.0,13263000000.0,108544000000.0,,,388000000.0,,,,273000000.0,,,359000000.0,4677000000.0,9000000.0,1709000000.0,5000000.0,108000000.0,,146000000.0,,,3431000000.0,7000000.0,,-8949000000.0,,
2021-12-31,,,,,,,,,7064000000.0,1615000000.0,5449000000.0,17.85,17.83,300000000.0,300000000.0,8750000000.0,,,,1494000000.0,,,,,983000000.0,255000000.0,0.0,,110242000000.0,,,,,,,,,96834000000.0,24766000000.0,-94000000.0,13408000000.0,110242000000.0,,,327000000.0,,,,496000000.0,,,410000000.0,6019000000.0,9000000.0,2727000000.0,5000000.0,170000000.0,,194000000.0,,,40000000.0,9000000.0,,-8316000000.0,,1305000000.0
2022-03-31,,,,,,,,,1618000000.0,376000000.0,1242000000.0,4.23,4.22,285000000.0,285000000.0,9625000000.0,,,,,,,,,984000000.0,255000000.0,,,107412000000.0,,,,,,,,,93979000000.0,25833000000.0,-213000000.0,13433000000.0,107412000000.0,,,-10000000.0,,,,127000000.0,,,219000000.0,1734000000.0,,769000000.0,0.0,23000000.0,,51000000.0,,,661000000.0,2000000.0,,-4084000000.0,,
2022-06-30,,,,,,,,,3070000000.0,717000000.0,2353000000.0,8.19,8.18,282000000.0,282000000.0,11439000000.0,,,,,,,,,984000000.0,255000000.0,,,114600000000.0,,,,,,,,,100836000000.0,26776000000.0,-251000000.0,13764000000.0,114600000000.0,,,-140000000.0,,,,262000000.0,,,301000000.0,3346000000.0,,1160000000.0,0.0,115000000.0,,99000000.0,,,-5133000000.0,5000000.0,,1926000000.0,,
2022-09-30,,,,,,,,,4388000000.0,1029000000.0,3359000000.0,11.74,11.73,279000000.0,279000000.0,10004000000.0,,,,,,,,,1015000000.0,255000000.0,,,121886000000.0,,,,,,,,,107600000000.0,27585000000.0,-353000000.0,14286000000.0,121886000000.0,,,-314000000.0,,,,350000000.0,,,312000000.0,4965000000.0,2001000000.0,1677000000.0,0.0,135000000.0,,178000000.0,,,-12623000000.0,7000000.0,,8196000000.0,,
2022-12-31,,,,,,,,,5742000000.0,1350000000.0,4392000000.0,15.52,15.5,277000000.0,278000000.0,8856000000.0,,,,2004000000.0,,,,,1003000000.0,255000000.0,,,131628000000.0,,,,,,,,,117038000000.0,28453000000.0,-339000000.0,14590000000.0,131628000000.0,,,-427000000.0,,,,846000000.0,,,1080000000.0,7140000000.0,7682000000.0,2084000000.0,0.0,169000000.0,,236000000.0,,,-25637000000.0,10000000.0,,16062000000.0,,1865000000.0
2023-03-31,,,,,,,,,1268000000.0,292000000.0,976000000.0,3.58,3.58,262000000.0,262000000.0,10130000000.0,,,,,,,,,1031000000.0,255000000.0,,,133061000000.0,,,,,,,,,118746000000.0,29292000000.0,-235000000.0,14315000000.0,133061000000.0,,,-112000000.0,,,,-133000000.0,,,-387000000.0,1791000000.0,285000000.0,402000000.0,0.0,16000000.0,,76000000.0,,,-1229000000.0,3000000.0,,704000000.0,,
2023-06-30,,,,,,,,,2426000000.0,557000000.0,1869000000.0,7.09,7.09,257000000.0,257000000.0,8605000000.0,,,,,,,,,1053000000.0,255000000.0,,,138082000000.0,,,,,,,,,124226000000.0,29761000000.0,-470000000.0,13856000000.0,138082000000.0,,,-269000000.0,,,,18000000.0,,,-812000000.0,3298000000.0,2163000000.0,905000000.0,0.0,34000000.0,,158000000.0,,,-8833000000.0,6000000.0,,5282000000.0,,
2023-09-30,,,,,,,,,3314000000.0,762000000.0,2552000000.0,9.7,9.69,255000000.0,255000000.0,9194000000.0,,,,,,,,,1084000000.0,255000000.0,,,143432000000.0,,,,,,,,,129196000000.0,30236000000.0,-573000000.0,14236000000.0,143432000000.0,,,-470000000.0,,,,436000000.0,,,-190000000.0,5687000000.0,2627000000.0,1431000000.0,0.0,60000000.0,,235000000.0,,,-14669000000.0,9000000.0,,9318000000.0,,
2023-12-31,,,,,,,,,3826000000.0,886000000.0,2940000000.0,11.27,11.26,254000000.0,254000000.0,11685000000.0,,,,2656000000.0,,,,,1091000000.0,255000000.0,,,151522000000.0,,,,,,,,,136694000000.0,30448000000.0,-225000000.0,14828000000.0,151522000000.0,,,-626000000.0,,,,658000000.0,,,739000000.0,8563000000.0,2996000000.0,1831000000.0,0.0,100000000.0,,303000000.0,,,-21491000000.0,12000000.0,,15759000000.0,,1605000000.0
2024-03-31,,,,,,,,,404000000.0,96000000.0,308000000.0,1.1,1.1,250000000.0,250000000.0,14004000000.0,,,,,,,,,1107000000.0,255000000.0,,,152689000000.0,,,,,,,,,137969000000.0,30511000000.0,-393000000.0,14720000000.0,152689000000.0,,,-199000000.0,,,,246000000.0,,,465000000.0,1843000000.0,475000000.0,522000000.0,0.0,9000000.0,,71000000.0,,,358000000.0,3000000.0,,514000000.0,,
2024-06-30,,,,,,,,,2474000000.0,636000000.0,1838000000.0,7.17,7.16,251000000.0,251000000.0,10865000000.0,,,,,,,,,1087000000.0,255000000.0,,,150867000000.0,,,,,,,,,134800000000.0,31864000000.0,-398000000.0,16067000000.0,150867000000.0,,,-57000000.0,,,,323000000.0,,,715000000.0,4421000000.0,962000000.0,1046000000.0,0.0,22000000.0,,136000000.0,,,-2132000000.0,7000000.0,,-3120000000.0,,
