Date,Net sales,Cost of sales,Gross margin,Research and development,"Selling, general and administrative",Total operating expenses,Operating income,"Other income/(expense), net",Income before provision for income taxes,Provision for income taxes,Net income,Earnings per share basic,Earnings per share diluted,Weighted-average basic,Weighted-average diluted,Cash and cash equivalents,Short-term marketable securities,"Accounts receivable, net",Inventories,Deferred tax assets,Vendor non-trade receivables,Other current assets,Total current assets,Long-term marketable securities,"Property, Plant and Equipment, Net",Goodwill,"Acquired intangible assets, net","Other Assets, Noncurrent",Total assets,accounts payable,Accrued expenses,Deferred revenue,Total current liabilities,Deferred revenue - non-current,deferred tax liabilities,long term taxes payable,Total other non-current liabilities,Total liabilities,Retained Earnings (Accumulated Deficit),Accumulated other comprehensive (loss)/income,Total shareholders equity,Total liabilities and shareholders' equity,"Depreciation, amortization and accretion",Stock-based compensation expense,Deferred income tax expense,"Increase (Decrease) in Accounts receivable, net",Increase (Decrease) in Inventories,Increase (Decrease) in Other Receivables,Increase (Decrease) in Other Operating Assets,Increase (Decrease) in Accounts Payable,Increase (Decrease) in Deferred Revenue,Increase (Decrease) Other liabilities,Cash generated by operating activities,Purchases of marketable securities,Proceeds from maturities of marketable securities,Proceeds from sales of marketable securities,Purchases of other long-term investments,"Business acquisitions, net of cash acquired",Cash payments for capital asset purchases,Payments for acquisition of intangible assets,Payments for (Proceeds from) Other Investing Activities,Cash used in investing activities,Proceeds from issuance of common stock,Excess tax benefits from stock-based compensation,Cash generated/used in financing activities,Increase/(decrease) in cash and cash equivalents,"Cash paid for income taxes, net"
2009-12-31,11184938000.0,5904718000.0,,632651000.0,3190211000.0,9642462000.0,1542476000.0,,1424854000.0,273150000.0,1151704000.0,3.59,3.46,320765000.0,335742000.0,1721920000.0,,1916831000.0,993016000.0,,,,5220628000.0,,1143331000.0,9817923000.0,2655503000.0,758035000.0,19595420000.0,,1665287000.0,,2760960000.0,,,,2315261000.0,,9205142000.0,346944000.0,11630176000.0,19595420000.0,,87350000.0,,-106132000.0,-211595000.0,,,-89853000.0,,,1800834000.0,,,,,703511000.0,188547000.0,,,-942941000.0,174233000.0,,407232000.0,1329066000.0,
2010-04-02,3092220000.0,1594167000.0,,187232000.0,877455000.0,2658854000.0,433366000.0,,404245000.0,104012000.0,300233000.0,0.93,0.89,324484000.0,340061000.0,806368000.0,,1981411000.0,1187893000.0,,,,4541077000.0,,1179094000.0,10351840000.0,2954643000.0,853992000.0,19880646000.0,,1632464000.0,,2857806000.0,,,,2347364000.0,,9492413000.0,231793000.0,11853178000.0,19880646000.0,,16482000.0,,-43655000.0,79315000.0,,,88737000.0,,,393879000.0,,,,,1263242000.0,38413000.0,,,-1301314000.0,30313000.0,,6910000.0,-915552000.0,-6863000.0
2010-10-01,9593334000.0,4807015000.0,4786319000.0,587473000.0,2669530000.0,,1539866000.0,,1743144000.0,424000000.0,1319144000.0,2.02,1.95,654599000.0,683431000.0,1635041000.0,,2032661000.0,1244895000.0,,,,5460623000.0,,1153431000.0,10476778000.0,3070990000.0,837513000.0,21497835000.0,,1861079000.0,,3079427000.0,,,,2424216000.0,,10485199000.0,371917000.0,13171933000.0,21497835000.0,,65954000.0,,76575000.0,207567000.0,,,186037000.0,,,1511069000.0,,,,,1568068000.0,145256000.0,,,-1667360000.0,117200000.0,,68982000.0,-86879000.0,177628000.0
2010-12-31,13202602000.0,6575812000.0,6626790000.0,809481000.0,3673703000.0,,2166374000.0,,2342705000.0,549705000.0,1793000000.0,2.74,2.64,653194000.0,683275000.0,1632980000.0,,2218975000.0,1225151000.0,-350800000.0,,,5729513000.0,,1192303000.0,10758402000.0,3324502000.0,701127000.0,22217130000.0,,2048175000.0,,3304754000.0,,,,2355703000.0,8444400000.0,10945928000.0,345386000.0,13711010000.0,22217130000.0,397100000.0,88122000.0,,262123000.0,166454000.0,,,224711000.0,,,2084351000.0,,,,,2129652000.0,217328000.0,,,-2288879000.0,178406000.0,,116804000.0,-88940000.0,
2011-04-01,3345702000.0,1582314000.0,1763388000.0,217573000.0,969702000.0,,590588000.0,,561978000.0,141732000.0,429358000.0,0.65,0.63,661599000.0,688328000.0,1593559000.0,,2210224000.0,1284932000.0,,,,6131892000.0,,1177703000.0,10934931000.0,3539466000.0,727658000.0,23034881000.0,,2025796000.0,,3323855000.0,,,,2319298000.0,,11362018000.0,606862000.0,14659179000.0,23034881000.0,,22776000.0,,-63211000.0,44200000.0,,,27374000.0,,,436483000.0,,,,,517420000.0,48424000.0,,,-564955000.0,50480000.0,,52462000.0,-39421000.0,93285000.0
2011-07-01,7057376000.0,3350793000.0,3706583000.0,453376000.0,2065451000.0,,1216691000.0,,1158652000.0,288760000.0,1078122000.0,1.62,1.56,667207000.0,694599000.0,551583000.0,,3099418000.0,2065049000.0,,,,6554800000.0,,2226119000.0,14741004000.0,6210769000.0,1247548000.0,31513376000.0,,2718251000.0,,4281296000.0,,,,4151630000.0,,11997077000.0,737839000.0,16489496000.0,31513376000.0,,45966000.0,,14850000.0,32280000.0,,,36658000.0,,,1099132000.0,,,,,6056279000.0,108094000.0,,,-5482358000.0,1050322000.0,,3269239000.0,-1081397000.0,162696000.0
2011-09-30,11575465000.0,5664220000.0,5911245000.0,742978000.0,3340358000.0,,1872835000.0,,1739541000.0,346221000.0,1601550000.0,2.38,2.3,687259000.0,710403000.0,484368000.0,,3007192000.0,1970896000.0,,,,6314538000.0,203000000.0,2151052000.0,14433079000.0,6037607000.0,1150969000.0,30618424000.0,,2574062000.0,,4123695000.0,,,,4119172000.0,,12503349000.0,185110000.0,16496791000.0,30618424000.0,,71616000.0,,-3725000.0,-9911000.0,,,23653000.0,,,1799074000.0,,,,,6087087000.0,217982000.0,,,-5603746000.0,1060272000.0,,2623405000.0,-1148612000.0,367890000.0
2011-12-31,16090540000.0,7913876000.0,8176664000.0,1018526000.0,4607692000.0,,2617226000.0,,2447849000.0,512562000.0,2172264000.0,3.21,3.11,676169000.0,701191000.0,537001000.0,,3049895000.0,1781352000.0,-1088100000.0,,,6272357000.0,287000000.0,2100990000.0,14474323000.0,5840209000.0,739686000.0,29949447000.0,,2651198000.0,,4172028000.0,,,,3598851000.0,,13056869000.0,-36937000.0,16904783000.0,29949447000.0,634900000.0,95603000.0,,135279000.0,-162019000.0,,,36602000.0,,,2626267000.0,,,,,6210837000.0,334471000.0,,,-5847254000.0,1112551000.0,,2088634000.0,-1095979000.0,
2012-03-30,4316220000.0,2080676000.0,2235544000.0,270124000.0,1244897000.0,,734868000.0,,696204000.0,176150000.0,612912000.0,0.89,0.86,691507000.0,714023000.0,1043283000.0,,2996457000.0,1889079000.0,,,,6543223000.0,,2104811000.0,14573310000.0,5861848000.0,787902000.0,30420959000.0,,2383476000.0,,3912566000.0,,,,3754475000.0,,13652469000.0,147436000.0,17823305000.0,30420959000.0,,23681000.0,,-97695000.0,76163000.0,,,23526000.0,,,645212000.0,,,,,55727000.0,117824000.0,,,166726000.0,71043000.0,,-310551000.0,506282000.0,53937000.0
2012-06-29,8869679000.0,4278679000.0,4591000000.0,553726000.0,2523507000.0,,1546142000.0,,1470309000.0,350106000.0,1213061000.0,1.75,1.7,695570000.0,714910000.0,1118240000.0,,3094250000.0,1855811000.0,,,,6610495000.0,,2065451000.0,14927272000.0,6176882000.0,837943000.0,31170583000.0,,2463233000.0,,4029701000.0,,,,3925538000.0,,14235198000.0,-74945000.0,18301916000.0,31170583000.0,,50412000.0,,6738000.0,26589000.0,,,71359000.0,,,1654183000.0,,,,,945067000.0,228552000.0,,-14134000.0,-822041000.0,104303000.0,,-242622000.0,581239000.0,148847000.0
2012-09-28,13285222000.0,6416220000.0,6869002000.0,843243000.0,3774719000.0,,2301951000.0,,2187479000.0,518541000.0,1761796000.0,2.54,2.47,695208000.0,714293000.0,1541335000.0,,2984728000.0,1882370000.0,,,,6908000000.0,,2062952000.0,15056604000.0,6104073000.0,893162000.0,31585420000.0,,2386994000.0,,3934689000.0,,,,4038807000.0,,14766627000.0,149874000.0,18886086000.0,31585420000.0,,79419000.0,,-134498000.0,53573000.0,,,38483000.0,,,2615327000.0,,,,,972823000.0,333379000.0,,-23225000.0,-945533000.0,143266000.0,,-665734000.0,1004334000.0,226185000.0
2012-12-31,18260400000.0,8846100000.0,9414300000.0,1137900000.0,5181200000.0,,3165100000.0,,3010800000.0,711500000.0,2392200000.0,3.45,3.36,693400000.0,713100000.0,1678700000.0,,3267300000.0,1813400000.0,-1320000000.0,,,7587800000.0,329500000.0,2140900000.0,15462000000.0,6344000000.0,858000000.0,32941000000.0,,2604300000.0,,4206100000.0,,,,4363400000.0,,15379900000.0,-59200000.0,19016500000.0,32941000000.0,839800000.0,109900000.0,,79700000.0,-69800000.0,,,57000000.0,,,3415000000.0,,,,,1796800000.0,458300000.0,,-30000000.0,-1887600000.0,212000000.0,,-388400000.0,1141700000.0,
2013-03-29,4444700000.0,2119000000.0,2325700000.0,296400000.0,1298400000.0,,730900000.0,,922400000.0,230500000.0,691900000.0,1.0,0.98,692000000.0,708400000.0,2150700000.0,,3118300000.0,1866500000.0,,,,7910000000.0,,2109900000.0,15359400000.0,6148400000.0,941600000.0,32469300000.0,,2325000000.0,,3926500000.0,,,,4389300000.0,,16054500000.0,-268000000.0,19681100000.0,32469300000.0,,27800000.0,,-105900000.0,89400000.0,,,10100000.0,,,636500000.0,,,,,12100000.0,116300000.0,,8900000.0,554700000.0,54300000.0,,-710500000.0,472000000.0,57100000.0
2013-06-28,9182200000.0,4361000000.0,4821200000.0,608600000.0,2638100000.0,,1574500000.0,,1728200000.0,419500000.0,1308700000.0,1.89,1.85,695200000.0,709800000.0,2324900000.0,,3281400000.0,1911000000.0,,,,8231000000.0,,2148900000.0,15535200000.0,6195500000.0,998400000.0,33109000000.0,,2457200000.0,,4132500000.0,,,,4511000000.0,,16653900000.0,-378600000.0,20296100000.0,33109000000.0,,56100000.0,,28900000.0,112500000.0,,,82000000.0,,,1535700000.0,,,,,322600000.0,252500000.0,,5900000.0,111000000.0,110000000.0,,-985700000.0,646200000.0,182700000.0
2013-09-27,13851300000.0,6605400000.0,7245900000.0,917700000.0,3941300000.0,,2386900000.0,,2507000000.0,601300000.0,1905700000.0,2.74,2.69,697700000.0,711900000.0,1995600000.0,,3372700000.0,1965700000.0,,,,8023700000.0,,2179200000.0,16024400000.0,6344500000.0,1149400000.0,33721200000.0,,2539300000.0,,4279400000.0,,,,4625500000.0,,17233500000.0,-25200000.0,21304600000.0,33721200000.0,,85700000.0,,5400000.0,119000000.0,,,99700000.0,,,2507100000.0,,,,,868600000.0,391800000.0,,3600000.0,-572000000.0,148700000.0,,-1620900000.0,316900000.0,351000000.0
2013-12-31,19118000000.0,9160400000.0,9957600000.0,1249900000.0,5432800000.0,,3274900000.0,,3566000000.0,871000000.0,2695000000.0,3.87,3.8,696000000.0,711000000.0,3115200000.0,,3451600000.0,1783500000.0,-1709500000.0,,,9113700000.0,,2211300000.0,16038200000.0,6247700000.0,1061300000.0,34672200000.0,,2686900000.0,,4527400000.0,,,,4256700000.0,,18005300000.0,214500000.0,22385300000.0,34672200000.0,895000000.0,117700000.0,,48700000.0,-62900000.0,,,182600000.0,,,3585300000.0,,,,,957200000.0,551500000.0,,2400000.0,-552500000.0,177400000.0,49000000.0,-1605800000.0,1436500000.0,
2014-03-28,4662700000.0,2209800000.0,2452900000.0,313400000.0,1350600000.0,,788900000.0,,761300000.0,181600000.0,579700000.0,0.83,0.81,700100000.0,714800000.0,3346500000.0,,3467600000.0,1871300000.0,,,,9404300000.0,,2182600000.0,16148300000.0,6212600000.0,1094800000.0,35042600000.0,,2554900000.0,,4304400000.0,,,,4286500000.0,,18515100000.0,218600000.0,22961700000.0,35042600000.0,,29000000.0,,5900000.0,67000000.0,,,-96800000.0,,,511200000.0,,,,,162800000.0,130900000.0,,-9000000.0,-284700000.0,30000000.0,,14700000.0,231300000.0,
2014-06-27,9626300000.0,4553200000.0,5073100000.0,649800000.0,2745100000.0,,1678200000.0,,1640300000.0,384200000.0,1256100000.0,1.79,1.76,701200000.0,715600000.0,3321100000.0,,3631800000.0,1894200000.0,,,,9507300000.0,,2232100000.0,16398400000.0,6369100000.0,1145200000.0,35652100000.0,,2622900000.0,,4406700000.0,,,,4436500000.0,,19121400000.0,305800000.0,23720500000.0,35652100000.0,,55000000.0,,158700000.0,58800000.0,,,-51000000.0,,,1502900000.0,,,,,606700000.0,278600000.0,,-11200000.0,-849100000.0,60900000.0,,-443500000.0,205900000.0,
2014-09-26,14496600000.0,6857800000.0,7638800000.0,978100000.0,4116700000.0,,2544000000.0,,2517400000.0,580700000.0,1936700000.0,2.76,2.71,702600000.0,716200000.0,4025300000.0,,3498100000.0,1874000000.0,,,,9989500000.0,,2161600000.0,15978700000.0,6213900000.0,1192200000.0,35535900000.0,,2715700000.0,,4471100000.0,,,,4290000000.0,,19731700000.0,-379800000.0,23740700000.0,35535900000.0,,88900000.0,,97700000.0,77000000.0,,,-62900000.0,,,2519000000.0,,,,,634900000.0,421400000.0,,-20700000.0,-998200000.0,75000000.0,,-498600000.0,910100000.0,
2014-12-31,19913800000.0,9471300000.0,10442500000.0,1314200000.0,5697000000.0,,3431300000.0,,3481800000.0,883400000.0,2598400000.0,3.7,3.63,702200000.0,716100000.0,3005600000.0,,3633800000.0,1831500000.0,-1835100000.0,,,9431300000.0,,2203000000.0,16964200000.0,7369200000.0,1024000000.0,36991700000.0,,3449500000.0,766500000.0,5396400000.0,186800000.0,,,4744000000.0,,20323000000.0,-1433700000.0,23378100000.0,36991700000.0,938500000.0,121100000.0,,142200000.0,-50600000.0,,,118400000.0,,,3758400000.0,,,,,3130900000.0,597500000.0,,-30300000.0,-3444300000.0,132900000.0,50000000.0,-218200000.0,-109600000.0,
2015-04-03,4873300000.0,2273300000.0,2600000000.0,339100000.0,1486700000.0,,774200000.0,,746300000.0,176500000.0,569800000.0,0.81,0.79,707200000.0,718700000.0,2511000000.0,,3446900000.0,1897200000.0,,,,8774400000.0,,2135900000.0,16711500000.0,7358400000.0,1092100000.0,36072300000.0,,3096700000.0,,4952700000.0,,,,4675100000.0,,20797300000.0,-2107900000.0,23321000000.0,36072300000.0,,31400000.0,,-125600000.0,119000000.0,,,-91300000.0,,,523600000.0,,,,,487600000.0,119200000.0,,-3200000.0,-690700000.0,61600000.0,,-260800000.0,-494600000.0,
2015-07-03,10000400000.0,4640200000.0,5360200000.0,684000000.0,2970900000.0,,1705300000.0,,1649900000.0,384500000.0,1265400000.0,1.79,1.76,709500000.0,719600000.0,3342000000.0,,3565200000.0,1912200000.0,,,,9654500000.0,,2161300000.0,16935100000.0,7097300000.0,1138600000.0,36986800000.0,,3201400000.0,,5055600000.0,,,,4706500000.0,,21397200000.0,-2032100000.0,24101200000.0,36986800000.0,,60800000.0,,-44700000.0,108500000.0,,,-101800000.0,,,1617600000.0,,,,,598900000.0,258100000.0,,-6500000.0,-937600000.0,131500000.0,,-299400000.0,336400000.0,
2015-10-02,14678300000.0,6929100000.0,7749200000.0,912000000.0,4346900000.0,,2490300000.0,,2404300000.0,540800000.0,2668800000.0,3.8,3.75,701700000.0,712300000.0,1833500000.0,,3906100000.0,2340600000.0,,,,8931800000.0,,2791600000.0,25128700000.0,11690500000.0,1165300000.0,49707900000.0,,3274500000.0,,8625600000.0,,,,6375800000.0,,20416400000.0,-2199000000.0,23112700000.0,49707900000.0,,101200000.0,,-49500000.0,96500000.0,,,-142600000.0,,,2570200000.0,,,,,14207100000.0,438700000.0,,-38100000.0,-14690600000.0,198100000.0,,11029900000.0,-1172100000.0,
2015-12-31,20563100000.0,9800600000.0,10762500000.0,1239100000.0,6054300000.0,,3469100000.0,,3324000000.0,725300000.0,3357400000.0,4.81,4.74,698100000.0,708500000.0,790800000.0,,3964100000.0,2095400000.0,1976600000.0,,,7836700000.0,,2825600000.0,25070300000.0,11270300000.0,1219300000.0,48222200000.0,,3276200000.0,633700000.0,6170400000.0,160400000.0,,,6262600000.0,,21012300000.0,-2311200000.0,23690300000.0,48222200000.0,1051300000.0,139000000.0,,52100000.0,-119700000.0,,,103900000.0,,,3801800000.0,,,,,14305000000.0,633000000.0,,-69900000.0,-14951000000.0,249000000.0,88000000.0,9050200000.0,-2214800000.0,
2016-04-01,5387200000.0,2524600000.0,2862600000.0,319800000.0,1660700000.0,,882100000.0,,1043800000.0,285400000.0,758400000.0,1.1,1.09,688600000.0,697100000.0,664300000.0,,3871200000.0,2237700000.0,,,,7747200000.0,,2872500000.0,25485400000.0,11263800000.0,1016700000.0,48385600000.0,,3205500000.0,,5321300000.0,,,,6292500000.0,,21660600000.0,-2236500000.0,24504700000.0,48385600000.0,,41100000.0,,-144200000.0,110600000.0,,,-155000000.0,,,772800000.0,,,,,107500000.0,151000000.0,,-2000000.0,8300000.0,43900000.0,,-890600000.0,-126500000.0,
2016-07-01,11172200000.0,5160200000.0,6012000000.0,656400000.0,3439000000.0,,1916600000.0,,2011900000.0,596800000.0,1415100000.0,2.05,2.03,690900000.0,698900000.0,4097600000.0,,3994800000.0,2240200000.0,,,,11231000000.0,,2784800000.0,25378300000.0,11083500000.0,1026100000.0,51503700000.0,,3388200000.0,,8025900000.0,,,,6349800000.0,,22206800000.0,-2391200000.0,25045100000.0,51503700000.0,,87300000.0,,31900000.0,141800000.0,,,-54700000.0,,,2054600000.0,,,,,105400000.0,334900000.0,,-9600000.0,-165900000.0,144800000.0,,1474100000.0,3306800000.0,
2016-09-30,12298100000.0,5463500000.0,6834600000.0,707100000.0,4105200000.0,,2022300000.0,,1914900000.0,508500000.0,1806700000.0,2.62,2.59,692200000.0,701300000.0,971400000.0,,3081800000.0,1712200000.0,,,,6493200000.0,,2255100000.0,21580900000.0,10307900000.0,660400000.0,41297500000.0,,2599800000.0,,4763400000.0,,,,5766600000.0,,20043100000.0,-2122300000.0,23191600000.0,41297500000.0,,96300000.0,,94800000.0,138500000.0,,,-38100000.0,,,2872800000.0,,,,,99600000.0,422100000.0,,-7200000.0,-319500000.0,156600000.0,,-2304300000.0,180600000.0,
2016-12-31,16882400000.0,7547800000.0,9334600000.0,975100000.0,5608600000.0,,2750900000.0,,2611300000.0,457900000.0,2553700000.0,3.69,3.65,691200000.0,699800000.0,963700000.0,,3186100000.0,1709400000.0,1637300000.0,,,6665100000.0,,2354000000.0,23826900000.0,11818000000.0,631300000.0,45295300000.0,,2794200000.0,539800000.0,6874000000.0,92700000.0,,,5670300000.0,,20703500000.0,-3021700000.0,23002800000.0,45295300000.0,1128100000.0,129800000.0,,183100000.0,-9400000.0,,,78100000.0,,,3521800000.0,,,,,4880100000.0,589600000.0,,-31700000.0,-5243000000.0,164500000.0,50000000.0,2042700000.0,172900000.0,
2017-03-31,4205700000.0,1871400000.0,2334300000.0,267400000.0,1443000000.0,,623900000.0,,585200000.0,101400000.0,506100000.0,0.73,0.72,694300000.0,705700000.0,803900000.0,,3034900000.0,1764900000.0,,,,6318900000.0,,2408700000.0,24015000000.0,11816800000.0,685700000.0,45245100000.0,,2379900000.0,,6003100000.0,,,,5721600000.0,,21112400000.0,-2705200000.0,23785800000.0,45245100000.0,,33600000.0,,-168300000.0,56900000.0,,,-90900000.0,,,560200000.0,,,,,0.0,158600000.0,,5100000.0,-163700000.0,20500000.0,,-590700000.0,-159800000.0,
2017-06-30,8715800000.0,3899200000.0,4816600000.0,550700000.0,2958300000.0,,1307600000.0,,1230000000.0,188900000.0,1063400000.0,1.53,1.51,695400000.0,705500000.0,726400000.0,,3214800000.0,1791700000.0,,,,6256600000.0,,2422800000.0,24523600000.0,11749900000.0,693900000.0,45646800000.0,,2606100000.0,,4202600000.0,,,,5426500000.0,,21572300000.0,-2414500000.0,24590000000.0,45646800000.0,,71400000.0,,-72100000.0,45400000.0,,,-104100000.0,,,1570700000.0,,,,,93900000.0,306500000.0,,2500000.0,-372900000.0,35800000.0,,-1515700000.0,-237300000.0,
2017-09-29,13244000000.0,5890600000.0,7353400000.0,829900000.0,4448400000.0,,2075100000.0,,1959800000.0,346600000.0,1635500000.0,2.35,2.32,696200000.0,705600000.0,648600000.0,,3254600000.0,1892300000.0,,,,6260200000.0,,2424900000.0,24783800000.0,11693300000.0,689100000.0,45851300000.0,,2703500000.0,,4387500000.0,,,,5356400000.0,,22047100000.0,-2151800000.0,25375400000.0,45851300000.0,,104800000.0,,-74600000.0,98200000.0,,,-48500000.0,,,2643100000.0,,,,,112000000.0,445800000.0,,2400000.0,-527900000.0,49000000.0,,-2544600000.0,-315100000.0,
2017-12-31,18329700000.0,8137200000.0,10192500000.0,1128800000.0,6042500000.0,,3021200000.0,,2938800000.0,469000000.0,2492100000.0,3.58,3.53,695800000.0,706100000.0,630300000.0,,3521800000.0,1840800000.0,1150400000.0,,,6850000000.0,,2454600000.0,25138600000.0,11667100000.0,538300000.0,46648600000.0,,3087700000.0,666000000.0,4792300000.0,104900000.0,,,5161100000.0,,22806100000.0,-1994200000.0,26358200000.0,46648600000.0,1238300000.0,139400000.0,,161400000.0,27400000.0,,,-54400000.0,,,3477800000.0,,,,,386000000.0,619600000.0,,8500000.0,-843400000.0,68800000.0,55000000.0,-3098500000.0,-333400000.0,
2018-03-30,4695400000.0,2051800000.0,2643600000.0,298700000.0,1601900000.0,,743000000.0,,713100000.0,146500000.0,566600000.0,0.81,0.8,698600000.0,709500000.0,1045700000.0,,3270700000.0,,,,,7075100000.0,,2475900000.0,25437900000.0,11581000000.0,575300000.0,47145200000.0,,2765200000.0,,4442900000.0,,,,5089800000.0,,23415400000.0,-1844700000.0,27189900000.0,47145200000.0,,33300000.0,,-219000000.0,128900000.0,,,51400000.0,,,828900000.0,,,,,,137900000.0,,7100000.0,-122700000.0,23200000.0,,-321700000.0,415400000.0,
2018-06-29,9676400000.0,4215700000.0,5460700000.0,610400000.0,3239800000.0,,1610500000.0,,1548200000.0,307800000.0,1240400000.0,1.77,1.75,700200000.0,709500000.0,904000000.0,,3296600000.0,,,,,6913100000.0,,2492900000.0,25916500000.0,12185900000.0,547400000.0,48055800000.0,,2843300000.0,,4605400000.0,,,,5080400000.0,,23977200000.0,-2479200000.0,27212300000.0,48055800000.0,,73400000.0,,-159600000.0,197100000.0,,,87000000.0,,,1864900000.0,,,,,2067800000.0,291700000.0,,29300000.0,-2365300000.0,49700000.0,,850400000.0,273700000.0,
2018-09-28,14529500000.0,6378300000.0,8151200000.0,911600000.0,4798400000.0,,2441200000.0,,2349500000.0,445400000.0,1904100000.0,2.72,2.68,701400000.0,710600000.0,776200000.0,,3323100000.0,,,,,6830500000.0,,2462300000.0,26035000000.0,11814400000.0,577300000.0,47719500000.0,,2835900000.0,,4465300000.0,,,,5011000000.0,,24528700000.0,-2635700000.0,27673400000.0,47719500000.0,,111600000.0,,-128600000.0,255400000.0,,,71500000.0,,,2784400000.0,,,,,2173300000.0,441300000.0,,61100000.0,-2652000000.0,77300000.0,,117700000.0,145900000.0,
2018-12-31,19893000000.0,8785900000.0,11107100000.0,1231200000.0,6472100000.0,,3403800000.0,,3292800000.0,641900000.0,2650900000.0,3.78,3.74,700600000.0,710200000.0,787800000.0,,3489600000.0,1910100000.0,1139300000.0,,,7093800000.0,,2511200000.0,25906000000.0,11673100000.0,648400000.0,47832500000.0,,3076900000.0,685200000.0,4841500000.0,,,3577700000.0,5075800000.0,,25163000000.0,-2791100000.0,28214400000.0,47832500000.0,1307700000.0,151400000.0,,58300000.0,143300000.0,,,225800000.0,,,4022000000.0,,,,,2173300000.0,655700000.0,,0.0,-2949400000.0,96000000.0,,-797400000.0,157500000.0,
2019-03-29,4879900000.0,2161900000.0,2718000000.0,310800000.0,1683400000.0,,723800000.0,,721400000.0,387600000.0,333800000.0,0.46,0.46,707600000.0,718500000.0,3910000000.0,,3409200000.0,,,,,10080400000.0,,2504300000.0,26001400000.0,11541900000.0,1646400000.0,51774400000.0,,2920000000.0,,4632800000.0,,,,6114700000.0,,25368500000.0,-2796100000.0,31556600000.0,51774400000.0,,39200000.0,,-73800000.0,132300000.0,,,-32300000.0,,,703300000.0,,,,,308200000.0,155700000.0,,-7800000.0,-498500000.0,1443200000.0,,2877800000.0,3122200000.0,-6300000.0
2019-06-28,10036500000.0,4441100000.0,5595400000.0,632600000.0,3355200000.0,,1607600000.0,,1617100000.0,552000000.0,1065100000.0,1.45,1.43,717600000.0,727900000.0,5433600000.0,,3481600000.0,,,,,11603700000.0,,2541600000.0,26074500000.0,11424100000.0,1678100000.0,53322000000.0,,3190200000.0,,5008000000.0,,,,5956400000.0,,25955000000.0,-2844300000.0,32201200000.0,53322000000.0,,85400000.0,,-7400000.0,171500000.0,,,-47000000.0,,,1874800000.0,,,,,326600000.0,336500000.0,,-15900000.0,-727400000.0,1443200000.0,,3482800000.0,4645800000.0,196100000.0
2019-09-27,15073800000.0,6670000000.0,8403800000.0,951500000.0,5009900000.0,,2442400000.0,,2460100000.0,721100000.0,1733100000.0,2.36,2.32,718800000.0,729300000.0,14252100000.0,,3467100000.0,,,,,20353700000.0,,2519600000.0,25724800000.0,11145900000.0,1787100000.0,61531100000.0,,3258600000.0,,5934000000.0,,,,5865300000.0,,26481200000.0,-3088300000.0,32502300000.0,61531100000.0,,130000000.0,,26300000.0,169400000.0,,,-81500000.0,,,2840400000.0,,,,,331100000.0,518400000.0,,-28900000.0,-972000000.0,1443200000.0,,11610500000.0,13464300000.0,494800000.0
2019-12-31,17911100000.0,7927400000.0,9983700000.0,1126000000.0,5588300000.0,,3269400000.0,,3305300000.0,873000000.0,3008200000.0,4.11,4.05,715000000.0,725500000.0,19912300000.0,,3191400000.0,1628300000.0,1244800000.0,,,25596600000.0,,2302000000.0,22712500000.0,9749700000.0,1720800000.0,62081600000.0,,3205300000.0,687800000.0,4932100000.0,118100000.0,,3308800000.0,5350900000.0,,24166300000.0,-3068300000.0,30270600000.0,62081600000.0,1189500000.0,158800000.0,,156400000.0,21900000.0,,,18100000.0,,,3951600000.0,,,,,331300000.0,635500000.0,,-28900000.0,-1238100000.0,1443200000.0,,16365900000.0,19124500000.0,
2020-04-03,4343100000.0,1900300000.0,2442800000.0,287000000.0,1458300000.0,,697500000.0,,711100000.0,116000000.0,595100000.0,0.83,0.81,697200000.0,707900000.0,4367700000.0,,3433300000.0,,,,,11142600000.0,,2988500000.0,33725500000.0,18512600000.0,2561100000.0,68930300000.0,,3483000000.0,,8465600000.0,,,,6661100000.0,,24608600000.0,-2791300000.0,31055100000.0,68930300000.0,,45200000.0,,-181600000.0,175600000.0,,,10000000.0,,,819000000.0,,,,,20734500000.0,132500000.0,,-35200000.0,-20868600000.0,0.0,,4633500000.0,-15544600000.0,60900000.0
2020-07-03,9640500000.0,4345100000.0,5295400000.0,609600000.0,3143700000.0,,1542100000.0,,1932000000.0,409600000.0,1522400000.0,2.09,2.06,705100000.0,718200000.0,5539300000.0,,3378400000.0,,,,,12343800000.0,,2972900000.0,33227100000.0,20444500000.0,2280100000.0,71268400000.0,,3984100000.0,,5599900000.0,,,,7025600000.0,,25373500000.0,-1863100000.0,36261700000.0,71268400000.0,,91800000.0,,-274300000.0,70400000.0,,,-160300000.0,,,2264000000.0,,,,,20735600000.0,287900000.0,,-11400000.0,-20329300000.0,1728500000.0,,3745500000.0,-14373000000.0,333100000.0
2020-10-02,15523700000.0,7002800000.0,8520900000.0,952200000.0,4939000000.0,,2629700000.0,,2953500000.0,547600000.0,2405900000.0,3.28,3.22,710900000.0,724300000.0,5687700000.0,,3495700000.0,,,,,12541200000.0,,3052300000.0,34269700000.0,20854200000.0,2173300000.0,72890700000.0,,4340400000.0,,6038400000.0,,,,7073700000.0,,26087800000.0,-1021100000.0,37961000000.0,72890700000.0,,137100000.0,,-211400000.0,243700000.0,,,-107000000.0,,,3986700000.0,,,,,20818500000.0,475200000.0,,-23600000.0,-20657700000.0,1728500000.0,,2425700000.0,-14224600000.0,644100000.0
2020-12-31,22284000000.0,9809000000.0,12475000000.0,1348000000.0,6896000000.0,,4231000000.0,,4495000000.0,849000000.0,3646000000.0,4.97,4.89,706200000.0,718700000.0,,,4045000000.0,2292000000.0,1338000000.0,,,13802000000.0,,3262000000.0,35420000000.0,21282000000.0,2395000000.0,76161000000.0,,5342000000.0,1212000000.0,7402000000.0,205000000.0,,4951000000.0,7789000000.0,,27159000000.0,-368000000.0,39766000000.0,76161000000.0,1775000000.0,187000000.0,,264000000.0,123000000.0,,,227000000.0,,,6208000000.0,,,,,20971000000.0,791000000.0,,-24000000.0,-21239000000.0,1730000000.0,,1006000000.0,-13877000000.0,
2021-04-02,6858000000.0,2605000000.0,4253000000.0,380000000.0,1876000000.0,,1997000000.0,,2083000000.0,381000000.0,1702000000.0,2.33,2.29,713200000.0,735100000.0,,,3949000000.0,,,,,14012000000.0,,3266000000.0,34880000000.0,20393000000.0,2875000000.0,75426000000.0,,4825000000.0,,6824000000.0,,,,7905000000.0,,28670000000.0,-1322000000.0,40419000000.0,75426000000.0,,54000000.0,,-59000000.0,171000000.0,,,-38000000.0,,,1871000000.0,,,,,419000000.0,251000000.0,,-16000000.0,-993000000.0,,,-449000000.0,295000000.0,122000000.0
2021-07-02,14076000000.0,5426000000.0,8650000000.0,806000000.0,3842000000.0,,4002000000.0,,4126000000.0,725000000.0,3487000000.0,4.77,4.68,714500000.0,736000000.0,,,4103000000.0,,,,,15392000000.0,,3410000000.0,35590000000.0,20517000000.0,3118000000.0,78027000000.0,,4835000000.0,,6825000000.0,,,,8036000000.0,,30264000000.0,-675000000.0,42756000000.0,78027000000.0,,107000000.0,,71000000.0,292000000.0,,,-70000000.0,,,3991000000.0,,,,,1100000000.0,556000000.0,,-18000000.0,-2060000000.0,0.0,,-588000000.0,1287000000.0,568000000.0
2021-10-01,21305000000.0,8296000000.0,13009000000.0,1247000000.0,5904000000.0,,5311000000.0,,5513000000.0,954000000.0,4645000000.0,6.33,6.22,715100000.0,736400000.0,,,4194000000.0,,,,,10776000000.0,,3640000000.0,41237000000.0,23375000000.0,3470000000.0,82498000000.0,,5117000000.0,,7257000000.0,,,,8189000000.0,,31231000000.0,-1061000000.0,43451000000.0,82498000000.0,,159000000.0,,152000000.0,438000000.0,,,100000000.0,,,6025000000.0,,,,,10628000000.0,874000000.0,,-35000000.0,-12108000000.0,0.0,,2717000000.0,-3483000000.0,1086000000.0
2021-12-31,29453000000.0,11501000000.0,17952000000.0,1742000000.0,8198000000.0,,7465000000.0,,7598000000.0,1251000000.0,6433000000.0,8.77,8.61,714600000.0,736800000.0,,,4631000000.0,2767000000.0,1233000000.0,,,11648000000.0,,3790000000.0,41184000000.0,22843000000.0,3719000000.0,83184000000.0,,5563000000.0,1613000000.0,8140000000.0,213000000.0,,4750000000.0,7699000000.0,,32827000000.0,-1027000000.0,45167000000.0,83184000000.0,2168000000.0,218000000.0,,611000000.0,502000000.0,,,549000000.0,,,8358000000.0,,,,,10961000000.0,1294000000.0,,-37000000.0,-12987000000.0,0.0,,1295000000.0,-3449000000.0,
2022-04-01,7688000000.0,2983000000.0,4705000000.0,441000000.0,2092000000.0,,2172000000.0,,2099000000.0,374000000.0,1725000000.0,2.35,2.31,716300000.0,737700000.0,,,4407000000.0,3072000000.0,,,,12670000000.0,,3815000000.0,40663000000.0,22146000000.0,4098000000.0,83392000000.0,,5180000000.0,,7547000000.0,,,,7715000000.0,,34332000000.0,-1376000000.0,46356000000.0,83392000000.0,,80000000.0,,-80000000.0,431000000.0,,,-131000000.0,,,1968000000.0,,,,,17000000.0,250000000.0,,-19000000.0,-503000000.0,,,-274000000.0,1131000000.0,227000000.0
2022-07-01,15439000000.0,6013000000.0,9426000000.0,872000000.0,4177000000.0,,4377000000.0,,4168000000.0,763000000.0,3405000000.0,4.63,4.56,726700000.0,736800000.0,,,4527000000.0,3257000000.0,,,,13229000000.0,,3794000000.0,39276000000.0,20907000000.0,4600000000.0,81806000000.0,,5127000000.0,,7556000000.0,,,,7597000000.0,,35808000000.0,-2745000000.0,46594000000.0,81806000000.0,,181000000.0,,145000000.0,668000000.0,,,-11000000.0,,,3968000000.0,,,,,77000000.0,546000000.0,,-22000000.0,-903000000.0,,,-1434000000.0,1398000000.0,625000000.0
2022-09-30,23102000000.0,9092000000.0,14010000000.0,1292000000.0,6326000000.0,,6392000000.0,,6099000000.0,1122000000.0,4977000000.0,6.76,6.67,728500000.0,737400000.0,,,4409000000.0,3236000000.0,,,,14250000000.0,,3719000000.0,38251000000.0,19964000000.0,4846000000.0,81030000000.0,,5106000000.0,,8002000000.0,,,,7493000000.0,,37177000000.0,-3854000000.0,46985000000.0,81030000000.0,,270000000.0,,134000000.0,729000000.0,,,-180000000.0,,,5978000000.0,,,,,304000000.0,823000000.0,,-36000000.0,-1418000000.0,,,-1664000000.0,2564000000.0,1094000000.0
2022-12-31,31471000000.0,12522000000.0,18949000000.0,1745000000.0,8516000000.0,,8688000000.0,,8292000000.0,1083000000.0,7209000000.0,9.8,9.66,725100000.0,737100000.0,,,4918000000.0,3110000000.0,1426000000.0,,,15883000000.0,,3956000000.0,39752000000.0,20300000000.0,4459000000.0,84350000000.0,,5502000000.0,1648000000.0,8389000000.0,235000000.0,,4213000000.0,6785000000.0,,39205000000.0,-2872000000.0,50082000000.0,84350000000.0,2222000000.0,336000000.0,,477000000.0,486000000.0,,,5000000.0,,,8519000000.0,,,,,637000000.0,1152000000.0,,-51000000.0,-2234000000.0,0.0,,-2570000000.0,3409000000.0,
2023-03-31,7167000000.0,2797000000.0,4370000000.0,429000000.0,2147000000.0,,1794000000.0,,1798000000.0,348000000.0,1450000000.0,1.96,1.94,729400000.0,737200000.0,,,4313000000.0,3383000000.0,,,,16532000000.0,,4065000000.0,39856000000.0,19976000000.0,4611000000.0,85040000000.0,,5078000000.0,,8730000000.0,,,,6563000000.0,,40437000000.0,-2766000000.0,51478000000.0,85040000000.0,,79000000.0,,-631000000.0,257000000.0,,,-228000000.0,,,1947000000.0,,,,,0.0,275000000.0,,-13000000.0,-304000000.0,,,-262000000.0,1384000000.0,228000000.0
2023-06-30,14324000000.0,5913000000.0,8411000000.0,847000000.0,4341000000.0,,3223000000.0,,3190000000.0,634000000.0,2556000000.0,3.46,3.42,737300000.0,744700000.0,,,4199000000.0,3183000000.0,,,,17461000000.0,,4176000000.0,39576000000.0,19317000000.0,4372000000.0,84902000000.0,,4858000000.0,,8404000000.0,,,,6489000000.0,,41344000000.0,-3576000000.0,51716000000.0,84902000000.0,,188000000.0,,-765000000.0,128000000.0,,,-363000000.0,,,3873000000.0,,,,,0.0,616000000.0,,-17000000.0,-735000000.0,,,-470000000.0,2580000000.0,694000000.0
2023-09-29,21197000000.0,8786000000.0,12411000000.0,1264000000.0,6486000000.0,,4661000000.0,,4587000000.0,902000000.0,3685000000.0,4.98,4.94,739400000.0,745900000.0,,,4201000000.0,3024000000.0,,,,21205000000.0,,4302000000.0,39155000000.0,18786000000.0,4286000000.0,87734000000.0,,4926000000.0,,9367000000.0,,,,6439000000.0,,42272000000.0,-3959000000.0,52407000000.0,87734000000.0,,280000000.0,,-709000000.0,25000000.0,,,-399000000.0,,,5545000000.0,,,,,0.0,981000000.0,,-28000000.0,-1064000000.0,,,1973000000.0,6282000000.0,1170000000.0
2023-12-31,23890000000.0,9856000000.0,14034000000.0,1503000000.0,7329000000.0,,5202000000.0,,5044000000.0,823000000.0,4764000000.0,6.44,6.38,736500000.0,743100000.0,,,3922000000.0,2594000000.0,1905000000.0,,,13937000000.0,,4553000000.0,41608000000.0,20746000000.0,3644000000.0,84488000000.0,,4813000000.0,1465000000.0,8274000000.0,,,3428000000.0,6017000000.0,,41074000000.0,-1748000000.0,53486000000.0,84488000000.0,2166000000.0,306000000.0,,-322000000.0,-185000000.0,,,-149000000.0,,,7164000000.0,,,,,5610000000.0,1383000000.0,,-44000000.0,-7081000000.0,,,-273000000.0,-131000000.0,1800000000.0
2024-03-29,5796000000.0,2309000000.0,3487000000.0,368000000.0,1807000000.0,,1312000000.0,,1271000000.0,183000000.0,1088000000.0,1.47,1.45,740600000.0,748600000.0,,,3379000000.0,2645000000.0,,,,14372000000.0,,4562000000.0,40846000000.0,19888000000.0,3734000000.0,83402000000.0,,4353000000.0,,7778000000.0,,,,5760000000.0,,41962000000.0,-2744000000.0,53442000000.0,83402000000.0,,60000000.0,,-516000000.0,118000000.0,,,-74000000.0,,,1739000000.0,,,,,,291000000.0,,-14000000.0,-321000000.0,,,-133000000.0,1167000000.0,222000000.0
2024-06-28,11539000000.0,4624000000.0,6915000000.0,759000000.0,3676000000.0,,2480000000.0,,2354000000.0,359000000.0,1995000000.0,2.7,2.68,739100000.0,745500000.0,,,3298000000.0,2671000000.0,,,,9609000000.0,,4643000000.0,40805000000.0,19545000000.0,3953000000.0,78555000000.0,,4355000000.0,,6701000000.0,,,,5643000000.0,,42673000000.0,-2591000000.0,49897000000.0,78555000000.0,,147000000.0,,-590000000.0,152000000.0,,,-104000000.0,,,3156000000.0,,,,,12000000.0,578000000.0,,-26000000.0,-681000000.0,,,-5848000000.0,-3490000000.0,618000000.0
2024-09-27,17337000000.0,7021000000.0,10316000000.0,1142000000.0,5736000000.0,,3438000000.0,,3331000000.0,518000000.0,2813000000.0,3.83,3.8,733800000.0,740100000.0,,,3507000000.0,2678000000.0,,,,10060000000.0,,4843000000.0,42173000000.0,19854000000.0,3685000000.0,80615000000.0,,4543000000.0,,7339000000.0,,,,5647000000.0,,43296000000.0,-1310000000.0,51299000000.0,80615000000.0,,231000000.0,,-482000000.0,117000000.0,,,-186000000.0,,,4669000000.0,,,,,525000000.0,876000000.0,,-39000000.0,-1287000000.0,,,-6693000000.0,-3237000000.0,933000000.0
,,,,,,,,,,,,,,,,,,,,,,,,,,,,,,,,,,,,,,,,,,,,,,,,,,,,,,,,,,,,,,,,,,,
