Date,Net sales,Cost of sales,Gross margin,Research and development,"Selling, general and administrative",Total operating expenses,Operating income,"Other income/(expense), net",Income before provision for income taxes,Provision for income taxes,Net income,Earnings per share basic,Earnings per share diluted,Weighted-average basic,Weighted-average diluted,Cash and cash equivalents,Short-term marketable securities,"Accounts receivable, net",Inventories,Deferred tax assets,Vendor non-trade receivables,Other current assets,Total current assets,Long-term marketable securities,"Property, Plant and Equipment, Net",Goodwill,"Acquired intangible assets, net","Other Assets, Noncurrent",Total assets,accounts payable,Accrued expenses,Deferred revenue,Total current liabilities,Deferred revenue - non-current,deferred tax liabilities,long term taxes payable,Total other non-current liabilities,Total liabilities,Retained Earnings (Accumulated Deficit),Accumulated other comprehensive (loss)/income,Total shareholders equity,Total liabilities and shareholders' equity,"Depreciation, amortization and accretion",Stock-based compensation expense,Deferred income tax expense,"Increase (Decrease) in Accounts receivable, net",Increase (Decrease) in Inventories,Increase (Decrease) in Other Receivables,Increase (Decrease) in Other Operating Assets,Increase (Decrease) in Accounts Payable,Increase (Decrease) in Deferred Revenue,Increase (Decrease) Other liabilities,Cash generated by operating activities,Purchases of marketable securities,Proceeds from maturities of marketable securities,Proceeds from sales of marketable securities,Purchases of other long-term investments,"Business acquisitions, net of cash acquired",Cash payments for capital asset purchases,Payments for acquisition of intangible assets,Payments for (Proceeds from) Other Investing Activities,Cash used in investing activities,Proceeds from issuance of common stock,Excess tax benefits from stock-based compensation,Cash generated/used in financing activities,Increase/(decrease) in cash and cash equivalents,"Cash paid for income taxes, net"
2010-07-31,,,933700000.0,,703300000.0,,230400000.0,,227100000.0,85500000.0,141600000.0,1.1,1.1,,,429300000.0,,,,,,29800000.0,1261700000.0,,724100000.0,133300000.0,,85500000.0,2257300000.0,288600000.0,159000000.0,,491900000.0,,,15200000.0,118700000.0,875800000.0,,,1381500000.0,2257300000.0,78700000.0,,,,,,,,,,153800000.0,,,,,,90100000.0,,200000.0,-97800000.0,,7600000.0,-198300000.0,-142300000.0,116500000.0
2010-10-30,,,1439700000.0,,1068400000.0,,371300000.0,,371800000.0,137000000.0,234800000.0,1.84,1.82,,,309500000.0,,,,,,39500000.0,1366400000.0,,741400000.0,133300000.0,,81000000.0,2362100000.0,303200000.0,227300000.0,,566500000.0,,,14800000.0,118600000.0,949900000.0,,,1412200000.0,2362100000.0,117600000.0,,,,,,,,,,174800000.0,,,,,,146700000.0,,200000.0,-186000000.0,,7800000.0,-250900000.0,-262100000.0,164900000.0
2011-01-29,,,2087600000.0,,1457600000.0,,630000000.0,,629900000.0,232600000.0,397300000.0,3.13,3.1,127100000.0,128000000.0,311200000.0,,,,54300000.0,,,1333300000.0,,741100000.0,173100000.0,,95000000.0,2380500000.0,261400000.0,190500000.0,,532800000.0,,,15200000.0,123500000.0,921500000.0,1458200000.0,-400000.0,1459000000.0,2380500000.0,159700000.0,28300000.0,-14400000.0,,,,2000000.0,28100000.0,,-9200000.0,518700000.0,,,,,49400000.0,178700000.0,,,-374100000.0,,7800000.0,-404300000.0,-260400000.0,223700000.0
2011-04-30,,,540800000.0,,379100000.0,,161700000.0,,161500000.0,60500000.0,101000000.0,0.82,0.82,122.6,123.5,371300000.0,,,,,,44000000.0,1325500000.0,,760200000.0,175000000.0,,95500000.0,2381300000.0,276000000.0,170600000.0,,504700000.0,,,15400000.0,124500000.0,894600000.0,,,1486700000.0,2381300000.0,39200000.0,,,,,,,,,,156300000.0,,,,,,58300000.0,,-400000.0,-22100000.0,,9800000.0,-75000000.0,60100000.0,59500000.0
2011-07-30,,,1083200000.0,,768000000.0,,315200000.0,,313800000.0,117900000.0,195900000.0,1.6,1.59,122.4,123.2,421600000.0,,,,,,49000000.0,1408300000.0,,783100000.0,175000000.0,,94700000.0,2478900000.0,302700000.0,169100000.0,,495800000.0,,,15500000.0,129900000.0,891200000.0,,,1587700000.0,2478900000.0,78800000.0,,,,,,,,,,259200000.0,,,,,,121300000.0,,0.0,-70300000.0,,10300000.0,-79400000.0,110400000.0,145000000.0
2011-10-29,,,1643800000.0,,1163700000.0,,480100000.0,,478000000.0,177600000.0,300400000.0,2.47,2.45,121.6,122.4,280200000.0,,,,,,46900000.0,1332500000.0,,816500000.0,173500000.0,,93700000.0,2431200000.0,351900000.0,209000000.0,,587100000.0,,,15200000.0,132000000.0,984300000.0,,,1446900000.0,2431200000.0,119900000.0,,,,,,,,,,318700000.0,,,,,,196800000.0,,0.0,-22000000.0,,10500000.0,-327600000.0,-31000000.0,201300000.0
2012-04-28,,,602700000.0,,414700000.0,,188000000.0,,188600000.0,72500000.0,116100000.0,1.0,1.0,115800000.0,116400000.0,382300000.0,,,,,,47100000.0,1304400000.0,,848800000.0,174000000.0,,104700000.0,2451100000.0,319100000.0,187000000.0,,816000000.0,,,15700000.0,138800000.0,970500000.0,,,1480600000.0,2451100000.0,41800000.0,,,,,,,,,,134500000.0,,,,,,65400000.0,,0.0,-65400000.0,,23800000.0,25000000.0,94000000.0,61400000.0
2012-07-28,,,1202300000.0,,829900000.0,,372400000.0,,371900000.0,136600000.0,235300000.0,1.02,1.01,231400000.0,232700000.0,379800000.0,,,,,,50100000.0,1321600000.0,,879800000.0,173100000.0,,101400000.0,2499700000.0,352400000.0,192300000.0,,580800000.0,,,4200000.0,141700000.0,976700000.0,,,1523000000.0,2499700000.0,84800000.0,,,,,,,,,,279800000.0,,,,,,140100000.0,,300000.0,-140400000.0,,24300000.0,-46300000.0,91500000.0,160400000.0
2012-10-27,,,1801900000.0,,1245300000.0,,556600000.0,,616000000.0,225300000.0,390700000.0,1.7,1.69,230500000.0,231800000.0,222400000.0,,,,,,52900000.0,1408500000.0,,932400000.0,173300000.0,,105700000.0,2639300000.0,420000000.0,232400000.0,,701000000.0,,,5100000.0,144300000.0,1100400000.0,,,1538900000.0,2639300000.0,128400000.0,,,,,,,,,,313400000.0,,,,,,236700000.0,,300000.0,-174700000.0,,24500000.0,-203400000.0,-65900000.0,232600000.0
2013-02-02,,,2652700000.0,,1732600000.0,,920100000.0,,978900000.0,359600000.0,619300000.0,2.7,2.68,229300000.0,230700000.0,399900000.0,,,,50800000.0,,,1473500000.0,,960700000.0,173300000.0,,116200000.0,2752000000.0,346500000.0,235800000.0,,676200000.0,,,5600000.0,145900000.0,1084700000.0,1666300000.0,-1500000.0,,2752000000.0,175300000.0,35500000.0,-7800000.0,,,,56700000.0,59300000.0,,20300000.0,677700000.0,,,,,0.0,312200000.0,,,-261300000.0,,21300000.0,-303400000.0,111600000.0,333900000.0
2013-05-04,,,656000000.0,,439400000.0,,216600000.0,,215600000.0,82100000.0,133500000.0,0.6,0.59,224200000.0,225200000.0,383300000.0,,,,14500000.0,,,1489800000.0,,1018200000.0,172900000.0,,101500000.0,2811800000.0,392600000.0,184100000.0,,663000000.0,,,5200000.0,146900000.0,1072100000.0,1739700000.0,,,2811800000.0,45100000.0,15600000.0,,,,,,,,,129300000.0,,,,,,103200000.0,,,-88200000.0,,9000000.0,-57400000.0,-16600000.0,74000000.0
2013-08-03,,,1304700000.0,,886900000.0,,417800000.0,,416300000.0,158100000.0,258200000.0,1.15,1.15,223800000.0,224800000.0,413700000.0,,,,16700000.0,,,1533200000.0,,1066500000.0,171700000.0,,101500000.0,2908300000.0,418800000.0,221800000.0,,671800000.0,,,5600000.0,148000000.0,1082400000.0,1825900000.0,,,2908300000.0,91700000.0,22800000.0,,,,,,,,,300300000.0,,,,,,199600000.0,,300000.0,-184900000.0,,9600000.0,-100500000.0,13800000.0,211400000.0
2013-11-02,,,1964600000.0,,1342500000.0,,622100000.0,,615200000.0,231600000.0,383600000.0,1.73,1.73,221400000.0,222400000.0,147100000.0,,,,20000000.0,,,1487800000.0,,1101900000.0,171600000.0,,98200000.0,2882800000.0,526400000.0,227600000.0,,766800000.0,,,5300000.0,144700000.0,1923800000.0,959000000.0,,,2882800000.0,140300000.0,29600000.0,,,,,,,,,366700000.0,,,,,,284100000.0,,300000.0,-269400000.0,,9600000.0,-349000000.0,-252800000.0,296900000.0
2014-02-01,,,2789800000.0,,1819500000.0,,970300000.0,,954300000.0,357600000.0,596700000.0,2.74,2.72,218100000.0,219100000.0,267700000.0,,,,43000000.0,,,1378500000.0,,1094000000.0,169300000.0,,106000000.0,2771900000.0,393900000.0,232300000.0,,686300000.0,,,5500000.0,152400000.0,1601200000.0,1174800000.0,-16900000.0,,2771900000.0,190500000.0,37000000.0,6700000.0,,,,-26100000.0,46900000.0,,-2900000.0,793400000.0,,,,,,330100000.0,,,-324300000.0,,9800000.0,-597800000.0,-132200000.0,373200000.0
2014-05-03,,,696600000.0,,464700000.0,,231900000.0,,223800000.0,85500000.0,138300000.0,0.67,0.67,206800000.0,207700000.0,387100000.0,,,,14200000.0,,,1537000000.0,,1115500000.0,169600000.0,,105600000.0,2958000000.0,447000000.0,196400000.0,,724500000.0,,,5500000.0,153200000.0,1640200000.0,1317800000.0,,,2958000000.0,50700000.0,16600000.0,,,,,,,,,198200000.0,,,,,,71900000.0,,,-71600000.0,,3400000.0,-7500000.0,119400000.0,49600000.0
2014-08-02,,,1390700000.0,,953800000.0,,436900000.0,,420300000.0,160600000.0,259700000.0,1.26,1.25,206300000.0,207200000.0,467700000.0,,,,17100000.0,,,1663200000.0,,1153400000.0,169800000.0,,118100000.0,3146700000.0,524200000.0,256100000.0,,783000000.0,,,5500000.0,153100000.0,1698600000.0,1448100000.0,,,3146700000.0,100600000.0,23900000.0,,,,,,,,,365300000.0,,,,,,160200000.0,,0.0,-159900000.0,,3600000.0,-5900000.0,200000000.0,217500000.0
2014-11-01,,,2115900000.0,,1459300000.0,,656600000.0,,629600000.0,236900000.0,392700000.0,1.91,1.9,206100000.0,207000000.0,407600000.0,,,,22100000.0,,,1796100000.0,,1193400000.0,168700000.0,,156600000.0,3367700000.0,545000000.0,307200000.0,,866500000.0,,,6000000.0,153100000.0,1782600000.0,1585100000.0,,,3367700000.0,151500000.0,31000000.0,-32200000.0,,,,,,,,388500000.0,,,,,,254400000.0,,0.0,-243800000.0,,3600000.0,-4800000.0,139900000.0,298100000.0
2015-01-31,,,3034000000.0,,1993800000.0,,1040200000.0,,954200000.0,355000000.0,599200000.0,2.91,2.9,206000000.0,207000000.0,864100000.0,,,,58900000.0,,,1994600000.0,,1210500000.0,164600000.0,,166700000.0,3567000000.0,433600000.0,385300000.0,,861600000.0,,,6500000.0,156900000.0,1782000000.0,1774000000.0,-34100000.0,,3567000000.0,205900000.0,38300000.0,-18100000.0,,,,12200000.0,41900000.0,,87500000.0,926800000.0,,,,,,325600000.0,,,-315000000.0,,4500000.0,-14600000.0,596400000.0,372300000.0
2015-05-02,,,748900000.0,,516100000.0,,232800000.0,,113200000.0,43700000.0,69500000.0,0.34,0.34,206200000.0,207100000.0,870400000.0,,,,19800000.0,,,9335600000.0,,1226000000.0,166100000.0,,102900000.0,10869200000.0,515600000.0,474300000.0,,1015200000.0,,,6100000.0,157400000.0,8998400000.0,1870800000.0,,,10869200000.0,52800000.0,18900000.0,1200000.0,,,,,,,,129800000.0,,,,,,66900000.0,,,-7311000000.0,,9600000.0,7187200000.0,6300000.0,50500000.0
2015-08-01,,,1604100000.0,,1247800000.0,,356300000.0,,-142200000.0,-44200000.0,-98000000.0,-0.46,-0.46,214300000.0,214300000.0,1302500000.0,,,,200100000.0,,,4524700000.0,,3151900000.0,4982800000.0,,178600000.0,16565100000.0,1152500000.0,837800000.0,,2073300000.0,,,1655100000.0,361800000.0,12518100000.0,,,4047000000.0,16565100000.0,142300000.0,27800000.0,-17600000.0,,,,,,,,-45700000.0,,,,,6525600000.0,167000000.0,,,-6704900000.0,,10000000.0,7189800000.0,438400000.0,129700000.0
2015-10-31,,,3004100000.0,,2424200000.0,,579900000.0,,124700000.0,42800000.0,81900000.0,0.35,0.35,234700000.0,235700000.0,1106900000.0,,,,202600000.0,,,4628000000.0,,3141000000.0,5024100000.0,,175500000.0,16699000000.0,1259300000.0,785300000.0,,2161200000.0,,,1634700000.0,357400000.0,12556800000.0,,,4142200000.0,16699000000.0,312500000.0,38300000.0,-67400000.0,,,,,,,,-50500000.0,,,,,6527700000.0,336500000.0,,,-6876600000.0,,10200000.0,7170400000.0,242800000.0,133700000.0
2016-01-30,,,4656700000.0,,3607000000.0,,1049700000.0,,448200000.0,165800000.0,282400000.0,1.27,1.26,222500000.0,223500000.0,736100000.0,,,,203300000.0,,310300000.0,3935900000.0,,3125500000.0,5021700000.0,,130800000.0,15901200000.0,1251900000.0,722600000.0,,2095400000.0,,1586600000.0,71400000.0,353200000.0,11494300000.0,2056400000.0,-43100000.0,,15901200000.0,487600000.0,53200000.0,23800000.0,,,,63500000.0,183900000.0,,-164100000.0,780900000.0,,,,,6527700000.0,480500000.0,,,-6978400000.0,,12800000.0,6070400000.0,-128000000.0,138400000.0
2016-04-30,,,1554600000.0,,1135900000.0,,418700000.0,,331600000.0,98900000.0,232700000.0,0.99,0.98,235300000.0,236400000.0,929700000.0,,,,0.0,,,4172100000.0,,3153200000.0,5024900000.0,,49500000.0,16060900000.0,1260300000.0,622100000.0,,2049100000.0,,1566200000.0,71100000.0,352200000.0,11391300000.0,,,4669600000.0,16060900000.0,162300000.0,24800000.0,-20400000.0,,,,,,,,311000000.0,,,,,,175900000.0,,-1100000.0,-92800000.0,,0.0,-24800000.0,193600000.0,85500000.0
2016-07-30,,,3066900000.0,,2291000000.0,,775900000.0,,601500000.0,198700000.0,402800000.0,1.71,1.7,235600000.0,236700000.0,1093200000.0,,,,0.0,,,4449400000.0,,3174200000.0,5023800000.0,,44300000.0,16329400000.0,1351500000.0,683000000.0,,2180000000.0,,1556000000.0,73600000.0,370600000.0,11472500000.0,,,4856900000.0,16329400000.0,324200000.0,37300000.0,-31100000.0,,,,,,,,680300000.0,,,,,0.0,355900000.0,,-1500000.0,-272400000.0,,0.0,-51900000.0,357100000.0,319000000.0
2016-10-29,,,4587400000.0,,3469100000.0,,1118300000.0,,831700000.0,257300000.0,574400000.0,2.44,2.43,235800000.0,236900000.0,733800000.0,,,,0.0,,,4342400000.0,,3176300000.0,5022900000.0,,42800000.0,16195000000.0,1266400000.0,722000000.0,,2134200000.0,,1495500000.0,72300000.0,377100000.0,11147300000.0,,,5047700000.0,16195000000.0,481800000.0,48700000.0,-91100000.0,,,,,,,,655300000.0,,,,,0.0,451500000.0,,-1200000.0,-368300000.0,,0.0,-290000000.0,-2300000.0,399100000.0
2017-01-28,,,6394700000.0,,4689900000.0,,1704800000.0,,1329400000.0,433200000.0,896200000.0,3.8,3.78,235700000.0,236800000.0,866400000.0,,,,248100000.0,,201800000.0,3938000000.0,,3115800000.0,5023500000.0,,41600000.0,15701600000.0,1119600000.0,744200000.0,,2105900000.0,,1458900000.0,71200000.0,382400000.0,10312100000.0,2952600000.0,-37600000.0,,15701600000.0,637500000.0,61600000.0,-127600000.0,,,,-117200000.0,-133800000.0,,30400000.0,1673300000.0,,,,,0.0,564700000.0,,,-483600000.0,,0.0,-1060500000.0,130300000.0,501800000.0
2017-04-29,,,1627100000.0,,1238300000.0,,388800000.0,,313800000.0,113300000.0,200500000.0,0.85,0.85,236300000.0,237300000.0,1154900000.0,,,,0.0,,,4278100000.0,,3093900000.0,5022400000.0,,41300000.0,15994700000.0,1223900000.0,629500000.0,,2240600000.0,,1433600000.0,71800000.0,390400000.0,10385700000.0,,,5609000000.0,15994700000.0,153900000.0,27600000.0,-23000000.0,,,,,,,,430700000.0,,,,,,110300000.0,,-2200000.0,-108100000.0,,,-33600000.0,288500000.0,7300000.0
2017-07-29,,,3254900000.0,,2446600000.0,,808300000.0,,657400000.0,223100000.0,434300000.0,1.84,1.83,236700000.0,237400000.0,693300000.0,,,,0.0,,,3815200000.0,,3115400000.0,5025200000.0,,40800000.0,15532300000.0,1196300000.0,722500000.0,,2084700000.0,,1449800000.0,41600000.0,389500000.0,9672100000.0,,,5860200000.0,15532300000.0,305200000.0,40100000.0,-6800000.0,,,,,,,,675200000.0,,,,,,271700000.0,,-2100000.0,-269600000.0,,,-579100000.0,-173100000.0,363800000.0
2017-10-28,,,4920900000.0,,3687400000.0,,1233500000.0,,1012500000.0,338300000.0,674200000.0,2.85,2.84,236900000.0,237800000.0,400100000.0,,,,0.0,,,3972600000.0,,3178900000.0,5024300000.0,,42900000.0,15730200000.0,1181300000.0,692700000.0,,2039900000.0,,1472400000.0,45100000.0,393600000.0,9613700000.0,,,6116500000.0,15730200000.0,454600000.0,51800000.0,15800000.0,,,,,,,,592600000.0,,,,,,449400000.0,,100000.0,-445500000.0,,,-613600000.0,-466300000.0,454600000.0
2018-02-03,,,7021900000.0,,5022800000.0,,1999100000.0,,1704000000.0,-10300000.0,1714300000.0,7.24,7.21,236800000.0,237700000.0,1097800000.0,,,,143500000.0,,309200000.0,4576300000.0,,3200700000.0,5025200000.0,,42500000.0,16332800000.0,1174800000.0,736900000.0,,2859100000.0,,985200000.0,43800000.0,400300000.0,9150500000.0,4666900000.0,-32300000.0,,16332800000.0,611200000.0,65700000.0,-473700000.0,,,,114600000.0,54500000.0,,-22700000.0,1510200000.0,,,,,0.0,632200000.0,,,-627900000.0,,0.0,-651500000.0,231400000.0,552400000.0
2018-05-05,,,1699600000.0,,1262000000.0,,437600000.0,,207400000.0,46900000.0,160500000.0,0.68,0.67,237500000.0,238500000.0,475200000.0,,,,,,,4042000000.0,,3249700000.0,5024200000.0,,43600000.0,15827100000.0,1181500000.0,654000000.0,,1917200000.0,,976200000.0,42500000.0,400900000.0,8471400000.0,,,7355700000.0,15827100000.0,151500000.0,32100000.0,-9000000.0,,,,,,,,387600000.0,,,,,,180900000.0,,,-181100000.0,,,-828800000.0,-622600000.0,6600000.0
2018-08-04,,,3363500000.0,,2543400000.0,,820100000.0,,545100000.0,110700000.0,434400000.0,1.83,1.82,237900000.0,238600000.0,647300000.0,,,,,,,4272800000.0,,3316100000.0,5023900000.0,,44700000.0,16103600000.0,1241700000.0,651600000.0,,1907400000.0,,976000000.0,30100000.0,411600000.0,8456100000.0,,,7647500000.0,16103600000.0,304000000.0,47600000.0,-9400000.0,,,,,,,,768800000.0,,,,,,394300000.0,,,-394700000.0,,,-823700000.0,-450500000.0,169200000.0
2018-11-03,16618100000.0,11582700000.0,5035400000.0,,3827500000.0,,1207900000.0,,885100000.0,168900000.0,716200000.0,3.01,3.0,237900000.0,238700000.0,708300000.0,,,,,,,4749500000.0,,3406200000.0,5023600000.0,,44900000.0,16649300000.0,1365100000.0,769900000.0,,2135700000.0,,999200000.0,33000000.0,410500000.0,8706200000.0,,,7943100000.0,16649300000.0,454400000.0,60200000.0,13800000.0,,,,,,,,1050900000.0,,,,,,622700000.0,,,-619400000.0,,,-820600000.0,-389500000.0,197900000.0
2019-02-02,22823300000.0,15875800000.0,6947500000.0,,7887000000.0,,-2147400000.0,,-1309000000.0,281800000.0,-2307000000.0,-6.69,-9.66,237900000.0,238700000.0,422100000.0,,,,165900000.0,,335200000.0,4293300000.0,,3445300000.0,2296600000.0,,52700000.0,13501200000.0,1416400000.0,619300000.0,,2095700000.0,,,35400000.0,409900000.0,7858300000.0,3076100000.0,-38300000.0,,13501200000.0,621100000.0,63100000.0,-12000000.0,,,,20200000.0,242600000.0,,-105400000.0,1766000000.0,,,,,,817100000.0,,,-816700000.0,,,-1599900000.0,-651100000.0,277500000.0
2019-05-04,5808700000.0,4081500000.0,1727200000.0,,1341700000.0,,385500000.0,,343900000.0,76000000.0,267900000.0,1.13,1.12,238000000.0,239100000.0,725800000.0,,,,,,,4246100000.0,,3525000000.0,2295900000.0,,51600000.0,19354300000.0,1186500000.0,701700000.0,,3979300000.0,,954200000.0,35800000.0,262700000.0,13598400000.0,,,5755900000.0,19354300000.0,151200000.0,30500000.0,3000000.0,,,,,,,,614100000.0,,,,,,209200000.0,,,-192400000.0,,,-117500000.0,303800000.0,6400000.0
2019-08-03,11549300000.0,8173600000.0,3375700000.0,,2721300000.0,,654400000.0,,572300000.0,124100000.0,448200000.0,1.88,1.88,237800000.0,238700000.0,623400000.0,,,,,,246500000.0,4340800000.0,,3666200000.0,2296300000.0,,51300000.0,19493800000.0,1455400000.0,673600000.0,,4094000000.0,,,30100000.0,257800000.0,13628100000.0,,,5865700000.0,19493800000.0,,,9000000.0,,,,,,,,844000000.0,,,,,,502500000.0,,,-488700000.0,,,-154000000.0,201600000.0,
2019-11-02,17295500000.0,12215300000.0,5080200000.0,,4067400000.0,,1012800000.0,,889200000.0,185200000.0,704000000.0,2.97,2.95,237400000.0,238300000.0,433700000.0,,,,,,255700000.0,4572300000.0,,3810700000.0,2296500000.0,,51400000.0,19742100000.0,1473100000.0,754000000.0,,4179700000.0,,,29700000.0,253700000.0,13620800000.0,,,6121300000.0,19742100000.0,,,50300000.0,,,,,,,,1014500000.0,,,,,,782300000.0,,,-768700000.0,,,-212000000.0,33600000.0,
2020-02-01,23610800000.0,16570100000.0,7040700000.0,,5465500000.0,,1262200000.0,,1098700000.0,271700000.0,827000000.0,3.49,3.47,237200000.0,238300000.0,539200000.0,,113300000.0,,1784800000.0,,208200000.0,4269400000.0,,3881800000.0,1983300000.0,,43900000.0,19574600000.0,1336500000.0,618000000.0,,3546500000.0,,,28900000.0,258000000.0,13319800000.0,3837800000.0,-39800000.0,6254800000.0,19574600000.0,645400000.0,61400000.0,9000000.0,,,,,-79800000.0,,,1869800000.0,,,,,,1034800000.0,,,-1020200000.0,,,-709800000.0,139300000.0,
2020-05-02,6286800000.0,4491900000.0,1794900000.0,,1429000000.0,,365900000.0,,325200000.0,77600000.0,247600000.0,1.05,1.04,236900000.0,237400000.0,1755100000.0,,,,,,211800000.0,5165400000.0,,3964800000.0,1981400000.0,,43000000.0,20471800000.0,1336900000.0,768100000.0,,4504200000.0,,,30200000.0,270600000.0,13951200000.0,,,6520600000.0,20471800000.0,,32600000.0,52700000.0,,,,,,,,959000000.0,,,,,,235800000.0,,,-235900000.0,,,493600000.0,1216000000.0,
2020-08-01,12564400000.0,8853300000.0,3711100000.0,,2970300000.0,,740800000.0,,665100000.0,156000000.0,509100000.0,2.15,2.14,237300000.0,238100000.0,1750300000.0,,,,,,206500000.0,5232500000.0,,4032600000.0,1983000000.0,,47900000.0,20671000000.0,1481000000.0,711300000.0,,4278800000.0,,,29400000.0,335200000.0,13857400000.0,,,6813600000.0,20671000000.0,,55700000.0,23600000.0,,,,,,,,1437000000.0,,,,,,468300000.0,,,-471100000.0,,,245400000.0,1211200000.0,
2020-10-31,18741400000.0,13105900000.0,5635500000.0,,4429200000.0,,1206300000.0,,1092400000.0,253300000.0,839100000.0,3.54,3.53,237000000.0,237900000.0,1118300000.0,,,,,,260400000.0,5171000000.0,,4095600000.0,1983100000.0,,47200000.0,20652200000.0,1587200000.0,858600000.0,,4042300000.0,,,31000000.0,387300000.0,13691100000.0,,,6961100000.0,20652200000.0,,70500000.0,59400000.0,,,,,,,,1733700000.0,,,,,,707000000.0,,,-707500000.0,,,-446700000.0,579200000.0,
2021-01-30,25509300000.0,17721000000.0,7788300000.0,,5900400000.0,,1887900000.0,,1739800000.0,397900000.0,1341900000.0,5.68,5.65,236400000.0,237300000.0,1416700000.0,,,,1877800000.0,,207100000.0,5050800000.0,,4116300000.0,1984400000.0,,50300000.0,20696000000.0,1480500000.0,815300000.0,,3730300000.0,,,22600000.0,352600000.0,13410700000.0,5179700000.0,-35200000.0,7285300000.0,20696000000.0,686600000.0,83900000.0,30800000.0,,,,,142600000.0,,,2716300000.0,,,,,,898800000.0,,,-889700000.0,,,-949900000.0,877600000.0,
2021-05-01,6476800000.0,4512700000.0,1964100000.0,,1447100000.0,,519900000.0,,486900000.0,112400000.0,374500000.0,1.61,1.6,233200000.0,234400000.0,1473900000.0,,,,,,226400000.0,5304900000.0,,4182400000.0,1985600000.0,,50000000.0,21050700000.0,1520700000.0,856400000.0,,3902200000.0,,,23700000.0,350800000.0,13639400000.0,,,7411300000.0,21050700000.0,,31800000.0,22000000.0,,,,,,,,556200000.0,,,,,,224900000.0,,,-222800000.0,,,-276600000.0,57200000.0,
2021-07-31,12817000000.0,8991900000.0,3825100000.0,,2908900000.0,,922100000.0,,856100000.0,199200000.0,656900000.0,2.84,2.83,230900000.0,232000000.0,720800000.0,,,,,,259600000.0,4648100000.0,,4250200000.0,1985100000.0,,49800000.0,20445200000.0,1559600000.0,782800000.0,,3722700000.0,,,24000000.0,347700000.0,13433500000.0,,,7011700000.0,20445200000.0,,49600000.0,17300000.0,,,,,,,,736100000.0,,,,,,454000000.0,,,-451500000.0,,,-980800000.0,-695900000.0,
2021-10-30,19232400000.0,13643600000.0,5588800000.0,,4364400000.0,,1232600000.0,,1133000000.0,259300000.0,873700000.0,3.82,3.8,228900000.0,229900000.0,701400000.0,,,,,,357100000.0,5374500000.0,,4377400000.0,1985300000.0,,53100000.0,21390000000.0,1984800000.0,918400000.0,,4291200000.0,,,26400000.0,349100000.0,14145600000.0,,,7244400000.0,21390000000.0,,63100000.0,85000000.0,,,,,,,,1018700000.0,,,,,,749600000.0,,,-746300000.0,,,-981600000.0,-708800000.0,
2022-01-29,26309800000.0,18583900000.0,7725900000.0,,5925900000.0,,1811400000.0,,1632200000.0,304300000.0,1327900000.0,5.83,5.8,227900000.0,229000000.0,984900000.0,,,,1854000000.0,,257000000.0,5609200000.0,,4477300000.0,1984400000.0,,51900000.0,21721800000.0,1884200000.0,802000000.0,,4176600000.0,,,20900000.0,256100000.0,14003300000.0,6507600000.0,-35200000.0,7718500000.0,21721800000.0,716000000.0,79900000.0,-23200000.0,,,,,403800000.0,,,1431500000.0,,,,,,1021200000.0,,,-1019900000.0,,,-836500000.0,-425300000.0,
2022-04-30,6900100000.0,4559600000.0,2340500000.0,,1611500000.0,,731500000.0,,697500000.0,161100000.0,536400000.0,2.38,2.37,225300000.0,226400000.0,1218500000.0,,,,,,262700000.0,6282300000.0,,4514000000.0,1984300000.0,,54100000.0,22372300000.0,1794100000.0,926300000.0,,4289900000.0,,,21200000.0,253000000.0,14130800000.0,,,8241500000.0,22372300000.0,,35800000.0,74300000.0,,,,,,,,538500000.0,,,,,,253400000.0,,,-256300000.0,,,-49100000.0,233600000.0,
2022-07-30,13665400000.0,9200500000.0,4464900000.0,,3233700000.0,,1236900000.0,,1172200000.0,275900000.0,896300000.0,3.99,3.97,224700000.0,225700000.0,688900000.0,,,,,,266200000.0,6377300000.0,,4652900000.0,1984300000.0,,57000000.0,22676300000.0,2011300000.0,913500000.0,,4380500000.0,,,20700000.0,256200000.0,14279800000.0,,,8396500000.0,22676300000.0,,66100000.0,78800000.0,,,,,,,,520600000.0,,,,,,529600000.0,,,-533400000.0,,,-283300000.0,-295900000.0,
2022-10-29,20602000000.0,14065600000.0,6536400000.0,,4927200000.0,,1618200000.0,,1520600000.0,357400000.0,1163200000.0,5.2,5.17,223900000.0,224800000.0,439000000.0,,,,,,349900000.0,6446600000.0,,4823900000.0,1982400000.0,,59700000.0,22909500000.0,1864200000.0,1042200000.0,,4683100000.0,,,22000000.0,251700000.0,14634200000.0,,,8275300000.0,22909500000.0,,90800000.0,117400000.0,,,,,,,,734100000.0,,,,,,920800000.0,,,-925900000.0,,,-337800000.0,-531400000.0,
2023-01-28,28318200000.0,19396300000.0,8921900000.0,,,,2236300000.0,,2110600000.0,495200000.0,1615400000.0,7.24,7.21,223200000.0,224100000.0,642800000.0,,,,1850500000.0,,275000000.0,6367100000.0,,4972200000.0,1983100000.0,,58200000.0,23022100000.0,1899800000.0,817700000.0,,4225200000.0,,,17400000.0,245400000.0,14270600000.0,8123000000.0,-41200000.0,8751500000.0,23022100000.0,767900000.0,110400000.0,122900000.0,,,,,16800000.0,,,1614800000.0,,,,,,1248800000.0,,,-1253800000.0,,,-686800000.0,-327000000.0,
2023-04-29,7319500000.0,5089100000.0,2230400000.0,,1815000000.0,,419700000.0,,393700000.0,94700000.0,299000000.0,1.35,1.35,221100000.0,221700000.0,872800000.0,,,,,,282800000.0,6267600000.0,,5111800000.0,1982600000.0,,60100000.0,23108600000.0,1597600000.0,942900000.0,,4141500000.0,,,17600000.0,250300000.0,14208900000.0,8422000000.0,-44000000.0,8899700000.0,23108600000.0,,28300000.0,3000000.0,,,,,-301800000.0,,,752000000.0,,,,,,350400000.0,,,-352700000.0,,,-167600000.0,230700000.0,
2023-07-29,14639600000.0,10274500000.0,4365100000.0,,3667100000.0,,707500000.0,,657400000.0,158000000.0,499400000.0,2.26,2.26,220600000.0,221100000.0,512700000.0,,,,,,315300000.0,6157400000.0,,5359200000.0,1983300000.0,,74000000.0,23428000000.0,1776400000.0,885300000.0,,4150300000.0,,,18100000.0,249300000.0,14397000000.0,8622400000.0,-40100000.0,9031000000.0,23428000000.0,,53200000.0,3800000.0,,,,,-123800000.0,,,923800000.0,,,,,,775800000.0,,,-781000000.0,,,-272200000.0,-128500000.0,
2023-10-28,21948700000.0,15410600000.0,6538100000.0,,5544100000.0,,1009200000.0,,928500000.0,217100000.0,711400000.0,3.23,3.23,220000000.0,220500000.0,444600000.0,,,,,,342400000.0,6302100000.0,,5714600000.0,1981900000.0,,82600000.0,24031200000.0,1857000000.0,1067600000.0,,4647900000.0,,,19700000.0,235100000.0,15033000000.0,8834400000.0,-47000000.0,8998200000.0,24031200000.0,,76400000.0,63100000.0,,,,,-41700000.0,,,1429600000.0,,,,,,1317200000.0,,,-1322300000.0,,,-301900000.0,-195700000.0,
2024-02-03,30581600000.0,21272000000.0,9309600000.0,,9144600000.0,,-881800000.0,,-988700000.0,9700000.0,-998400000.0,-4.55,-4.55,219500000.0,219500000.0,684900000.0,,,,1948700000.0,,335000000.0,6132700000.0,,6144100000.0,913800000.0,,113300000.0,22023500000.0,2063800000.0,1067200000.0,,4696700000.0,,,22000000.0,276700000.0,14710400000.0,7124600000.0,-43600000.0,7313100000.0,22023500000.0,841000000.0,96700000.0,-258600000.0,,,,,164400000.0,,,2684500000.0,,,,,,2101300000.0,,,-2107600000.0,,,-530000000.0,45900000.0,
2024-05-04,7626400000.0,5278700000.0,2347700000.0,,1933500000.0,,420600000.0,,396100000.0,96000000.0,300100000.0,1.38,1.38,217800000.0,218100000.0,618500000.0,,,,,,454700000.0,6082200000.0,,6301700000.0,913300000.0,,111800000.0,22110200000.0,2266800000.0,897000000.0,,4756300000.0,,,22400000.0,277100000.0,14797800000.0,7355800000.0,-45600000.0,7312400000.0,22110200000.0,,29600000.0,61400000.0,,,,,203400000.0,,,695700000.0,,,,,,472200000.0,,,-473000000.0,,,-287800000.0,-65500000.0,
2024-08-03,14999100000.0,10436900000.0,4562200000.0,,3951000000.0,,623700000.0,,570300000.0,137800000.0,432500000.0,2.0,2.0,216400000.0,216700000.0,570300000.0,,,,,,420400000.0,6092300000.0,,6533100000.0,913000000.0,,147000000.0,22616600000.0,2236100000.0,977100000.0,,5999900000.0,,,19300000.0,289900000.0,15237100000.0,7404100000.0,-49000000.0,7379500000.0,22616600000.0,,57500000.0,76700000.0,,,,,173100000.0,,,1002600000.0,,,,,,972900000.0,,,-950000000.0,,,-164900000.0,-112800000.0,
2024-11-02,22560800000.0,15661200000.0,6899600000.0,,5961500000.0,,957100000.0,,876100000.0,210300000.0,665800000.0,3.08,3.08,215900000.0,216100000.0,697600000.0,,,,,,398800000.0,6631500000.0,,6675700000.0,912800000.0,,161100000.0,23332800000.0,2945100000.0,920700000.0,,6413300000.0,,,21300000.0,287400000.0,15696700000.0,7637400000.0,-54200000.0,7636100000.0,23332800000.0,,84300000.0,126800000.0,,,,,882500000.0,,,1788200000.0,,,,,,1399300000.0,,,-1359100000.0,,,-412900000.0,15500000.0,
,,,,,,,,,,,,,,,,,,,,,,,,,,,,,,,,,,,,,,,,,,,,,,,,,,,,,,,,,,,,,,,,,,,
,,,,,,,,,,,,,,,,,,,,,,,,,,,,,,,,,,,,,,,,,,,,,,,,,,,,,,,,,,,,,,,,,,,
,,,,,,,,,,,,,,,,,,,,,,,,,,,,,,,,,,,,,,,,,,,,,,,,,,,,,,,,,,,,,,,,,,,
