Date,Net sales,Cost of sales,Gross margin,Research and development,"Selling, general and administrative",Total operating expenses,Operating income,"Other income/(expense), net",Income before provision for income taxes,Provision for income taxes,Net income,Earnings per share basic,Earnings per share diluted,Weighted-average basic,Weighted-average diluted,Cash and cash equivalents,Short-term marketable securities,"Accounts receivable, net",Inventories,Deferred tax assets,Vendor non-trade receivables,Other current assets,Total current assets,Long-term marketable securities,"Property, Plant and Equipment, Net",Goodwill,"Acquired intangible assets, net","Other Assets, Noncurrent",Total assets,accounts payable,Accrued expenses,Deferred revenue,Total current liabilities,Deferred revenue - non-current,deferred tax liabilities,long term taxes payable,Total other non-current liabilities,Total liabilities,Retained Earnings (Accumulated Deficit),Accumulated other comprehensive (loss)/income,Total shareholders equity,Total liabilities and shareholders' equity,"Depreciation, amortization and accretion",Stock-based compensation expense,Deferred income tax expense,"Increase (Decrease) in Accounts receivable, net",Increase (Decrease) in Inventories,Increase (Decrease) in Other Receivables,Increase (Decrease) in Other Operating Assets,Increase (Decrease) in Accounts Payable,Increase (Decrease) in Deferred Revenue,Increase (Decrease) Other liabilities,Cash generated by operating activities,Purchases of marketable securities,Proceeds from maturities of marketable securities,Proceeds from sales of marketable securities,Purchases of other long-term investments,"Business acquisitions, net of cash acquired",Cash payments for capital asset purchases,Payments for acquisition of intangible assets,Payments for (Proceeds from) Other Investing Activities,Cash used in investing activities,Proceeds from issuance of common stock,Excess tax benefits from stock-based compensation,Cash generated/used in financing activities,Increase/(decrease) in cash and cash equivalents,"Cash paid for income taxes, net"
2009-12-31,5775689000.0,3676535000.0,2099154000.0,,1511111000.0,,588043000.0,,491618000.0,119724000.0,356438000.0,1.91,1.91,186136000.0,186736000.0,714365000.0,,878754000.0,570858000.0,69999000.0,,,2522707000.0,,828922000.0,3350217000.0,950748000.0,,7882403000.0,357004000.0,219295000.0,,969176000.0,,292344000.0,,,,5453022000.0,84842000.0,4083608000.0,7882403000.0,,17912000.0,-23062000.0,163054000.0,97241000.0,,,-31306000.0,,,802060000.0,,,,,221994000.0,120009000.0,,,-257865000.0,,,-389953000.0,166956000.0,
2010-03-31,1583270000.0,971114000.0,612156000.0,,409169000.0,,202987000.0,,177060000.0,55575000.0,108126000.0,0.58,0.58,187093000.0,187886000.0,690295000.0,,990405000.0,619528000.0,74186000.0,,,2755702000.0,,822636000.0,3319833000.0,935998000.0,,8026901000.0,437597000.0,215781000.0,,1186454000.0,,292248000.0,,,,,,4056591000.0,8026901000.0,,7022000.0,,-127517000.0,-55347000.0,,,87996000.0,,,87066000.0,,,,,,39336000.0,,,-148073000.0,,,69551000.0,-24070000.0,
2010-06-30,3369966000.0,2069111000.0,1300855000.0,,832978000.0,,467877000.0,,419715000.0,126337000.0,277997000.0,1.49,1.47,186998000.0,188948000.0,738817000.0,,1076132000.0,671682000.0,68038000.0,,,2846066000.0,,819827000.0,3313802000.0,908224000.0,,8083307000.0,493474000.0,236692000.0,,1259849000.0,,274804000.0,,,,,,4085273000.0,8083307000.0,,12963000.0,,228007000.0,114408000.0,,,151731000.0,,,318265000.0,,,,,9985000.0,86281000.0,,,-126756000.0,,,-105481000.0,24452000.0,
2010-09-30,5257107000.0,3244567000.0,2012540000.0,,1247000000.0,,765540000.0,,681206000.0,165069000.0,501756000.0,2.68,2.66,186917000.0,188898000.0,866090000.0,,1181599000.0,725312000.0,57006000.0,,,3102841000.0,,840374000.0,3338517000.0,902123000.0,,8353575000.0,490572000.0,235581000.0,,1198985000.0,,348854000.0,,,,,,4375264000.0,8353575000.0,,17068000.0,,302368000.0,148719000.0,,,131175000.0,,,519112000.0,,,,,45198000.0,129837000.0,,,-164781000.0,,,-194427000.0,151725000.0,
2010-12-31,7132648000.0,4399990000.0,2732658000.0,193487000.0,1697721000.0,,1034937000.0,,925084000.0,217176000.0,700104000.0,3.75,3.7,186897000.0,189170000.0,1187361000.0,,1087704000.0,714110000.0,-291577000.0,,,3261871000.0,,847189000.0,3368033000.0,907523000.0,,8562894000.0,469038000.0,240786000.0,45616000.0,1194386000.0,40767000.0,381297000.0,,,,5953027000.0,50161000.0,4526562000.0,8562894000.0,,22102000.0,69538000.0,195934000.0,131476000.0,,,104093000.0,,,950551000.0,,,,,104418000.0,183217000.0,,,-178957000.0,,,-304788000.0,472996000.0,
2011-03-31,1959021000.0,1210196000.0,748825000.0,,478519000.0,,270306000.0,,240800000.0,57494000.0,194905000.0,1.04,1.03,186659000.0,190090000.0,1378119000.0,,1213348000.0,845230000.0,81317000.0,,,3591317000.0,,905649000.0,3616161000.0,1068617000.0,,9360143000.0,591989000.0,241122000.0,,1273850000.0,,459677000.0,,613237000.0,,,,,9360143000.0,,8266000.0,,82869000.0,66737000.0,,,107515000.0,,,132609000.0,,,,,423998000.0,52650000.0,,,-344248000.0,,,350876000.0,190758000.0,
2011-06-30,4115892000.0,2551210000.0,1564682000.0,,952649000.0,,612033000.0,,553019000.0,120619000.0,444674000.0,2.38,2.34,186522000.0,189905000.0,1397419000.0,,1323470000.0,882512000.0,78505000.0,,,3753415000.0,,936797000.0,3616805000.0,1038658000.0,,9482038000.0,596315000.0,223449000.0,,1263966000.0,,446579000.0,,594313000.0,,,,,9482038000.0,,14401000.0,,-188538000.0,-102035000.0,,,109380000.0,,,341897000.0,,,,,424624000.0,126420000.0,,,-435019000.0,,,252789000.0,210058000.0,
2011-09-30,6122287000.0,3786458000.0,2335829000.0,,1401198000.0,,934631000.0,,845315000.0,195319000.0,616954000.0,3.31,3.26,186246000.0,189420000.0,917024000.0,,1339826000.0,848934000.0,72136000.0,,,3292748000.0,,992641000.0,3879334000.0,1214787000.0,,9513036000.0,591939000.0,235567000.0,,1286654000.0,,452678000.0,,607784000.0,,,,,9513036000.0,,20279000.0,,210090000.0,71788000.0,,,110241000.0,,,713290000.0,,,,,1369252000.0,190699000.0,,,-1142196000.0,,,118750000.0,-271540000.0,
2011-12-31,7950140000.0,4898716000.0,3051424000.0,196970000.0,1840609000.0,,1210815000.0,,1095164000.0,248799000.0,895243000.0,4.82,4.74,185882.0,188887.0,1206755000.0,,1190265000.0,803346000.0,-369258000.0,,,3397130000.0,,1000870000.0,3787117000.0,1207084000.0,,9501450000.0,543924000.0,234382000.0,37590000.0,1202981000.0,44259000.0,411163000.0,,650604000.0,,6629116000.0,-47510000.0,4930555000.0,9501450000.0,,25991000.0,-6293000.0,95708000.0,46115000.0,,,72434000.0,,,1058229000.0,,,,,1382217000.0,271809000.0,,,-1020940000.0,,,-50501000.0,17676000.0,
2012-03-31,2063364000.0,1283040000.0,780324000.0,,480880000.0,,299444000.0,,266795000.0,69968000.0,196063000.0,1.07,1.05,183737.0,186706.0,899976000.0,,1273690000.0,880443000.0,38400000.0,,,3238769000.0,,1068946000.0,3959772000.0,1307281000.0,,9698579000.0,603544000.0,212804000.0,,1205634000.0,,477628000.0,,636976000.0,,,,,9698579000.0,,8574000.0,,48008000.0,33481000.0,,,23741000.0,,,160127000.0,,,,,296514000.0,71429000.0,,,-365966000.0,,,-87246000.0,-306779000.0,
2012-06-30,4219872000.0,2621951000.0,1597921000.0,,974930000.0,,622991000.0,,560483000.0,150754000.0,410164000.0,2.23,2.2,183625000.0,186171000.0,785965000.0,,1320245000.0,921040000.0,40089000.0,,,3205314000.0,,1086151000.0,4021133000.0,1370810000.0,117969000.0,9804405000.0,620598000.0,228005000.0,,1261709000.0,,508082000.0,,636046000.0,,,,,9804405000.0,,16106000.0,,102229000.0,66085000.0,,,53261000.0,,,412247000.0,,,,,354270000.0,145787000.0,,,-514472000.0,,,-295415000.0,-420790000.0,
2012-09-30,6428571000.0,3983720000.0,2444851000.0,,1451503000.0,,993348000.0,,896490000.0,244548000.0,651210000.0,3.56,3.51,183000000.0,185489000.0,794099000.0,,1412311000.0,923389000.0,40297000.0,,,3277107000.0,,1113918000.0,4047293000.0,1344594000.0,123748000.0,9910145000.0,607164000.0,229743000.0,,1275979000.0,,506577000.0,,625845000.0,,,,,9910145000.0,,23589000.0,,172441000.0,55560000.0,,,25931000.0,,,711234000.0,,,,,354270000.0,215116000.0,,14911000.0,-573100000.0,,,-535246000.0,-412656000.0,
2012-12-31,8104339000.0,4997274000.0,3107065000.0,189844000.0,1841688000.0,,1265377000.0,,1137571000.0,304452000.0,811070000.0,4.47,4.41,181551000.0,183993000.0,800076000.0,,1225898000.0,872841000.0,378800000.0,,,3027844000.0,,1167052000.0,4114650000.0,1625420000.0,111432000.0,10443943000.0,651358000.0,255632000.0,39941000.0,1986628000.0,15474000.0,462244000.0,,677533000.0,,7199227000.0,-54906000.0,,10443943000.0,357585000.0,30884000.0,-11807000.0,4549000.0,37986000.0,,,73460000.0,,,1261160000.0,,,,,1035433000.0,297012000.0,,27286000.0,-1345888000.0,,,-342942000.0,-406679000.0,
2013-03-31,2039573000.0,1262951000.0,776622000.0,,484421000.0,,292201000.0,,266676000.0,69687000.0,210003000.0,1.21,1.2,173448000.0,175567000.0,571359000.0,,1309446000.0,905952000.0,67208000.0,,,2919863000.0,,1141477000.0,4081545000.0,1574664000.0,111442000.0,10234914000.0,648409000.0,233352000.0,,1951458000.0,,487878000.0,,639463000.0,,,,,10234914000.0,101839000.0,8348000.0,,81343000.0,35741000.0,,,1534000.0,,,78326000.0,,,,,0.0,47153000.0,,1847000.0,-45217000.0,,,-252672000.0,-228717000.0,
2013-06-30,4268336000.0,2635762000.0,1632574000.0,,990049000.0,,642525000.0,,584177000.0,92836000.0,540052000.0,3.13,3.1,172273000.0,174325000.0,605950000.0,,1398829000.0,917217000.0,63813000.0,,,3048885000.0,,1137645000.0,4106345000.0,1564006000.0,120551000.0,10349256000.0,664058000.0,247997000.0,,1975099000.0,,480937000.0,,590352000.0,,,,,10349256000.0,207071000.0,16303000.0,,169022000.0,46430000.0,,,23381000.0,,,383055000.0,,,,,69017000.0,100437000.0,,262000.0,-153233000.0,,,-411356000.0,-194126000.0,
2013-09-30,6520685000.0,4011461000.0,2509224000.0,,1472333000.0,,1036891000.0,,947336000.0,192343000.0,809166000.0,4.71,4.65,171690000.0,173870000.0,739824000.0,,1437513000.0,949618000.0,66358000.0,,,3263170000.0,,1148784000.0,4158710000.0,1552751000.0,166215000.0,10665130000.0,677994000.0,250043000.0,,2018537000.0,,519347000.0,,519235000.0,,,,,10665130000.0,313565000.0,23384000.0,,193586000.0,71131000.0,,,32175000.0,,,723060000.0,,,,,118990000.0,157475000.0,,3207000.0,-262540000.0,,,-523835000.0,-60252000.0,
2013-12-31,8729813000.0,5390032000.0,3339781000.0,185623000.0,1985849000.0,,1353932000.0,,1237412000.0,271607000.0,1003129000.0,5.86,5.78,171271000.0,173547000.0,803882000.0,,1359101000.0,926998000.0,74631000.0,,,3240162000.0,,1182982000.0,4242909000.0,1612487000.0,238910000.0,10838172000.0,692565000.0,260911000.0,30817000.0,1615580000.0,10626000.0,549283000.0,,514086000.0,,7954536000.0,67723000.0,,10838172000.0,421616000.0,30480000.0,-14058000.0,92472000.0,18256000.0,,,9988000.0,,,1178685000.0,,,,,322838000.0,236833000.0,,8827000.0,-463051000.0,,,-678542000.0,3806000.0,
2014-03-31,1884647000.0,1148438000.0,736209000.0,,452282000.0,,283927000.0,,250906000.0,74582000.0,160138000.0,0.94,0.93,169750000.0,172013000.0,486039000.0,,1238368000.0,840490000.0,62216000.0,,,2701709000.0,,817818000.0,3329435000.0,1312466000.0,213581000.0,8664390000.0,607616000.0,215880000.0,,1231409000.0,,511826000.0,,456715000.0,,,,,8664390000.0,78999000.0,8501000.0,,96637000.0,49293000.0,,,38770000.0,,,39778000.0,,,,,109870000.0,33402000.0,,4236000.0,-146277000.0,,,-151774000.0,-317843000.0,
2014-06-30,3932385000.0,2399759000.0,1532626000.0,,908397000.0,,624229000.0,,565283000.0,171516000.0,374097000.0,2.23,2.19,168103000.0,170450000.0,547388000.0,,1303431000.0,890606000.0,60739000.0,,,2903529000.0,,821589000.0,3350687000.0,1279558000.0,231827000.0,8795074000.0,625513000.0,227540000.0,,1231700000.0,,503792000.0,,460882000.0,,,,,8795074000.0,157592000.0,16413000.0,,162524000.0,97263000.0,,,58725000.0,,,237474000.0,,,,,143087000.0,77326000.0,,21766000.0,-235789000.0,,,-265975000.0,-256494000.0,
2014-09-30,6024852000.0,3690384000.0,2334468000.0,,1351106000.0,,983362000.0,,893980000.0,267388000.0,605941000.0,3.62,3.57,167401000.0,169761000.0,706234000.0,,1338586000.0,908048000.0,58164000.0,,,3116331000.0,,818730000.0,3446317000.0,1327232000.0,239689000.0,8959186000.0,649805000.0,230400000.0,,1393964000.0,,533994000.0,,458301000.0,,,,,8959186000.0,235142000.0,24710000.0,,205484000.0,106468000.0,,,87284000.0,,,532136000.0,,,,,365550000.0,112639000.0,,21766000.0,-311790000.0,,,-304509000.0,-97648000.0,
2014-12-31,7752728000.0,4778479000.0,2974249000.0,118411000.0,1758765000.0,,1215484000.0,,1094207000.0,316067000.0,775235000.0,4.65,4.59,166692000.0,168842000.0,681581000.0,,1186746000.0,863737000.0,63276000.0,,,2896822000.0,,837069000.0,3491557000.0,1369520000.0,168246000.0,9090385000.0,615332000.0,266277000.0,20678000.0,2039354000.0,8599000.0,564207000.0,,482340000.0,,7074782000.0,-158931000.0,,9090385000.0,307188000.0,31628000.0,-21343000.0,87207000.0,63717000.0,,,60176000.0,,,950164000.0,,,,,802254000.0,166033000.0,,19991000.0,-782557000.0,,,-255489000.0,-122301000.0,
2015-03-31,1715501000.0,1088342000.0,627159000.0,,434634000.0,,192525000.0,,164675000.0,47485000.0,209510000.0,1.3,1.28,161650000.0,163323000.0,538486000.0,,1133213000.0,861952000.0,65678000.0,,,2671551000.0,,821736000.0,3464041000.0,1309135000.0,164813000.0,8646705000.0,584100000.0,253462000.0,,1782054000.0,,578438000.0,,452518000.0,,,,,8646705000.0,80182000.0,13387000.0,,-27737000.0,18861000.0,,,-18876000.0,,,131332000.0,,,,,6500000.0,27956000.0,,0.0,156585000.0,,,-416603000.0,-143095000.0,
2015-06-30,3474129000.0,2192402000.0,1281727000.0,,837329000.0,,444398000.0,,385816000.0,112992000.0,541906000.0,3.38,3.35,160137000.0,161876000.0,595168000.0,,1149414000.0,844355000.0,67224000.0,,,2737125000.0,,827908000.0,3455814000.0,1276018000.0,169952000.0,8466817000.0,606346000.0,250805000.0,,1613705000.0,,577258000.0,,458309000.0,,,,,8466817000.0,158209000.0,18851000.0,,-17459000.0,-861000.0,,,6588000.0,,,350243000.0,,,,,6500000.0,71763000.0,,0.0,614460000.0,,,-1024932000.0,-86413000.0,
2015-09-30,5261711000.0,3307376000.0,1954335000.0,,1233017000.0,,721318000.0,,631120000.0,171813000.0,728004000.0,4.59,4.55,158507000.0,160112000.0,662673000.0,,1193844000.0,810715000.0,63373000.0,,,2814829000.0,,824032000.0,3441780000.0,1230312000.0,167867000.0,8478820000.0,622807000.0,248052000.0,,1668699000.0,,569203000.0,,449671000.0,,,,,8478820000.0,235383000.0,25525000.0,,40528000.0,-22058000.0,,,33979000.0,,,632456000.0,,,,,6500000.0,111279000.0,,0.0,581006000.0,,,-1110966000.0,-18908000.0,
2015-12-31,6956311000.0,4388167000.0,2568144000.0,115037000.0,1647382000.0,,920762000.0,,800610000.0,204729000.0,869829000.0,5.52,5.46,157619000.0,159172000.0,362185000.0,,1120490000.0,802895000.0,203808000.0,,,2420779000.0,,854269000.0,3737389000.0,1413223000.0,194103000.0,8619763000.0,650880000.0,235971000.0,28072000.0,1367182000.0,12437000.0,575709000.0,,414955000.0,,7686642000.0,-254573000.0,,8619763000.0,327089000.0,30697000.0,-2089000.0,-37916000.0,-63129000.0,,,42925000.0,,,949059000.0,,,,,567843000.0,154251000.0,,-1350000.0,-34578000.0,,,-1091886000.0,-319396000.0,
2016-03-31,1622273000.0,1033009000.0,589264000.0,,443448000.0,,145816000.0,,127624000.0,28268000.0,99356000.0,0.64,0.64,155064000.0,156161000.0,243720000.0,,1167313000.0,849830000.0,,,,2345756000.0,,858984000.0,4034620000.0,1543397000.0,198138000.0,8980895000.0,706191000.0,247033000.0,,1648809000.0,,603496000.0,,419815000.0,,,,,8980895000.0,88604000.0,11387000.0,,-20103000.0,29478000.0,,,-14299000.0,,,133413000.0,,,,,436058000.0,37230000.0,,488000.0,-425857000.0,,,178507000.0,-118465000.0,
2016-06-30,3308618000.0,2088141000.0,1220477000.0,,880859000.0,,339618000.0,,292123000.0,74477000.0,217646000.0,1.4,1.39,155180000.0,156595000.0,255140000.0,,1180146000.0,833907000.0,,,,2379756000.0,,853584000.0,4034499000.0,1499894000.0,211359000.0,8979092000.0,723693000.0,252373000.0,,1640367000.0,,593776000.0,,424148000.0,,,,,8979092000.0,176698000.0,14360000.0,,-429000.0,16429000.0,,,5377000.0,,,341281000.0,,,,,475236000.0,72652000.0,,488000.0,-495272000.0,,,50829000.0,-107045000.0,
2016-09-30,5016381000.0,3164116000.0,1852265000.0,,1301901000.0,,550364000.0,,473299000.0,125569000.0,347730000.0,2.24,2.22,155300000.0,156798000.0,514755000.0,,1199137000.0,828286000.0,,,,2738967000.0,,839430000.0,4039935000.0,1475757000.0,204194000.0,9298283000.0,748799000.0,260063000.0,,1891071000.0,,586408000.0,,418143000.0,,,,,9298283000.0,263421000.0,17791000.0,,31791000.0,21223000.0,,,38582000.0,,,572946000.0,,,,,501828000.0,115768000.0,,1057000.0,-561382000.0,,,149320000.0,152570000.0,
2016-12-31,6794342000.0,4322373000.0,2471969000.0,104479000.0,1757523000.0,,714446000.0,,689332000.0,180440000.0,508892000.0,3.28,3.25,155231000.0,156636000.0,349146000.0,,1265201000.0,870487000.0,215195000.0,,,2589191000.0,,945670000.0,4562677000.0,1802923000.0,215530000.0,10115991000.0,830318000.0,332595000.0,42000000.0,1940318000.0,12526000.0,710173000.0,,459117000.0,,7927795000.0,-359326000.0,,10115991000.0,360739000.0,21015000.0,-65163000.0,44649000.0,-25858000.0,,,58695000.0,,,861975000.0,,,,,1561737000.0,165205000.0,,1057000.0,-1503843000.0,,,633608000.0,-13039000.0,
2017-03-31,1813372000.0,1152198000.0,661174000.0,,485290000.0,,175884000.0,,231972000.0,59725000.0,172247000.0,1.11,1.09,155540000.0,157399000.0,415530000.0,,1299427000.0,942176000.0,,,,2761919000.0,,946376000.0,4508720000.0,1782107000.0,239186000.0,10238308000.0,880755000.0,320555000.0,,2319203000.0,,643363000.0,,434365000.0,,,,,10238308000.0,95598000.0,12805000.0,,23207000.0,75485000.0,,,43833000.0,,,78071000.0,,,,,0.0,42259000.0,,-2369000.0,81780000.0,,,-93293000.0,66384000.0,
2017-06-30,3806723000.0,2396103000.0,1410620000.0,,969336000.0,,441284000.0,,462763000.0,126458000.0,336305000.0,2.16,2.14,155703000.0,157513000.0,301588000.0,,1395745000.0,962070000.0,,,,2759584000.0,,978621000.0,4564266000.0,1757675000.0,232277000.0,10292423000.0,954115000.0,322347000.0,,2215346000.0,,630079000.0,,449092000.0,,,,,10292423000.0,193016000.0,17469000.0,,106927000.0,93132000.0,,,97677000.0,,,233948000.0,,,,,25568000.0,90594000.0,,-21151000.0,30643000.0,,,-309566000.0,-47558000.0,
2017-09-30,5812998000.0,3658045000.0,2154953000.0,,1439852000.0,,715101000.0,,700191000.0,184974000.0,515217000.0,3.31,3.27,155757000.0,157565000.0,322039000.0,,1446556000.0,982196000.0,,,,2868771000.0,,1012765000.0,4633749000.0,1741130000.0,236975000.0,10493390000.0,976257000.0,335239000.0,,2167256000.0,,610495000.0,,454901000.0,,,,,10493390000.0,293880000.0,21810000.0,,127004000.0,92853000.0,,,103926000.0,,,501965000.0,,,,,25568000.0,150149000.0,,-21151000.0,-24785000.0,,,-507200000.0,-27107000.0,
2017-12-31,7830436000.0,4940059000.0,2890377000.0,124986000.0,1975932000.0,,914445000.0,,973843000.0,162178000.0,811665000.0,5.21,5.15,155685000.0,157744000.0,753964000.0,,1385567000.0,878635000.0,125265000.0,,,3207120000.0,,999772000.0,4591912000.0,1609927000.0,248922000.0,10657653000.0,979446000.0,356099000.0,52755000.0,2298193000.0,9916000.0,438841000.0,,550737000.0,,8455501000.0,-194759000.0,,10657653000.0,394240000.0,26528000.0,-187397000.0,104706000.0,12557000.0,,,124051000.0,,,821559000.0,,,,,36031000.0,196735000.0,,-21151000.0,176373000.0,,,-594739000.0,404818000.0,
2018-03-31,1921579000.0,1212638000.0,708941000.0,,514149000.0,,194792000.0,,160757000.0,29322000.0,131435000.0,0.85,0.84,154520000.0,157090000.0,367222000.0,,1414941000.0,972893000.0,,,,2951999000.0,,1030645000.0,4682939000.0,1609728000.0,267729000.0,10543040000.0,997704000.0,326662000.0,53100000.0,2080588000.0,,438016000.0,98954000.0,447857000.0,,,,,10543040000.0,98023000.0,7314000.0,,2609000.0,73106000.0,,,3254000.0,,,35195000.0,,,,,68385000.0,58361000.0,,13710000.0,-136022000.0,,,-289103000.0,-386742000.0,
2018-06-30,3435765000.0,2167700000.0,1268065000.0,,863801000.0,,404264000.0,,345687000.0,69822000.0,271393000.0,1.77,1.74,153124000.0,155573000.0,242814000.0,,1281260000.0,764053000.0,,,,2447728000.0,,805009000.0,3715365000.0,1228605000.0,276463000.0,8473170000.0,938425000.0,295038000.0,44992000.0,1813927000.0,,336147000.0,98954000.0,408611000.0,,,,,8473170000.0,137928000.0,10403000.0,,108003000.0,85340000.0,,,64592000.0,,,174740000.0,,,,,68557000.0,96364000.0,,13762000.0,-174203000.0,,,-516837000.0,-511150000.0,
2018-09-30,5183168000.0,3268583000.0,1914585000.0,,1290246000.0,,624339000.0,,538703000.0,105533000.0,428698000.0,2.84,2.79,151177000.0,153429000.0,209277000.0,,1283775000.0,803981000.0,,,,2459049000.0,,806737000.0,3719598000.0,1195850000.0,280536000.0,8461770000.0,948640000.0,312577000.0,43075000.0,1890305000.0,,330888000.0,98954000.0,411766000.0,,,,,8461770000.0,206018000.0,15846000.0,,119687000.0,130351000.0,,,87898000.0,,,418684000.0,,,,,68557000.0,134556000.0,,13762000.0,-210125000.0,,,-749313000.0,-544687000.0,
2018-12-31,6992118000.0,4432562000.0,2559556000.0,143033000.0,1716444000.0,,843112000.0,,725378000.0,134233000.0,570267000.0,3.8,3.75,149874000.0,152133000.0,396221000.0,,1231859000.0,748796000.0,136043000.0,,,2503754000.0,,806497000.0,3677328000.0,1134256000.0,243936000.0,8365771000.0,969531000.0,313452000.0,36461000.0,1827421000.0,,339325000.0,54304000.0,432395000.0,,7815486000.0,-243096000.0,,8365771000.0,282580000.0,23698000.0,-13855000.0,87573000.0,85052000.0,,,106561000.0,,,789193000.0,,,,,68557000.0,170994000.0,,15774000.0,-245480000.0,,,-897838000.0,-357743000.0,
2019-03-31,1724757000.0,1101215000.0,623542000.0,,408466000.0,,168130000.0,,138318000.0,-32613000.0,105705000.0,0.73,0.72,145087000.0,146911000.0,243014000.0,,1272053000.0,828298000.0,,,,2529466000.0,,797682000.0,3777277000.0,1149136000.0,404350000.0,8657911000.0,952162000.0,337417000.0,39733000.0,1946922000.0,,349428000.0,54304000.0,528837000.0,,,,,8657911000.0,67738000.0,8182000.0,,42252000.0,73041000.0,,,-22638000.0,,,24524000.0,,,,,175083000.0,37122000.0,,7900000.0,-217690000.0,,,36067000.0,-153207000.0,
2019-06-30,3535463000.0,2239328000.0,1296135000.0,,805100000.0,,444089000.0,,388057000.0,-84267000.0,303790000.0,2.09,2.07,145366000.0,147179000.0,321326000.0,,1288755000.0,849266000.0,,,,2623251000.0,,815003000.0,3795588000.0,1129352000.0,412856000.0,8776050000.0,960432000.0,329596000.0,37572000.0,1955115000.0,,336989000.0,54304000.0,527878000.0,,,,,8776050000.0,135507000.0,16617000.0,,63228000.0,93554000.0,,,-7128000.0,,,233233000.0,,,,,215304000.0,91092000.0,,7900000.0,-287445000.0,,,-24529000.0,-74895000.0,
2019-09-30,5360808000.0,3391185000.0,1969623000.0,,1195875000.0,,726802000.0,,645987000.0,-136191000.0,509796000.0,3.51,3.47,145372000.0,147053000.0,340532000.0,,1269150000.0,816563000.0,,,,2585992000.0,,820582000.0,3760428000.0,1080130000.0,422169000.0,8669301000.0,952708000.0,338529000.0,39656000.0,1825302000.0,,333886000.0,54304000.0,529438000.0,,,,,8669301000.0,202294000.0,24493000.0,,67603000.0,74412000.0,,,-3875000.0,,,584098000.0,,,,,216398000.0,137276000.0,,10150000.0,-336057000.0,,,-302430000.0,-55689000.0,
2019-12-31,7136397000.0,4515459000.0,2620938000.0,140957000.0,1599098000.0,,974894000.0,,843009000.0,165091000.0,677918000.0,4.67,4.61,145198000.0,146992000.0,397253000.0,,1217190000.0,806141000.0,144115000.0,,,2548430000.0,,842318000.0,3783347000.0,1055014000.0,440368000.0,8669477000.0,983293000.0,339060000.0,44001000.0,1749891000.0,,322036000.0,52000000.0,527174000.0,,8211257000.0,-216026000.0,,8669477000.0,272287000.0,29702000.0,-24971000.0,7903000.0,56870000.0,,,18270000.0,,,945306000.0,,,,,216398000.0,186804000.0,,10150000.0,-384255000.0,,,-558042000.0,1032000.0,
2020-03-31,1655939000.0,1043696000.0,612243000.0,,386941000.0,,225302000.0,,213500000.0,-37221000.0,176279000.0,1.22,1.21,144259000.0,145782000.0,508907000.0,,1222154000.0,852075000.0,,,,2706000000.0,,841813000.0,3860817000.0,1096140000.0,439483000.0,8944253000.0,947006000.0,355837000.0,61508000.0,2094361000.0,,,52000000.0,515607000.0,,,,,8944253000.0,68752000.0,3252000.0,,25313000.0,61936000.0,,,-25245000.0,,,75863000.0,,,,,208421000.0,40172000.0,,0.0,-230511000.0,,,280954000.0,111654000.0,
2020-06-30,3155114000.0,1991273000.0,1163841000.0,,753681000.0,,410160000.0,,,69284000.0,301045000.0,2.09,2.07,144107000.0,145359000.0,649032000.0,,1142583000.0,885972000.0,,,,2799445000.0,,858274000.0,3919851000.0,1084834000.0,451729000.0,9114133000.0,912588000.0,375678000.0,78258000.0,2113761000.0,,,47964000.0,542615000.0,,,,,9114133000.0,136355000.0,8220000.0,,-73317000.0,80883000.0,,,-72009000.0,,,347672000.0,,,,,238839000.0,79171000.0,,0.0,-298274000.0,,,213496000.0,251779000.0,
2020-09-30,4903370000.0,3080800000.0,1822570000.0,,1135512000.0,,687058000.0,,,119981000.0,501345000.0,3.48,3.45,144082000.0,145313000.0,427501000.0,,1203429000.0,838539000.0,,,,2604984000.0,,879620000.0,3966890000.0,1065815000.0,468662000.0,8985971000.0,899814000.0,434621000.0,113179000.0,1766371000.0,,,47964000.0,573311000.0,,,,,8985971000.0,205844000.0,15591000.0,,-31631000.0,19360000.0,,,-92071000.0,,,686919000.0,,,,,258674000.0,123564000.0,,1250000.0,-362998000.0,,,-283336000.0,30248000.0,
2020-12-31,6683760000.0,4209741000.0,2474019000.0,142101000.0,1541032000.0,,932987000.0,,841734000.0,158283000.0,683451000.0,4.74,4.7,144050000.0,145393000.0,513075000.0,,1137223000.0,835804000.0,22199000.0,,,2619187000.0,,897326000.0,4072542000.0,1083772000.0,479247000.0,9152074000.0,853942000.0,343637000.0,184845000.0,1738798000.0,,,49937000.0,570314000.0,,8608284000.0,-153254000.0,,9152074000.0,279051000.0,25026000.0,-31440000.0,-122407000.0,-10519000.0,,,-95636000.0,,,1104810000.0,,,,,335786000.0,165692000.0,,2508000.0,-481379000.0,,,-506290000.0,115822000.0,
2021-03-31,1867901000.0,1146353000.0,721548000.0,,408998000.0,,312550000.0,,,56481000.0,232769000.0,1.62,1.61,143765000.0,144938000.0,536512000.0,,1240516000.0,900607000.0,,,,2815085000.0,,881131000.0,4046552000.0,1040057000.0,488068000.0,9270893000.0,911074000.0,335555000.0,195201000.0,1775362000.0,,,49937000.0,568911000.0,,,,,9270893000.0,73806000.0,11521000.0,,116320000.0,75421000.0,,,63766000.0,,,177184000.0,,,,,,31260000.0,,4157000.0,-29572000.0,,,-124239000.0,23437000.0,
2021-06-30,3899577000.0,2405857000.0,1493720000.0,,837040000.0,,656680000.0,,,115317000.0,497277000.0,3.46,3.43,143941000.0,145118000.0,601359000.0,,1329051000.0,977831000.0,,,,3059532000.0,,895551000.0,4126691000.0,1049109000.0,499117000.0,9630000000.0,1006557000.0,333772000.0,189317000.0,1901411000.0,,,49937000.0,564606000.0,,,,,9630000000.0,145325000.0,18393000.0,,192192000.0,144903000.0,,,149588000.0,,,437257000.0,,,,,88457000.0,73231000.0,,2873000.0,-151203000.0,,,-200188000.0,88284000.0,
2021-09-30,5917846000.0,3669547000.0,2248299000.0,,1249593000.0,,998706000.0,,,179080000.0,761033000.0,5.29,5.24,143976000.0,145440000.0,739144000.0,,1351144000.0,1055831000.0,,,,3299415000.0,,906268000.0,4153846000.0,1036085000.0,507369000.0,9902983000.0,1047824000.0,350222000.0,195509000.0,2005881000.0,,,48376000.0,575114000.0,,,,,9902983000.0,218236000.0,25053000.0,,222521000.0,225522000.0,,,199877000.0,,,788586000.0,,,,,178556000.0,121157000.0,,768000.0,-286642000.0,,,-274798000.0,226069000.0,
2021-12-31,7907081000.0,4937295000.0,2969786000.0,157826000.0,1688278000.0,,1281508000.0,,1400826000.0,277008000.0,1123818000.0,7.81,7.74,143923000.0,145273000.0,,,1347514000.0,1191095000.0,33062000.0,,,3061709000.0,,957310000.0,4558822000.0,1359522000.0,466264000.0,10403627000.0,1073568000.0,347097000.0,227549000.0,2250341000.0,,,48385000.0,532542000.0,,9445245000.0,-154052000.0,,10403627000.0,290123000.0,31111000.0,-56235000.0,201540000.0,297623000.0,,,229334000.0,,,1115865000.0,,,,,1112075000.0,171465000.0,,-8735000.0,-992753000.0,,,-249880000.0,-127571000.0,
2022-03-31,2051901000.0,1308707000.0,743194000.0,,443843000.0,,299351000.0,,275703000.0,49550000.0,226153000.0,1.57,1.56,144087000.0,145329000.0,,,1446670000.0,1322347000.0,,,,3232484000.0,,960130000.0,4526137000.0,1311688000.0,470608000.0,10501047000.0,1136553000.0,328992000.0,245274000.0,2246922000.0,,,48376000.0,524944000.0,,,,4329776000.0,10501047000.0,79003000.0,11113000.0,,97220000.0,136722000.0,,,58484000.0,,,23683000.0,,,,,,50381000.0,,-241000.0,-46963000.0,,,-75204000.0,-95520000.0,
2022-06-30,4210616000.0,2686139000.0,1524477000.0,,868276000.0,,656201000.0,,611059000.0,95288000.0,515771000.0,3.58,3.56,143959000.0,144998000.0,,,1514455000.0,1381607000.0,,,,3590996000.0,,963780000.0,4481451000.0,1294626000.0,476568000.0,10807421000.0,1200612000.0,316209000.0,253632000.0,2547635000.0,,,44313000.0,524328000.0,,,,4388523000.0,10807421000.0,154294000.0,18331000.0,,204676000.0,223804000.0,,,147829000.0,,,202456000.0,,,,,,100577000.0,,10721000.0,-115853000.0,,,45265000.0,129867000.0,
2022-09-30,6368907000.0,4071680000.0,2297227000.0,,1270615000.0,,1026612000.0,,964092000.0,162295000.0,801797000.0,5.59,5.55,143469000.0,144413000.0,,,1497062000.0,1407797000.0,,,,3377045000.0,,958894000.0,4532333000.0,1313001000.0,471068000.0,10652341000.0,1143253000.0,321487000.0,246181000.0,2888754000.0,,,44313000.0,496053000.0,,,,3991426000.0,10652341000.0,230808000.0,24657000.0,,227831000.0,286437000.0,,,121513000.0,,,467081000.0,,,,,,166039000.0,,10941000.0,-402061000.0,,,-133579000.0,-79502000.0,
2022-12-31,8508088000.0,5444532000.0,3063556000.0,163300000.0,1684226000.0,,1379330000.0,,1287505000.0,222129000.0,1065376000.0,7.47,7.42,142681000.0,143595000.0,,,1516871000.0,1366608000.0,35690000.0,,,3423465000.0,,1004825000.0,4669494000.0,1333735000.0,465000000.0,10896519000.0,1068144000.0,318337000.0,256933000.0,2773274000.0,,,44313000.0,474903000.0,,10223070000.0,-266223000.0,4286366000.0,10896519000.0,307538000.0,30821000.0,-26785000.0,209021000.0,199033000.0,,,15422000.0,,,805724000.0,,,,,312855000.0,220962000.0,,13168000.0,-540924000.0,,,-260265000.0,-4636000.0,
2023-03-31,2079023000.0,1332004000.0,747019000.0,,432414000.0,,314605000.0,,286290000.0,57716000.0,228574000.0,1.64,1.63,139757000.0,140616000.0,,,1460970000.0,1405416000.0,,,,3315850000.0,,1011707000.0,4680713000.0,1301696000.0,494679000.0,10804645000.0,1039162000.0,320435000.0,285209000.0,2508493000.0,,,44313000.0,471085000.0,,,,4460561000.0,10804645000.0,77896000.0,12282000.0,,-64929000.0,29213000.0,,,-30271000.0,,,241284000.0,,,,,,48375000.0,,-2812000.0,-43556000.0,,,-306565000.0,-108442000.0,
2023-06-30,4179109000.0,2673254000.0,1505855000.0,,866754000.0,,639101000.0,,586313000.0,115500000.0,470813000.0,3.37,3.35,139862000.0,140597000.0,,,1561162000.0,1396260000.0,,,,3414677000.0,,1016206000.0,4698604000.0,1274179000.0,497920000.0,10901586000.0,1028928000.0,319263000.0,261202000.0,2424096000.0,,,28024000.0,470234000.0,,,,4662105000.0,10901586000.0,156687000.0,18723000.0,,32060000.0,15957000.0,,,-40216000.0,,,436538000.0,,,,,,88454000.0,,727000.0,-86010000.0,,,-444489000.0,-95091000.0,
2023-09-30,6332377000.0,4033507000.0,2298870000.0,,1286999000.0,,1011871000.0,,940775000.0,180209000.0,760566000.0,5.44,5.41,139878000.0,140615000.0,,,1548675000.0,1279781000.0,,,,3456878000.0,,992157000.0,4607123000.0,1235643000.0,480304000.0,10772105000.0,970671000.0,325395000.0,256130000.0,2187780000.0,,,28024000.0,437281000.0,,,,4832500000.0,10772105000.0,237002000.0,25468000.0,,64891000.0,-41841000.0,,,-67441000.0,,,819995000.0,,,,,,131582000.0,,935000.0,-136253000.0,,,-757205000.0,-79770000.0,
2023-12-31,8438134000.0,5353501000.0,3084633000.0,153111000.0,1718290000.0,,1366343000.0,,1270006000.0,213178000.0,1056828000.0,7.56,7.52,139848000.0,140599000.0,,,1432040000.0,1225452000.0,110405000.0,,,3390235000.0,,1031816000.0,4881687000.0,1483913000.0,560862000.0,11348513000.0,958542000.0,315527000.0,211292000.0,2413770000.0,,,28024000.0,461972000.0,,10995624000.0,-237866000.0,5106605000.0,11348513000.0,317463000.0,31465000.0,-92205000.0,-86501000.0,-145451000.0,,,-104576000.0,,,1336345000.0,,,,,533623000.0,192592000.0,,4649000.0,-726630000.0,,,-568056000.0,34993000.0,
2024-03-31,2093941000.0,1336686000.0,757255000.0,,463124000.0,,294131000.0,,798882000.0,166661000.0,632221000.0,4.55,4.52,139051000.0,139869000.0,,,1519458000.0,1245661000.0,,,,3909941000.0,,1024338000.0,4959533000.0,1525350000.0,567871000.0,11987033000.0,969763000.0,336956000.0,242058000.0,2984435000.0,,,28024000.0,499025000.0,,,,5152852000.0,11987033000.0,84709000.0,15159000.0,,92989000.0,33174000.0,,,26440000.0,,,166593000.0,,,,,,44475000.0,,-7471000.0,429851000.0,,,-80782000.0,514093000.0,
2024-06-30,4272203000.0,2693381000.0,1578822000.0,,915317000.0,,663505000.0,,1152171000.0,238128000.0,914043000.0,6.61,6.57,138247000.0,139136000.0,,,1559915000.0,1238806000.0,,,,3265969000.0,,1025444000.0,4950930000.0,1481891000.0,567526000.0,11291760000.0,974317000.0,324336000.0,230426000.0,2134159000.0,,,6158000.0,492100000.0,,,,5363623000.0,11291760000.0,170378000.0,24679000.0,,140882000.0,32088000.0,,,33696000.0,,,370255000.0,,,,,,85347000.0,,-13508000.0,458016000.0,,,-911439000.0,-87109000.0,
2024-09-30,5816043000.0,3603146000.0,2212897000.0,,1301606000.0,,911291000.0,,1453366000.0,291781000.0,1261143000.0,9.14,9.08,137913000.0,138830000.0,,,1428961000.0,1214268000.0,,,,3745901000.0,,995766000.0,4974447000.0,1645379000.0,551479000.0,11912972000.0,865188000.0,334617000.0,185055000.0,2387203000.0,,,6158000.0,460183000.0,,,,5697999000.0,11912972000.0,251179000.0,32297000.0,,5960000.0,36936000.0,,,-60549000.0,,,648881000.0,,,,,,113626000.0,,-11710000.0,63119000.0,,,-818445000.0,-19095000.0,
