Date,Net sales,Cost of sales,Gross margin,Research and development,"Selling, general and administrative",Total operating expenses,Operating income,"Other income/(expense), net",Income before provision for income taxes,Provision for income taxes,Net income,Earnings per share basic,Earnings per share diluted,Weighted-average basic,Weighted-average diluted,Cash and cash equivalents,Short-term marketable securities,"Accounts receivable, net",Inventories,Deferred tax assets,Vendor non-trade receivables,Other current assets,Total current assets,Long-term marketable securities,"Property, Plant and Equipment, Net",Goodwill,"Acquired intangible assets, net","Other Assets, Noncurrent",Total assets,accounts payable,Accrued expenses,Deferred revenue,Total current liabilities,Deferred revenue - non-current,deferred tax liabilities,long term taxes payable,Total other non-current liabilities,Total liabilities,Retained Earnings (Accumulated Deficit),Accumulated other comprehensive (loss)/income,Total shareholders equity,Total liabilities and shareholders' equity,"Depreciation, amortization and accretion",Stock-based compensation expense,Deferred income tax expense,"Increase (Decrease) in Accounts receivable, net",Increase (Decrease) in Inventories,Increase (Decrease) in Other Receivables,Increase (Decrease) in Other Operating Assets,Increase (Decrease) in Accounts Payable,Increase (Decrease) in Deferred Revenue,Increase (Decrease) Other liabilities,Cash generated by operating activities,Purchases of marketable securities,Proceeds from maturities of marketable securities,Proceeds from sales of marketable securities,Purchases of other long-term investments,"Business acquisitions, net of cash acquired",Cash payments for capital asset purchases,Payments for acquisition of intangible assets,Payments for (Proceeds from) Other Investing Activities,Cash used in investing activities,Proceeds from issuance of common stock,Excess tax benefits from stock-based compensation,Cash generated/used in financing activities,Increase/(decrease) in cash and cash equivalents,"Cash paid for income taxes, net"
2010-02-28,5249300000.0,4058400000.0,,,510700000.0,4862900000.0,,,386400000.0,95400000.0,288900000.0,2.08,2.04,139300000.0,142300000.0,260300000.0,,,218100000.0,106200000.0,,,698800000.0,,3374600000.0,518300000.0,,196700000.0,5242400000.0,253700000.0,398800000.0,190000000.0,1250400000.0,,278100000.0,,161200000.0,3398600000.0,2541600000.0,-50900000.0,1843800000.0,5242400000.0,224800000.0,37700000.0,-19200000.0,18900000.0,-33300000.0,,,38600000.0,65000000.0,-27500000.0,752600000.0,,,,,,324100000.0,,,-320700000.0,28600000.0,8500000.0,-235000000.0,203400000.0,
2010-05-30,7113100000.0,5484000000.0,,,684500000.0,6569500000.0,,,543600000.0,136600000.0,404500000.0,2.9,2.84,139300000.0,142400000.0,248800000.0,,,220800000.0,101800000.0,,,678500000.0,,3403700000.0,517300000.0,,193900000.0,5247400000.0,246400000.0,391200000.0,167200000.0,1254600000.0,,268600000.0,,193800000.0,3353400000.0,2621900000.0,-71100000.0,1894000000.0,5247400000.0,300900000.0,53500000.0,-10200000.0,16100000.0,-26200000.0,,,27600000.0,28700000.0,-23400000.0,903400000.0,,,,,,432100000.0,,,-428700000.0,66300000.0,20100000.0,-290000000.0,185900000.0,
2010-08-29,1806700000.0,1365400000.0,,,180900000.0,1647600000.0,,,159100000.0,45800000.0,113100000.0,0.82,0.8,138600000.0,141700000.0,77500000.0,,,210000000.0,111300000.0,,,503700000.0,,3444200000.0,517300000.0,,190700000.0,5109900000.0,261200000.0,427200000.0,146500000.0,1148100000.0,,257000000.0,,193300000.0,3239500000.0,2690600000.0,-82300000.0,1870400000.0,5109900000.0,76700000.0,13200000.0,-13500000.0,-5200000.0,-10800000.0,,,4200000.0,-20700000.0,-5900000.0,214900000.0,,,,,,113200000.0,,,-109700000.0,5700000.0,800000.0,-277900000.0,-171300000.0,
2010-11-28,3532900000.0,2706900000.0,,,360900000.0,3270600000.0,,,262300000.0,73300000.0,187600000.0,1.36,1.33,138100000.0,141500000.0,52900000.0,,,273900000.0,120700000.0,,,563000000.0,,3520600000.0,517300000.0,,197400000.0,5252300000.0,255500000.0,419800000.0,156700000.0,1255400000.0,,276600000.0,,197500000.0,3373700000.0,2721000000.0,-70400000.0,1878600000.0,5252300000.0,154700000.0,31100000.0,-6800000.0,600000.0,53200000.0,,,6900000.0,-10500000.0,-5400000.0,282100000.0,,,,,,276200000.0,,,-275900000.0,30700000.0,7400000.0,-203600000.0,-195900000.0,
2011-02-27,5509800000.0,4185300000.0,,,555900000.0,5048500000.0,,,461300000.0,120500000.0,338800000.0,2.46,2.4,137500000.0,141000000.0,89700000.0,,,326900000.0,127800000.0,,,698700000.0,,3553500000.0,517200000.0,,191400000.0,5414800000.0,274700000.0,460300000.0,229600000.0,1331400000.0,,323900000.0,,189400000.0,3491300000.0,2828200000.0,-61400000.0,1923500000.0,5414800000.0,235200000.0,48700000.0,28200000.0,19100000.0,106100000.0,,,24200000.0,62400000.0,-16800000.0,662700000.0,,,,,,390100000.0,,,-390500000.0,49900000.0,12700000.0,-432300000.0,-159100000.0,
2011-05-29,7500200000.0,5699500000.0,,,738000000.0,6852600000.0,,,647600000.0,168900000.0,476300000.0,3.48,3.39,136800000.0,140300000.0,70500000.0,,,300100000.0,-199800000.0,,,663800000.0,18400000.0,3622000000.0,517100000.0,,209700000.0,5466600000.0,251300000.0,409300000.0,200000000.0,1286800000.0,,345400000.0,,248700000.0,3530400000.0,2921900000.0,-59800000.0,1936200000.0,5466600000.0,316800000.0,66600000.0,28800000.0,5900000.0,79300000.0,,,5500000.0,27300000.0,-15400000.0,894700000.0,,,,,,547700000.0,,,-552700000.0,63000000.0,17700000.0,-521000000.0,-178300000.0,
2012-02-26,5933200000.0,4594300000.0,,,568300000.0,5495900000.0,,,437300000.0,112300000.0,324300000.0,2.48,2.42,130700000.0,133800000.0,88500000.0,,,453600000.0,125500000.0,,,805300000.0,,3882900000.0,539200000.0,,235200000.0,5927400000.0,294100000.0,467300000.0,267300000.0,1898300000.0,,329100000.0,,216500000.0,4151100000.0,3077200000.0,-97500000.0,1776300000.0,5927400000.0,258800000.0,41300000.0,23700000.0,-9900000.0,152500000.0,,,28900000.0,66700000.0,-1200000.0,550500000.0,,,,,58600000.0,483400000.0,,,-559800000.0,45100000.0,12000000.0,27400000.0,18000000.0,92000000.0
2012-05-27,7998700000.0,6163200000.0,,,746800000.0,7360700000.0,,,638000000.0,161500000.0,475500000.0,3.65,3.57,130100000.0,133200000.0,70500000.0,,,404100000.0,-188400000.0,,,757600000.0,33000000.0,3951300000.0,538600000.0,,231800000.0,5944200000.0,260700000.0,454400000.0,231700000.0,1774100000.0,,312900000.0,,302700000.0,4102200000.0,3172800000.0,-146600000.0,1842000000.0,5944200000.0,349100000.0,56100000.0,36100000.0,6100000.0,103000000.0,,,-10200000.0,31100000.0,15800000.0,762200000.0,,,,,58500000.0,639700000.0,,,-721600000.0,70200000.0,17900000.0,-40400000.0,0.0,
2012-08-26,2034800000.0,1549800000.0,,,218200000.0,1888500000.0,,,146300000.0,35300000.0,110800000.0,0.86,0.85,128100000.0,131000000.0,51500000.0,,,404000000.0,130500000.0,,,726800000.0,,4036400000.0,538600000.0,,253700000.0,6020400000.0,331300000.0,493300000.0,204100000.0,1860900000.0,,304100000.0,,278000000.0,4160400000.0,3219100000.0,-147800000.0,1860000000.0,6020400000.0,92600000.0,14400000.0,-16400000.0,-12400000.0,-100000.0,,,40900000.0,-27600000.0,-4600000.0,253200000.0,,,,,,149300000.0,,,-158800000.0,14700000.0,4000000.0,-116100000.0,-19000000.0,3500000.0
2012-11-25,3994800000.0,3118500000.0,,,434200000.0,3805300000.0,,,189500000.0,44700000.0,144400000.0,1.12,1.1,128800000.0,131700000.0,61400000.0,,,425300000.0,152300000.0,,,800600000.0,,4285700000.0,904900000.0,,267300000.0,6832700000.0,315600000.0,436000000.0,220700000.0,1543600000.0,,343300000.0,,308900000.0,4969300000.0,861800000.0,-147700000.0,1863400000.0,6832700000.0,191800000.0,28700000.0,-11500000.0,-5800000.0,17800000.0,,,12600000.0,-13400000.0,6500000.0,267600000.0,,,,,578400000.0,355200000.0,,,-949400000.0,37400000.0,8300000.0,670200000.0,-9100000.0,44100000.0
2013-02-24,6253000000.0,4870800000.0,,,634100000.0,5890400000.0,,,362600000.0,83300000.0,278800000.0,2.17,2.12,129300000.0,131500000.0,103900000.0,,,432600000.0,153600000.0,,,853400000.0,,4335000000.0,904500000.0,,290700000.0,6957800000.0,324800000.0,460200000.0,315400000.0,1535400000.0,,369900000.0,,323400000.0,5007500000.0,930900000.0,-150300000.0,1950300000.0,6957800000.0,292800000.0,36000000.0,14300000.0,-3900000.0,25100000.0,,,35500000.0,81300000.0,-6700000.0,690000000.0,,,,,577400000.0,518500000.0,,,-1118900000.0,49400000.0,10400000.0,459900000.0,33400000.0,67500000.0
2013-05-26,8551900000.0,6661000000.0,,,847800000.0,8029500000.0,,,522400000.0,109800000.0,411900000.0,3.19,3.13,129000000.0,131600000.0,88200000.0,,,356900000.0,-211800000.0,,,764900000.0,22300000.0,4391100000.0,908300000.0,,298800000.0,6936900000.0,296500000.0,450300000.0,270500000.0,1416400000.0,,356400000.0,,325400000.0,4877400000.0,998900000.0,-132800000.0,2059500000.0,6936900000.0,394800000.0,49300000.0,-2100000.0,9400000.0,-50600000.0,,,10800000.0,36400000.0,,949500000.0,,,,,577400000.0,685600000.0,,,-1290400000.0,64400000.0,13600000.0,355400000.0,17700000.0,
2013-08-25,2158500000.0,1701300000.0,,,230000000.0,2069800000.0,,,88700000.0,18400000.0,70200000.0,0.54,0.53,130200000.0,132600000.0,108900000.0,,,373300000.0,150200000.0,,,809700000.0,,4469600000.0,907700000.0,,302400000.0,7064000000.0,384700000.0,472300000.0,242300000.0,1563100000.0,,353200000.0,,307900000.0,4992500000.0,996800000.0,-134400000.0,2071500000.0,7064000000.0,105800000.0,11100000.0,-7800000.0,-4400000.0,16500000.0,,,76600000.0,-28200000.0,3300000.0,217100000.0,,,,,,174300000.0,,,-181300000.0,8200000.0,1600000.0,-15000000.0,20700000.0,19000000.0
2013-11-24,4208400000.0,3371400000.0,,,451200000.0,4101600000.0,,,106800000.0,16700000.0,90000000.0,0.69,0.68,130600000.0,132800000.0,84600000.0,,,418000000.0,155700000.0,,,834300000.0,,4521800000.0,907700000.0,,318900000.0,7157300000.0,365100000.0,466800000.0,248400000.0,1646500000.0,,345600000.0,,326400000.0,5098100000.0,944700000.0,-127900000.0,2059200000.0,7157300000.0,213400000.0,31300000.0,-19700000.0,-1700000.0,61200000.0,,,65800000.0,-22100000.0,14000000.0,303100000.0,,,,,0.0,344000000.0,,,-353300000.0,27200000.0,5300000.0,46700000.0,-3600000.0,36000000.0
2014-02-23,6441500000.0,5132300000.0,,,660500000.0,6213400000.0,,,228100000.0,28500000.0,199700000.0,1.53,1.5,131300000.0,133400000.0,127000000.0,,,461000000.0,165100000.0,,,909200000.0,,4512200000.0,907600000.0,,321200000.0,7224800000.0,358300000.0,511100000.0,347400000.0,1641500000.0,,344200000.0,,330500000.0,5103100000.0,982000000.0,-128000000.0,2121700000.0,7224800000.0,321900000.0,39500000.0,-29300000.0,-15700000.0,104100000.0,,,86700000.0,76900000.0,13600000.0,667000000.0,,,,,0.0,468300000.0,,,-481000000.0,43800000.0,9500000.0,-148100000.0,38800000.0,63500000.0
2014-05-25,6285600000.0,4990500000.0,,,663500000.0,6111000000.0,,,174600000.0,-8600000.0,286200000.0,2.18,2.15,131000000.0,133200000.0,98300000.0,,,196800000.0,-162100000.0,,,1976400000.0,,3381000000.0,872500000.0,,296200000.0,7100700000.0,233100000.0,457400000.0,299700000.0,1618500000.0,,286100000.0,,299600000.0,4943800000.0,995800000.0,-128100000.0,2156900000.0,7100700000.0,304400000.0,38700000.0,-44900000.0,1500000.0,25600000.0,,,27200000.0,28800000.0,,555400000.0,,,,,0.0,414800000.0,,,-436300000.0,58100000.0,10900000.0,-179200000.0,10100000.0,
2014-08-24,1595800000.0,1282600000.0,,,160000000.0,1639500000.0,,,-43700000.0,-24400000.0,503200000.0,3.81,3.81,132200000.0,132200000.0,413700000.0,,,201600000.0,173000000.0,,,1003900000.0,,3380000000.0,872500000.0,,293100000.0,6124100000.0,212500000.0,504000000.0,266400000.0,1601800000.0,,285400000.0,,376500000.0,3996200000.0,1426100000.0,-102500000.0,2127900000.0,6124100000.0,78700000.0,6200000.0,-22600000.0,-12500000.0,-26800000.0,,,-39800000.0,-25100000.0,-1400000.0,77000000.0,,,,,,81700000.0,,,-80500000.0,9300000.0,1000000.0,-1627700000.0,315400000.0,10200000.0
2014-11-23,3154800000.0,2552300000.0,,,350400000.0,3253100000.0,,,-98300000.0,-48200000.0,470400000.0,3.62,3.62,130000000.0,130000000.0,157500000.0,,,193500000.0,172700000.0,,,719400000.0,,3338300000.0,872500000.0,,283100000.0,5787900000.0,201800000.0,497500000.0,265700000.0,1306000000.0,,279800000.0,,358600000.0,3682400000.0,997300000.0,-79800000.0,2105500000.0,5787900000.0,158800000.0,29900000.0,-33900000.0,-16200000.0,-34900000.0,,,-36900000.0,-21600000.0,9600000.0,197900000.0,,,,,,167400000.0,,,-156400000.0,50900000.0,4000000.0,-1742800000.0,59200000.0,199400000.0
2015-02-22,4885700000.0,3894600000.0,,,484600000.0,4836900000.0,,,147100000.0,-29500000.0,604200000.0,4.71,4.64,128200000.0,130100000.0,436200000.0,,,172800000.0,174500000.0,,,981900000.0,,3288500000.0,872400000.0,,285500000.0,6002900000.0,186000000.0,478900000.0,379800000.0,1350800000.0,,321000000.0,,360500000.0,3765100000.0,989000000.0,-77800000.0,2237800000.0,6002900000.0,238400000.0,41300000.0,-400000.0,-18700000.0,-55600000.0,,,-43500000.0,75000000.0,6300000.0,556000000.0,,,,,,230100000.0,,,-208800000.0,107100000.0,9100000.0,-1776700000.0,337900000.0,203700000.0
2015-05-31,6764000000.0,,1179200000.0,,,6396400000.0,367600000.0,,175300000.0,-21100000.0,709500000.0,5.56,5.47,127700000.0,129700000.0,535900000.0,,,163900000.0,-184400000.0,,,1056400000.0,,3215800000.0,872400000.0,,275500000.0,5994700000.0,198800000.0,449100000.0,328600000.0,1196700000.0,,341800000.0,,444500000.0,3661200000.0,1026000000.0,-86600000.0,2333500000.0,5994700000.0,319300000.0,53700000.0,42000000.0,-7800000.0,-64500000.0,,,-20900000.0,34900000.0,,874300000.0,,,,,0.0,296500000.0,,,-235100000.0,159700000.0,18400000.0,-1784500000.0,437600000.0,
2015-08-30,1687000000.0,,310700000.0,,,1552800000.0,134200000.0,,111800000.0,30800000.0,86400000.0,0.68,0.67,127400000.0,129300000.0,690100000.0,,,162600000.0,166600000.0,,,1204600000.0,,3104200000.0,872400000.0,,270700000.0,6026500000.0,210200000.0,426200000.0,298800000.0,1142600000.0,,331600000.0,,459800000.0,3602400000.0,1042300000.0,-85200000.0,2424100000.0,6026500000.0,81100000.0,10200000.0,-24000000.0,-18400000.0,-1300000.0,,,9800000.0,-23500000.0,-400000.0,138000000.0,,,,,,64900000.0,,,61600000.0,56900000.0,11600000.0,-17000000.0,154200000.0,29300000.0
2015-11-29,3295800000.0,,577300000.0,,,3079900000.0,215900000.0,,136200000.0,25100000.0,129600000.0,1.01,1.0,128100000.0,129900000.0,857600000.0,,,170000000.0,161100000.0,,,1383500000.0,,2074600000.0,872400000.0,,277200000.0,5182300000.0,191400000.0,396900000.0,307800000.0,1815400000.0,,226200000.0,,475300000.0,3192500000.0,577900000.0,-65000000.0,1989800000.0,5182300000.0,156400000.0,17300000.0,-58800000.0,-15900000.0,6300000.0,,,-1200000.0,-10600000.0,-5000000.0,190600000.0,,,,,,122200000.0,,,179500000.0,62100000.0,12000000.0,-23100000.0,321700000.0,103900000.0
2016-02-28,5143300000.0,,958600000.0,,,4706200000.0,437100000.0,,274300000.0,55000000.0,235400000.0,1.84,1.82,127700000.0,129600000.0,215800000.0,,,178900000.0,164700000.0,,,729900000.0,,2058100000.0,872300000.0,,267000000.0,4501900000.0,190600000.0,390900000.0,401300000.0,1201100000.0,,220800000.0,,479000000.0,2583700000.0,507500000.0,-63300000.0,1918200000.0,4501900000.0,223400000.0,29200000.0,-65600000.0,-25300000.0,15200000.0,,,-5000000.0,78400000.0,-4400000.0,597200000.0,,,,,,172800000.0,,,136600000.0,79200000.0,14500000.0,-1027000000.0,-320100000.0,105800000.0
2016-05-29,6933500000.0,,1303100000.0,,,6311300000.0,622200000.0,,449700000.0,90000000.0,375000000.0,2.94,2.9,127400000.0,129300000.0,274800000.0,,,175400000.0,419200000.0,,,820300000.0,,2041600000.0,872300000.0,,273800000.0,4582600000.0,241900000.0,400600000.0,360400000.0,1187100000.0,,255200000.0,,498600000.0,2630600000.0,547500000.0,-87000000.0,1952000000.0,4582600000.0,290200000.0,37300000.0,-10800000.0,-14000000.0,11800000.0,,,45600000.0,46000000.0,,820400000.0,,,,,,228300000.0,,,75400000.0,99300000.0,17500000.0,-1120800000.0,-261100000.0,128000000.0
2016-08-28,1714400000.0,,308000000.0,,,1553100000.0,161300000.0,,151400000.0,40300000.0,110200000.0,0.88,0.87,124900000.0,126700000.0,114700000.0,,,161800000.0,168600000.0,,,610800000.0,,2035900000.0,872300000.0,,276700000.0,4370300000.0,214100000.0,418600000.0,327600000.0,1132100000.0,,257600000.0,,482000000.0,2569000000.0,429300000.0,-89400000.0,1801300000.0,4370300000.0,66800000.0,6200000.0,-3500000.0,-11800000.0,-13600000.0,,,-27700000.0,-26100000.0,-700000.0,173100000.0,,,,,,60100000.0,,,-63100000.0,3300000.0,600000.0,-263100000.0,-160100000.0,-3000000.0
2016-11-27,3356900000.0,,571900000.0,,,3079100000.0,277800000.0,,258400000.0,67600000.0,189700000.0,1.53,1.51,124000000.0,125800000.0,116800000.0,,,183600000.0,173100000.0,,,683400000.0,,2056900000.0,872300000.0,,274100000.0,4461900000.0,249600000.0,407600000.0,336200000.0,1151300000.0,,260800000.0,,489800000.0,2608500000.0,424400000.0,-83300000.0,1853400000.0,4461900000.0,134600000.0,18000000.0,-5800000.0,1700000.0,8300000.0,,,-3500000.0,-12900000.0,15100000.0,294300000.0,,,,,,135300000.0,,,-140700000.0,46000000.0,8300000.0,-301200000.0,-158000000.0,57200000.0
2017-02-26,5235600000.0,,955800000.0,,,4728300000.0,507300000.0,,478600000.0,121500000.0,355300000.0,2.86,2.82,124100000.0,125900000.0,391400000.0,,,168000000.0,182700000.0,,,884900000.0,,2069100000.0,872300000.0,,278300000.0,4679800000.0,205500000.0,410900000.0,426200000.0,1232100000.0,,263800000.0,,495500000.0,2707000000.0,520000000.0,-84000000.0,1972800000.0,4679800000.0,202500000.0,27300000.0,-12900000.0,-24500000.0,-7300000.0,,,-46800000.0,79200000.0,19500000.0,703200000.0,,,,,,214000000.0,,,-222200000.0,62500000.0,12100000.0,-351400000.0,116600000.0,61300000.0
2017-05-28,7170200000.0,,1329700000.0,,,6492700000.0,677500000.0,,637300000.0,154800000.0,479100000.0,3.85,3.8,124300000.0,126000000.0,233100000.0,,,178900000.0,489900000.0,,,799800000.0,,2272300000.0,1201700000.0,,280200000.0,5504200000.0,249500000.0,445900000.0,388600000.0,1289200000.0,,357500000.0,,536400000.0,3402500000.0,560100000.0,-62900000.0,2101700000.0,5504200000.0,272900000.0,40700000.0,-22900000.0,6500000.0,-5000000.0,,,-9000000.0,41600000.0,,918200000.0,,,,,764400000.0,293000000.0,,,-1071600000.0,113100000.0,27200000.0,129200000.0,-41700000.0,106200000.0
2017-08-27,1936100000.0,,347800000.0,,,1761600000.0,174500000.0,,159500000.0,38200000.0,119000000.0,0.95,0.93,125200000.0,127300000.0,146800000.0,,,176300000.0,,,,483000000.0,,2318800000.0,1172200000.0,,299300000.0,5223500000.0,256800000.0,451100000.0,353100000.0,1258300000.0,,151900000.0,,525900000.0,3164800000.0,515000000.0,-66100000.0,2058700000.0,5223500000.0,76100000.0,8400000.0,22400000.0,-18900000.0,-2600000.0,,,-5700000.0,-33400000.0,-2600000.0,179400000.0,,,,,,95700000.0,,,-96700000.0,15800000.0,0.0,-164400000.0,-86300000.0,300000.0
2017-11-26,3817600000.0,,654400000.0,,,3514200000.0,303400000.0,,272900000.0,63000000.0,203700000.0,1.64,1.61,124400000.0,126400000.0,114700000.0,,,199100000.0,,,,485200000.0,,2386200000.0,1173100000.0,,322900000.0,5317600000.0,262000000.0,449300000.0,366900000.0,1418000000.0,,143600000.0,,542900000.0,3341500000.0,447300000.0,-68200000.0,1976100000.0,5317600000.0,154900000.0,18100000.0,18100000.0,-9500000.0,20100000.0,,,-9000000.0,-16900000.0,-1500000.0,314100000.0,,,,,40400000.0,197700000.0,,,-240800000.0,17400000.0,0.0,-185500000.0,-118400000.0,39000000.0
2018-02-25,5946000000.0,,1076800000.0,,,5409200000.0,536800000.0,,388900000.0,-102500000.0,421500000.0,3.39,3.34,124200000.0,126100000.0,146800000.0,,,208000000.0,,,,569600000.0,,2404800000.0,1182000000.0,,348100000.0,5454700000.0,291500000.0,458400000.0,456600000.0,1467500000.0,,106400000.0,,518900000.0,3329800000.0,586400000.0,-80400000.0,2124900000.0,5454700000.0,234100000.0,32200000.0,-29000000.0,-25800000.0,29100000.0,,,28900000.0,74000000.0,11000000.0,751000000.0,,,,,40400000.0,294900000.0,,-4400000.0,-342300000.0,35500000.0,0.0,-480000000.0,-86300000.0,40300000.0
2018-05-27,8080100000.0,,1493100000.0,,,7313300000.0,766800000.0,,605700000.0,1900000.0,596000000.0,4.81,4.73,124000000.0,126000000.0,146900000.0,,,205300000.0,298100000.0,,,553600000.0,,2429800000.0,1183700000.0,,351700000.0,5469600000.0,277000000.0,457600000.0,415800000.0,1384500000.0,,114000000.0,,531800000.0,3274800000.0,657600000.0,-85200000.0,2194800000.0,5469600000.0,313100000.0,42800000.0,-20600000.0,7200000.0,26600000.0,,,12600000.0,33500000.0,,1019800000.0,,,,,40400000.0,396000000.0,,-4800000.0,-451100000.0,37800000.0,0.0,-636600000.0,-86200000.0,25700000.0
2018-08-26,2061400000.0,,374400000.0,,,1872300000.0,189100000.0,,176000000.0,7100000.0,166200000.0,1.34,1.32,123800000.0,125800000.0,151800000.0,,,194600000.0,,,,544600000.0,,2473600000.0,1183700000.0,,344200000.0,5496900000.0,268700000.0,469200000.0,382500000.0,1324300000.0,,118100000.0,,522700000.0,3221700000.0,693500000.0,-76400000.0,2275200000.0,5496900000.0,80700000.0,17900000.0,3800000.0,-14800000.0,-10700000.0,,,-21300000.0,-35500000.0,8100000.0,206400000.0,,,,,,106400000.0,,-1800000.0,-109200000.0,33300000.0,,-92400000.0,4900000.0,-100000.0
2018-11-25,4034800000.0,,703100000.0,,,3697600000.0,337200000.0,,311300000.0,26500000.0,281800000.0,2.27,2.24,123900000.0,125800000.0,139700000.0,,,209400000.0,,,,561200000.0,,2521100000.0,1183700000.0,,332400000.0,5549200000.0,301300000.0,449300000.0,388600000.0,1385300000.0,,,,522200000.0,3298900000.0,662500000.0,-78700000.0,2250300000.0,5549200000.0,163500000.0,31600000.0,10800000.0,-3200000.0,4100000.0,,,10500000.0,-28500000.0,3200000.0,433900000.0,,,,,0.0,233000000.0,,-1900000.0,-241800000.0,41700000.0,,-194700000.0,-7200000.0,12300000.0
2019-02-24,6281300000.0,,1158300000.0,,,5678600000.0,602700000.0,,564400000.0,54500000.0,505400000.0,4.09,4.02,123700000.0,125600000.0,302900000.0,,,209500000.0,,,,687200000.0,,2539900000.0,1183700000.0,,336200000.0,5697800000.0,303200000.0,446900000.0,471700000.0,1442900000.0,,,,534600000.0,3382100000.0,728400000.0,-81000000.0,2315700000.0,5697800000.0,248800000.0,45300000.0,15900000.0,-16500000.0,4200000.0,,,26300000.0,54600000.0,5700000.0,920000000.0,,,,,0.0,346900000.0,,-1900000.0,-349700000.0,45400000.0,,-403800000.0,156000000.0,15000000.0
2019-05-26,8510400000.0,,1593700000.0,,,7677900000.0,832500000.0,,782300000.0,63700000.0,713400000.0,5.78,5.69,123500000.0,125400000.0,457300000.0,,,207300000.0,331700000.0,,,892600000.0,,2552600000.0,1183700000.0,,313100000.0,5892800000.0,332600000.0,471900000.0,428500000.0,1474100000.0,,,,587100000.0,3500200000.0,806600000.0,-98200000.0,2392600000.0,5892800000.0,336700000.0,59800000.0,47500000.0,-2100000.0,2100000.0,,,55000000.0,11300000.0,,1267600000.0,,,,,0.0,452000000.0,,-2100000.0,-462600000.0,59300000.0,0.0,-484200000.0,310400000.0,23700000.0
2019-08-25,2133900000.0,,385700000.0,,,1932400000.0,201500000.0,,190400000.0,18600000.0,170600000.0,1.39,1.37,122900000.0,124600000.0,350800000.0,,,199000000.0,,,,670300000.0,,2611000000.0,1199700000.0,,291000000.0,9719500000.0,343700000.0,598300000.0,388800000.0,1548600000.0,,,,430600000.0,7338200000.0,789900000.0,-101000000.0,2381300000.0,9719500000.0,86200000.0,14200000.0,7000000.0,-13000000.0,-8400000.0,,,3300000.0,-39700000.0,3700000.0,253800000.0,,,,,37000000.0,117100000.0,,10000000.0,-166900000.0,11200000.0,,-192700000.0,-106500000.0,-39600000.0
2019-11-24,4190300000.0,,724900000.0,,,3828600000.0,361700000.0,,184200000.0,-31600000.0,195300000.0,1.59,1.57,122500000.0,124100000.0,157300000.0,,,212200000.0,,,,535500000.0,,2730600000.0,1199400000.0,,297400000.0,9742700000.0,340200000.0,618100000.0,390300000.0,1557500000.0,,,,495000000.0,7469000000.0,584500000.0,-500000.0,2273700000.0,9742700000.0,173800000.0,28000000.0,-8400000.0,-7300000.0,4800000.0,,,-5200000.0,-38200000.0,6800000.0,443100000.0,,,,,37000000.0,256500000.0,,9700000.0,-309700000.0,14800000.0,,-433800000.0,-300000000.0,-4700000.0
2020-02-23,6536800000.0,,1191300000.0,,,5896800000.0,640000000.0,,449300000.0,31800000.0,427600000.0,3.5,3.46,122100000.0,123700000.0,321700000.0,,,229600000.0,,,,686000000.0,,2794900000.0,1205500000.0,,305700000.0,9973300000.0,360100000.0,634500000.0,475700000.0,1683100000.0,,,,514600000.0,7632100000.0,648600000.0,-400000.0,2341200000.0,9973300000.0,261500000.0,42600000.0,-1900000.0,-12800000.0,22100000.0,,,20700000.0,47100000.0,14700000.0,922400000.0,,,,,50100000.0,374500000.0,,10200000.0,-447400000.0,17700000.0,,-608100000.0,-135600000.0,1100000.0
2020-05-31,7806900000.0,,1170400000.0,,,7759000000.0,47900000.0,,-161000000.0,-111800000.0,-52400000.0,-0.43,-0.43,122700000.0,122700000.0,763300000.0,,,206900000.0,1504700000.0,,,1101400000.0,,2756900000.0,1037400000.0,,275300000.0,9946100000.0,249400000.0,605900000.0,467900000.0,1792800000.0,,,,560900000.0,7614900000.0,143500000.0,-17600000.0,2331200000.0,9946100000.0,355900000.0,53000000.0,-133600000.0,-13700000.0,13900000.0,,,-68500000.0,39400000.0,,717400000.0,,,,,55800000.0,459900000.0,,9500000.0,-544000000.0,525900000.0,,138700000.0,306000000.0,300000.0
2020-08-30,1527400000.0,,272500000.0,,,1470800000.0,56600000.0,,32500000.0,-4800000.0,36100000.0,0.28,0.28,130000000.0,130900000.0,654600000.0,,,190100000.0,,,,971000000.0,,2739600000.0,1037400000.0,,283800000.0,9789500000.0,248800000.0,659500000.0,448500000.0,1543900000.0,,,,633900000.0,7414500000.0,166600000.0,-12500000.0,2375000000.0,9789500000.0,87600000.0,19100000.0,-10000000.0,-2600000.0,-16800000.0,,,-4400000.0,-19500000.0,,206700000.0,,,,,0.0,42200000.0,,400000.0,-44000000.0,4200000.0,,-273600000.0,-108700000.0,1900000.0
2020-11-29,3183900000.0,,569100000.0,,,3006600000.0,177300000.0,,138200000.0,8800000.0,132100000.0,1.02,1.01,130300000.0,131500000.0,777300000.0,,,203000000.0,,,,1109700000.0,,2776000000.0,1037400000.0,,288400000.0,9927600000.0,235600000.0,686900000.0,439900000.0,1546100000.0,,,,729100000.0,7472500000.0,223200000.0,-7100000.0,2455100000.0,9927600000.0,173600000.0,41400000.0,-8000000.0,-3600000.0,-3900000.0,,,-24800000.0,-28100000.0,,428600000.0,,,,,0.0,108200000.0,,300000.0,-109700000.0,10400000.0,,-308400000.0,14000000.0,12600000.0
2021-02-28,4916900000.0,,887300000.0,,,4591600000.0,325300000.0,,270500000.0,7100000.0,260800000.0,2.0,1.98,130500000.0,132000000.0,993900000.0,,,188200000.0,,,,1300400000.0,,2813400000.0,1037400000.0,,295800000.0,10096100000.0,238800000.0,698200000.0,493800000.0,1646500000.0,,,,747700000.0,7520600000.0,303000000.0,700000.0,2575500000.0,10096100000.0,261800000.0,60000000.0,-12300000.0,-5800000.0,-18700000.0,,,-17500000.0,25800000.0,,746000000.0,,,,,0.0,177300000.0,,-1100000.0,-181400000.0,34200000.0,,-335500000.0,230600000.0,12400000.0
2021-05-30,7196100000.0,,1402400000.0,,,6547400000.0,648700000.0,,576500000.0,-55900000.0,629300000.0,4.83,4.77,130400000.0,131800000.0,1214700000.0,,,190800000.0,1565800000.0,,,1871100000.0,,,1037400000.0,,295700000.0,10656100000.0,304500000.0,795800000.0,474200000.0,1848300000.0,,,,754800000.0,7843000000.0,522300000.0,4200000.0,2813100000.0,10656100000.0,350900000.0,72400000.0,165900000.0,18400000.0,-16100000.0,,,48900000.0,6200000.0,,1193500000.0,,,,,0.0,254900000.0,,-1200000.0,-263700000.0,46200000.0,,-478900000.0,451400000.0,62500000.0
2021-08-29,2306000000.0,,482600000.0,,,2025200000.0,280800000.0,,265000000.0,33300000.0,230900000.0,1.77,1.75,130300000.0,131700000.0,947800000.0,,,210900000.0,,,,1658000000.0,,,1037400000.0,,306600000.0,10541700000.0,325000000.0,685800000.0,447100000.0,1715000000.0,,,,939700000.0,7789300000.0,445900000.0,5800000.0,2752400000.0,10541700000.0,89000000.0,27600000.0,,-800000.0,20000000.0,,,14700000.0,-27100000.0,,180300000.0,,,,,,82700000.0,,-1100000.0,-83700000.0,19600000.0,,-312800000.0,-215400000.0,4200000.0
2021-11-28,4578200000.0,,909000000.0,,,4054500000.0,523700000.0,,490900000.0,65800000.0,424100000.0,3.27,3.23,129800000.0,131100000.0,746300000.0,,,230200000.0,,,,1514200000.0,,,1037400000.0,,304900000.0,10403300000.0,355400000.0,709100000.0,457500000.0,1780700000.0,,,,1016900000.0,7860300000.0,261800000.0,600000.0,2543000000.0,10403300000.0,181100000.0,38100000.0,,900000.0,39400000.0,,,36800000.0,-16700000.0,,481500000.0,,,,,,173300000.0,,-1300000.0,-177800000.0,25700000.0,,-721000000.0,-416900000.0,58000000.0
2022-02-27,7027100000.0,,1383600000.0,,,6202400000.0,824700000.0,,774200000.0,101200000.0,671100000.0,5.21,5.16,128900000.0,130100000.0,555300000.0,,,243700000.0,,,,1280100000.0,,,1037400000.0,,296700000.0,10205400000.0,350000000.0,686600000.0,,1815900000.0,,,,1123100000.0,7919600000.0,34000000.0,2000000.0,2285800000.0,10205400000.0,275400000.0,49800000.0,,-15600000.0,52900000.0,,,31700000.0,63100000.0,,916500000.0,,,,,,275600000.0,,-2900000.0,-280900000.0,36400000.0,,-1235400000.0,-607900000.0,79300000.0
2022-05-29,9630000000.0,,1901800000.0,,,8467800000.0,1162200000.0,,1093500000.0,138800000.0,952800000.0,7.46,7.39,127800000.0,129000000.0,420600000.0,,,270600000.0,1537400000.0,,,1179400000.0,,,1037400000.0,,291600000.0,10135800000.0,366900000.0,704500000.0,,1847500000.0,,,,1232200000.0,7937600000.0,-25900000.0,-1900000.0,2198200000.0,10135800000.0,368400000.0,60500000.0,-26000000.0,3900000.0,79800000.0,,,43200000.0,23800000.0,,1264600000.0,,,,,0.0,376900000.0,,-3400000.0,-389000000.0,40200000.0,,-1609700000.0,-742600000.0,102600000.0
2022-08-28,2446100000.0,,423200000.0,,,2201900000.0,244200000.0,,224400000.0,30800000.0,193000000.0,1.57,1.56,122900000.0,123900000.0,377500000.0,,,273100000.0,,,,941000000.0,,,1037400000.0,,291200000.0,10014500000.0,406900000.0,699500000.0,,1825300000.0,,,,1292100000.0,7950400000.0,-151700000.0,400000.0,2064100000.0,10014500000.0,95600000.0,20300000.0,,-21300000.0,2500000.0,,,12600000.0,-30200000.0,,427800000.0,,,,,,122800000.0,,-100000.0,-118100000.0,6400000.0,,-345400000.0,-36200000.0,-176700000.0
2022-11-27,4932600000.0,,834800000.0,,,4455200000.0,477400000.0,,437800000.0,56700000.0,380200000.0,3.1,3.08,122500000.0,123500000.0,240700000.0,,,296100000.0,,,,892100000.0,,,1037400000.0,,296000000.0,10025300000.0,435300000.0,725000000.0,,1906400000.0,,,,1304200000.0,8004400000.0,-199700000.0,6000000.0,2020900000.0,10025300000.0,192400000.0,38400000.0,,-500000.0,25400000.0,,,37500000.0,-34200000.0,,635600000.0,,,,,,280300000.0,,-200000.0,-273400000.0,11700000.0,,-534900000.0,-171800000.0,-68200000.0
2023-02-26,7718800000.0,,1391300000.0,,,6891500000.0,827300000.0,,768100000.0,100200000.0,666800000.0,5.46,5.41,122200000.0,123200000.0,275300000.0,,,305900000.0,,,,890900000.0,,,1037400000.0,,294200000.0,10075400000.0,423800000.0,722600000.0,,1950400000.0,,,,1315600000.0,8031500000.0,-169400000.0,100000.0,2043900000.0,10075400000.0,290700000.0,52600000.0,,-14400000.0,35200000.0,,,23100000.0,50000000.0,,1140500000.0,,,,,,410500000.0,,-500000.0,-409500000.0,18300000.0,,-862700000.0,-137200000.0,-29500000.0
2023-05-28,10487800000.0,,1965100000.0,,,9286000000.0,1201800000.0,,1120500000.0,137000000.0,981900000.0,8.06,7.99,121900000.0,122900000.0,367800000.0,,,287900000.0,1549200000.0,,,997700000.0,,,1037400000.0,,301100000.0,10241500000.0,426200000.0,752500000.0,,1937400000.0,,,,1407900000.0,8040000000.0,-32500000.0,3200000.0,2201500000.0,10241500000.0,387800000.0,67500000.0,-56100000.0,8200000.0,17300000.0,,,40900000.0,14000000.0,,1552800000.0,,,,,,564900000.0,,-500000.0,-568400000.0,35400000.0,,-1033100000.0,-55900000.0,47400000.0
2023-08-27,2730600000.0,,519100000.0,,,2477700000.0,252900000.0,,223200000.0,28400000.0,194500000.0,1.61,1.59,120900000.0,122000000.0,192100000.0,,,287000000.0,,,,835700000.0,,,1376900000.0,,316600000.0,11269200000.0,419600000.0,786100000.0,,2094200000.0,,,,1441000000.0,9121200000.0,-124800000.0,16000000.0,2148000000.0,11269200000.0,109800000.0,30300000.0,,-29500000.0,-9400000.0,,,-16000000.0,-32100000.0,,269100000.0,,,,,699900000.0,150900000.0,,-200000.0,-854200000.0,22300000.0,,409400000.0,-175700000.0,2000000.0
2023-11-26,5457900000.0,,1032400000.0,,,4926500000.0,531400000.0,,464600000.0,57500000.0,406600000.0,3.38,3.35,120400000.0,121400000.0,195700000.0,,,310600000.0,,,,867700000.0,,,1392900000.0,,330300000.0,11322100000.0,423900000.0,805200000.0,,2381600000.0,,,,1474800000.0,9282400000.0,-228500000.0,27400000.0,2039700000.0,11322100000.0,222300000.0,43800000.0,,-8300000.0,14300000.0,,,-7700000.0,-26500000.0,,609900000.0,,,,,699900000.0,312400000.0,,-300000.0,-1022900000.0,25900000.0,,216700000.0,-196300000.0,63400000.0
2024-02-25,8432700000.0,,1646300000.0,,,7513900000.0,918800000.0,,815500000.0,95000000.0,719500000.0,5.99,5.95,120100000.0,121000000.0,243900000.0,,,298200000.0,,,,876400000.0,,,1397800000.0,,339800000.0,11358200000.0,406000000.0,808600000.0,,2272400000.0,,,,1516800000.0,9177300000.0,-101600000.0,29700000.0,2180900000.0,11358200000.0,340200000.0,57800000.0,,-16200000.0,1800000.0,,,-9700000.0,52200000.0,,1195700000.0,,,,,699900000.0,460800000.0,,-1600000.0,-1176000000.0,37000000.0,,-158500000.0,-148100000.0,86600000.0
2024-05-26,11390000000.0,,2265700000.0,,,10075800000.0,1314200000.0,,1180000000.0,145000000.0,1027600000.0,8.57,8.51,119900000.0,120800000.0,194800000.0,,,290500000.0,1642600000.0,,,822800000.0,,,1391000000.0,,347600000.0,11323000000.0,399500000.0,847200000.0,,2192500000.0,,,,1580900000.0,9080500000.0,-35500000.0,25600000.0,2242500000.0,11323000000.0,459900000.0,68500000.0,-700000.0,-9300000.0,-5600000.0,,,-11300000.0,12900000.0,,1621700000.0,,,,,701100000.0,601200000.0,,-1500000.0,-1324600000.0,43600000.0,,-483400000.0,-196100000.0,136300000.0
2024-08-25,2757000000.0,,518100000.0,,,2487800000.0,269200000.0,,232100000.0,24500000.0,207200000.0,1.75,1.74,118500000.0,119200000.0,192500000.0,,,297700000.0,,,,819600000.0,,,1391000000.0,,358600000.0,11355500000.0,401000000.0,830800000.0,,2324700000.0,,,,1628300000.0,9211800000.0,-144500000.0,25900000.0,2143700000.0,11355500000.0,121500000.0,34700000.0,,-15300000.0,7700000.0,,,8000000.0,-37100000.0,,273200000.0,,,,,0.0,145200000.0,,-1800000.0,-149700000.0,9700000.0,,-126700000.0,-3200000.0,4600000.0
,,,,,,,,,,,,,,,,,,,,,,,,,,,,,,,,,,,,,,,,,,,,,,,,,,,,,,,,,,,,,,,,,,,
