Date,Net sales,Cost of sales,Gross margin,Research and development,"Selling, general and administrative",Total operating expenses,Operating income,"Other income/(expense), net",Income before provision for income taxes,Provision for income taxes,Net income,Earnings per share basic,Earnings per share diluted,Weighted-average basic,Weighted-average diluted,Cash and cash equivalents,Short-term marketable securities,"Accounts receivable, net",Inventories,Deferred tax assets,Vendor non-trade receivables,Other current assets,Total current assets,Long-term marketable securities,"Property, Plant and Equipment, Net",Goodwill,"Acquired intangible assets, net","Other Assets, Noncurrent",Total assets,accounts payable,Accrued expenses,Deferred revenue,Total current liabilities,Deferred revenue - non-current,deferred tax liabilities,long term taxes payable,Total other non-current liabilities,Total liabilities,Retained Earnings (Accumulated Deficit),Accumulated other comprehensive (loss)/income,Total shareholders equity,Total liabilities and shareholders' equity,"Depreciation, amortization and accretion",Stock-based compensation expense,Deferred income tax expense,"Increase (Decrease) in Accounts receivable, net",Increase (Decrease) in Inventories,Increase (Decrease) in Other Receivables,Increase (Decrease) in Other Operating Assets,Increase (Decrease) in Accounts Payable,Increase (Decrease) in Deferred Revenue,Increase (Decrease) Other liabilities,Cash generated by operating activities,Purchases of marketable securities,Proceeds from maturities of marketable securities,Proceeds from sales of marketable securities,Purchases of other long-term investments,"Business acquisitions, net of cash acquired",Cash payments for capital asset purchases,Payments for acquisition of intangible assets,Payments for (Proceeds from) Other Investing Activities,Cash used in investing activities,Proceeds from issuance of common stock,Excess tax benefits from stock-based compensation,Cash generated/used in financing activities,Increase/(decrease) in cash and cash equivalents,"Cash paid for income taxes, net"
2009-12-31,,,,,,6765000000.0,1249000000.0,-467000000.0,782000000.0,247000000.0,532000000.0,3.24,3.24,164000000.0,164000000.0,52000000.0,,1438000000.0,,167000000.0,,201000000.0,2877000000.0,,12431000000.0,2024000000.0,,185000000.0,24195000000.0,723000000.0,114000000.0,,2645000000.0,,2096000000.0,,328000000.0,,3168000000.0,-147000000.0,6278000000.0,24195000000.0,1020000000.0,,,,,,,,,0.0,1819000000.0,315000000.0,,295000000.0,,,,,94000000.0,-1064000000.0,35000000.0,,-789000000.0,-34000000.0,
2010-03-31,,,,,,1981000000.0,472000000.0,-126000000.0,346000000.0,116000000.0,229000000.0,,,166000000.0,166000000.0,193000000.0,,1403000000.0,,163000000.0,,167000000.0,2733000000.0,,12654000000.0,2024000000.0,,188000000.0,24203000000.0,637000000.0,148000000.0,,2482000000.0,,2191000000.0,,285000000.0,,3309000000.0,-146000000.0,6551000000.0,24203000000.0,251000000.0,,,,,,,,,,817000000.0,68000000.0,,59000000.0,,,,,4000000.0,-171000000.0,9000000.0,,-505000000.0,141000000.0,
2010-09-30,,,,,,5270000000.0,1114000000.0,-379000000.0,735000000.0,252000000.0,478000000.0,2.85,2.84,169000000.0,170000000.0,84000000.0,,1140000000.0,,150000000.0,,305000000.0,2741000000.0,,12822000000.0,2024000000.0,,203000000.0,24266000000.0,641000000.0,135000000.0,,2513000000.0,,2307000000.0,,323000000.0,,3374000000.0,-150000000.0,6646000000.0,24266000000.0,775000000.0,,,-357000000.0,200000000.0,,11000000.0,-14000000.0,,59000000.0,1509000000.0,204000000.0,,179000000.0,,,,,22000000.0,-834000000.0,26000000.0,,-643000000.0,32000000.0,
2010-12-31,,,,,,7093000000.0,1464000000.0,-514000000.0,950000000.0,311000000.0,630000000.0,3.75,3.74,168000000.0,169000000.0,65000000.0,,1393000000.0,,-2493000000.0,,255000000.0,3167000000.0,,12992000000.0,2020000000.0,67000000.0,206000000.0,24896000000.0,729000000.0,597000000.0,,2749000000.0,,2632000000.0,,275000000.0,,3431000000.0,-149000000.0,6722000000.0,24896000000.0,1027000000.0,,457000000.0,-79000000.0,133000000.0,,52000000.0,12000000.0,,83000000.0,1825000000.0,410000000.0,,377000000.0,,,,,88000000.0,-1226000000.0,36000000.0,,-586000000.0,13000000.0,
2011-03-31,,,,,,2041000000.0,390000000.0,-109000000.0,281000000.0,103000000.0,176000000.0,1.04,1.04,169000000.0,170000000.0,197000000.0,,1401000000.0,,132000000.0,,233000000.0,2800000000.0,,13053000000.0,2020000000.0,69000000.0,204000000.0,24489000000.0,631000000.0,465000000.0,,2555000000.0,,2631000000.0,,246000000.0,,3513000000.0,-148000000.0,6793000000.0,24489000000.0,245000000.0,,,10000000.0,-125000000.0,,-93000000.0,-61000000.0,,-101000000.0,722000000.0,28000000.0,,20000000.0,,,,,23000000.0,-244000000.0,,,-346000000.0,132000000.0,
2011-06-30,,,,,,3781000000.0,678000000.0,-221000000.0,457000000.0,79000000.0,378000000.0,2.23,2.23,169000000.0,170000000.0,61000000.0,,1297000000.0,,307000000.0,,223000000.0,2771000000.0,,13284000000.0,2020000000.0,71000000.0,195000000.0,24579000000.0,733000000.0,517000000.0,,2246000000.0,,2964000000.0,,250000000.0,,3516000000.0,-146000000.0,6785000000.0,24579000000.0,493000000.0,,,-65000000.0,23000000.0,,-202000000.0,27000000.0,,-94000000.0,1159000000.0,76000000.0,,59000000.0,,,,,42000000.0,-767000000.0,,,-396000000.0,-4000000.0,
2012-03-31,,,,,,1937000000.0,312000000.0,-81000000.0,231000000.0,73000000.0,156000000.0,0.91,0.91,170000000.0,170000000.0,57000000.0,,1262000000.0,,62000000.0,,187000000.0,2951000000.0,,13924000000.0,2020000000.0,70000000.0,188000000.0,25846000000.0,690000000.0,424000000.0,,2530000000.0,,3188000000.0,,295000000.0,,3804000000.0,-153000000.0,7104000000.0,25846000000.0,232000000.0,,,81000000.0,125000000.0,,159000000.0,53000000.0,,101000000.0,620000000.0,15000000.0,,11000000.0,,,,,21000000.0,-343000000.0,10000000.0,,-288000000.0,-11000000.0,
2012-06-30,,,,,,3668000000.0,606000000.0,-158000000.0,448000000.0,143000000.0,302000000.0,1.77,1.77,170000000.0,171000000.0,185000000.0,,1239000000.0,,65000000.0,,162000000.0,3050000000.0,,14152000000.0,2020000000.0,67000000.0,189000000.0,26075000000.0,728000000.0,508000000.0,,2635000000.0,,3263000000.0,,297000000.0,,3744000000.0,-151000000.0,7142000000.0,26075000000.0,482000000.0,,,120000000.0,81000000.0,,299000000.0,4000000.0,,112000000.0,1161000000.0,44000000.0,,36000000.0,,,,,15000000.0,-832000000.0,20000000.0,,-212000000.0,117000000.0,
2012-09-30,,,,,,5464000000.0,1016000000.0,-230000000.0,786000000.0,251000000.0,529000000.0,3.09,3.08,172000000.0,172000000.0,59000000.0,,1164000000.0,,58000000.0,,244000000.0,2730000000.0,,14404000000.0,2020000000.0,67000000.0,190000000.0,25909000000.0,724000000.0,479000000.0,,2309000000.0,,3273000000.0,,302000000.0,,3969000000.0,-147000000.0,7389000000.0,25909000000.0,747000000.0,,,237000000.0,5000000.0,,23000000.0,35000000.0,,85000000.0,1729000000.0,61000000.0,,48000000.0,,,,,24000000.0,-1184000000.0,29000000.0,,-554000000.0,-9000000.0,
2012-12-31,8791000000.0,,,,,7512000000.0,1279000000.0,-319000000.0,960000000.0,286000000.0,610000000.0,3.56,3.55,171000000.0,172000000.0,65000000.0,,1336000000.0,,-3170000000.0,,194000000.0,2915000000.0,,14684000000.0,2018000000.0,135000000.0,197000000.0,26339000000.0,848000000.0,538000000.0,,2768000000.0,,3191000000.0,,306000000.0,,3944000000.0,-158000000.0,7373000000.0,26339000000.0,1018000000.0,,47000000.0,52000000.0,35000000.0,,117000000.0,-40000000.0,,105000000.0,2209000000.0,102000000.0,,97000000.0,,198000000.0,,,41000000.0,-1769000000.0,39000000.0,,-443000000.0,-3000000.0,
2013-03-31,2516000000.0,,,,,2106000000.0,410000000.0,-70000000.0,340000000.0,105000000.0,234000000.0,1.35,1.34,173000000.0,173000000.0,218000000.0,,1460000000.0,,8000000.0,,158000000.0,2769000000.0,,14866000000.0,2018000000.0,135000000.0,196000000.0,25949000000.0,711000000.0,473000000.0,,2476000000.0,,3245000000.0,,281000000.0,,4069000000.0,-156000000.0,7596000000.0,25949000000.0,259000000.0,,,-78000000.0,221000000.0,,137000000.0,126000000.0,,82000000.0,597000000.0,16000000.0,,12000000.0,,,,,7000000.0,-332000000.0,10000000.0,,-112000000.0,153000000.0,
2013-06-30,4741000000.0,,,,,4108000000.0,633000000.0,-142000000.0,491000000.0,149000000.0,339000000.0,1.94,1.94,174000000.0,175000000.0,46000000.0,,1314000000.0,,0.0,,115000000.0,2496000000.0,,15190000000.0,2018000000.0,138000000.0,199000000.0,25944000000.0,808000000.0,570000000.0,,2962000000.0,,3280000000.0,,283000000.0,,3945000000.0,-155000000.0,7552000000.0,25944000000.0,527000000.0,,,70000000.0,133000000.0,,324000000.0,29000000.0,,45000000.0,1267000000.0,35000000.0,,27000000.0,,,,,23000000.0,-911000000.0,19000000.0,,-375000000.0,-19000000.0,
2013-09-30,7128000000.0,,,,,6166000000.0,962000000.0,-195000000.0,767000000.0,225000000.0,537000000.0,3.07,3.07,175000000.0,176000000.0,71000000.0,,1239000000.0,,0.0,,248000000.0,2549000000.0,,15511000000.0,2018000000.0,136000000.0,198000000.0,26231000000.0,866000000.0,457000000.0,,3008000000.0,,3290000000.0,,290000000.0,,4142000000.0,-151000000.0,7876000000.0,26231000000.0,811000000.0,,,,-35000000.0,,62000000.0,-16000000.0,,-13000000.0,1715000000.0,,,,52000000.0,,,,32000000.0,-1337000000.0,29000000.0,,-372000000.0,6000000.0,
2013-12-31,9661000000.0,,,,,8458000000.0,1203000000.0,-281000000.0,922000000.0,254000000.0,661000000.0,3.76,3.76,175000000.0,175000000.0,52000000.0,,1542000000.0,,1808000000.0,,209000000.0,2806000000.0,,15800000000.0,2018000000.0,134000000.0,198000000.0,25935000000.0,962000000.0,495000000.0,,3189000000.0,,3321000000.0,,297000000.0,,4150000000.0,-136000000.0,7921000000.0,25935000000.0,1094000000.0,,164000000.0,,-123000000.0,,24000000.0,14000000.0,,48000000.0,2154000000.0,,,,1134000000.0,0.0,,,49000000.0,-1906000000.0,39000000.0,,-261000000.0,-13000000.0,121000000.0
2014-03-31,3930000000.0,,,,,3370000000.0,560000000.0,-75000000.0,485000000.0,158000000.0,326000000.0,1.84,1.84,177000000.0,177000000.0,98000000.0,,1811000000.0,,,,178000000.0,2973000000.0,,15985000000.0,2018000000.0,131000000.0,193000000.0,26161000000.0,945000000.0,489000000.0,,3569000000.0,,3390000000.0,,266000000.0,,4360000000.0,-137000000.0,8117000000.0,26161000000.0,280000000.0,,,,-147000000.0,,-50000000.0,100000000.0,,-2000000.0,532000000.0,,,,275000000.0,,,,10000000.0,-442000000.0,0.0,,-44000000.0,46000000.0,
2014-06-30,6628000000.0,,,,,5819000000.0,809000000.0,-148000000.0,661000000.0,208000000.0,450000000.0,2.54,2.54,177000000.0,177000000.0,75000000.0,,1400000000.0,,,,166000000.0,2721000000.0,,16307000000.0,2018000000.0,125000000.0,220000000.0,26189000000.0,946000000.0,473000000.0,,2819000000.0,,3500000000.0,,269000000.0,,4246000000.0,-134000000.0,8008000000.0,26189000000.0,562000000.0,,,,-9000000.0,,-35000000.0,104000000.0,,-52000000.0,1076000000.0,,,,483000000.0,,,,23000000.0,-1067000000.0,0.0,,14000000.0,23000000.0,
2014-09-30,9223000000.0,,,,,8175000000.0,1048000000.0,-209000000.0,839000000.0,229000000.0,606000000.0,3.42,3.42,177000000.0,177000000.0,60000000.0,,1257000000.0,,,,305000000.0,2755000000.0,,16499000000.0,2018000000.0,120000000.0,243000000.0,26376000000.0,873000000.0,475000000.0,,2805000000.0,,,3546000000.0,278000000.0,,4402000000.0,-133000000.0,8169000000.0,26376000000.0,855000000.0,,,,165000000.0,,66000000.0,48000000.0,,-23000000.0,1298000000.0,,,,665000000.0,,,,40000000.0,-1457000000.0,0.0,,167000000.0,8000000.0,
2014-12-31,12301000000.0,,,,,10711000000.0,1590000000.0,-315000000.0,1275000000.0,364000000.0,905000000.0,5.11,5.1,177000000.0,177000000.0,48000000.0,,1504000000.0,,861000000.0,,313000000.0,3087000000.0,,16820000000.0,2018000000.0,111000000.0,259000000.0,27974000000.0,973000000.0,494000000.0,,2577000000.0,,3776000000.0,3776000000.0,281000000.0,,4578000000.0,-155000000.0,8327000000.0,27974000000.0,1145000000.0,,356000000.0,,177000000.0,,30000000.0,128000000.0,,19000000.0,1839000000.0,,,,1156000000.0,0.0,,,46000000.0,-2060000000.0,0.0,,217000000.0,-4000000.0,-35000000.0
2015-03-31,2984000000.0,,,,,2523000000.0,461000000.0,-65000000.0,396000000.0,122000000.0,273000000.0,1.53,1.53,178000000.0,178000000.0,99000000.0,,1534000000.0,,,,312000000.0,2788000000.0,,17235000000.0,2018000000.0,110000000.0,245000000.0,28068000000.0,825000000.0,347000000.0,,1839000000.0,,3858000000.0,,247000000.0,,4727000000.0,-155000000.0,8665000000.0,28068000000.0,209000000.0,,,,-172000000.0,,-2000000.0,-123000000.0,,97000000.0,747000000.0,,,,250000000.0,,,,16000000.0,-556000000.0,9000000.0,,-140000000.0,51000000.0,
2015-06-30,5252000000.0,,,,,4587000000.0,665000000.0,-138000000.0,527000000.0,148000000.0,382000000.0,2.13,2.13,179000000.0,179000000.0,230000000.0,,1251000000.0,,,,244000000.0,2691000000.0,,17576000000.0,2018000000.0,101000000.0,248000000.0,28350000000.0,848000000.0,375000000.0,,2232000000.0,,3914000000.0,,254000000.0,,4580000000.0,-151000000.0,8539000000.0,28350000000.0,429000000.0,,,,-73000000.0,,,-119000000.0,,,1180000000.0,,,,446000000.0,,,,9000000.0,-1036000000.0,9000000.0,,38000000.0,182000000.0,
2015-09-30,7850000000.0,,,,,6745000000.0,1105000000.0,-212000000.0,893000000.0,250000000.0,647000000.0,3.61,3.61,179000000.0,180000000.0,67000000.0,,1242000000.0,,,,346000000.0,2700000000.0,,17867000000.0,2018000000.0,100000000.0,248000000.0,28654000000.0,835000000.0,412000000.0,,2273000000.0,,4022000000.0,,219000000.0,,4845000000.0,-150000000.0,8812000000.0,28654000000.0,625000000.0,,,,36000000.0,,,-125000000.0,,,1468000000.0,,,,638000000.0,,,,34000000.0,-1572000000.0,9000000.0,,123000000.0,19000000.0,
2015-12-31,10337000000.0,,,,,9098000000.0,1239000000.0,-289000000.0,950000000.0,230000000.0,727000000.0,4.05,4.05,179000000.0,179000000.0,37000000.0,,1276000000.0,,1088000000.0,,203000000.0,2575000000.0,,18034000000.0,2018000000.0,94000000.0,254000000.0,28737000000.0,809000000.0,429000000.0,,2528000000.0,,,3923000000.0,207000000.0,,4800000000.0,-145000000.0,8772000000.0,28737000000.0,852000000.0,,237000000.0,,-1000000.0,,,-158000000.0,,172000000.0,1911000000.0,,,,898000000.0,241000000.0,,,-36000000.0,-2204000000.0,9000000.0,,282000000.0,-11000000.0,14000000.0
2016-03-31,2566000000.0,,,,,2185000000.0,381000000.0,-58000000.0,323000000.0,83000000.0,247000000.0,1.38,1.37,179000000.0,180000000.0,35000000.0,,1185000000.0,,,,234000000.0,2362000000.0,,18127000000.0,2018000000.0,,157000000.0,28564000000.0,649000000.0,299000000.0,,2209000000.0,,4006000000.0,,205000000.0,,4909000000.0,-140000000.0,8887000000.0,28564000000.0,229000000.0,,,,-143000000.0,,,-93000000.0,,,741000000.0,,,,262000000.0,,,,-12000000.0,-437000000.0,0.0,,-306000000.0,-2000000.0,
2016-06-30,4828000000.0,,,,,4191000000.0,637000000.0,-119000000.0,518000000.0,133000000.0,399000000.0,2.22,2.22,179000000.0,180000000.0,32000000.0,,1180000000.0,,,,161000000.0,2258000000.0,,18295000000.0,2018000000.0,,159000000.0,28769000000.0,745000000.0,308000000.0,,1883000000.0,,4026000000.0,,226000000.0,,4791000000.0,-142000000.0,8778000000.0,28769000000.0,472000000.0,,,,-86000000.0,,,-10000000.0,,,1272000000.0,,,,744000000.0,,,,-39000000.0,-938000000.0,0.0,,-339000000.0,-5000000.0,
2016-09-30,7756000000.0,,,,,6612000000.0,1144000000.0,-191000000.0,953000000.0,243000000.0,737000000.0,4.1,4.1,179000000.0,180000000.0,66000000.0,,1250000000.0,,,,127000000.0,2595000000.0,,18550000000.0,2018000000.0,,175000000.0,29462000000.0,813000000.0,355000000.0,,1969000000.0,,4140000000.0,,243000000.0,,5131000000.0,-138000000.0,9130000000.0,29462000000.0,702000000.0,,,,-10000000.0,,,39000000.0,,,1767000000.0,,,,1140000000.0,,,,-33000000.0,-1503000000.0,0.0,,-235000000.0,29000000.0,
2016-12-31,10630000000.0,,,,,9185000000.0,1445000000.0,-340000000.0,1105000000.0,271000000.0,868000000.0,4.84,4.83,179000000.0,179000000.0,92000000.0,,1522000000.0,,1463000000.0,,195000000.0,2762000000.0,,19730000000.0,2286000000.0,842000000.0,170000000.0,32041000000.0,1079000000.0,498000000.0,,2437000000.0,,,4162000000.0,349000000.0,,5114000000.0,-133000000.0,9011000000.0,32041000000.0,976000000.0,,265000000.0,,-37000000.0,,,145000000.0,,95000000.0,2084000000.0,,,,1463000000.0,1147000000.0,,,-31000000.0,-3388000000.0,,,1359000000.0,55000000.0,-1000000.0
2017-03-31,3236000000.0,,,,,2667000000.0,569000000.0,-65000000.0,504000000.0,110000000.0,400000000.0,2.23,2.23,179000000.0,179000000.0,82000000.0,,1408000000.0,,,,222000000.0,2567000000.0,,19866000000.0,2292000000.0,,168000000.0,32149000000.0,910000000.0,417000000.0,,1834000000.0,,4270000000.0,,335000000.0,,5365000000.0,-129000000.0,9194000000.0,32149000000.0,249000000.0,,,,-135000000.0,,,-33000000.0,,,787000000.0,,,,378000000.0,,,,-4000000.0,-641000000.0,,,-156000000.0,-10000000.0,
2017-06-30,6091000000.0,,,,,5219000000.0,872000000.0,-136000000.0,736000000.0,167000000.0,577000000.0,3.21,3.21,179000000.0,179000000.0,62000000.0,,1451000000.0,,,,168000000.0,2631000000.0,,20063000000.0,2291000000.0,,168000000.0,32582000000.0,988000000.0,391000000.0,,2747000000.0,,,,339000000.0,,5245000000.0,-125000000.0,9088000000.0,32582000000.0,498000000.0,,,,-32000000.0,,,23000000.0,,,1183000000.0,,,,688000000.0,,,,62000000.0,-1249000000.0,,,36000000.0,-30000000.0,
2017-09-30,9336000000.0,,,,,8046000000.0,1290000000.0,-217000000.0,1073000000.0,241000000.0,847000000.0,4.72,4.72,179000000.0,179000000.0,63000000.0,,1395000000.0,,,,270000000.0,2815000000.0,,20307000000.0,2293000000.0,,175000000.0,33071000000.0,994000000.0,429000000.0,,2598000000.0,,,,325000000.0,,5515000000.0,-120000000.0,9373000000.0,33071000000.0,756000000.0,,,,41000000.0,,,25000000.0,,,1550000000.0,,,,936000000.0,,,,63000000.0,-1804000000.0,,,225000000.0,-29000000.0,
2017-12-31,12607000000.0,,,,,10961000000.0,1646000000.0,-359000000.0,1287000000.0,175000000.0,1134000000.0,6.32,6.32,179000000.0,179000000.0,66000000.0,,1758000000.0,,1814000000.0,,199000000.0,3081000000.0,,20721000000.0,2293000000.0,867000000.0,161000000.0,33767000000.0,1171000000.0,525000000.0,,2812000000.0,,,,323000000.0,,5643000000.0,-120000000.0,9512000000.0,33767000000.0,1030000000.0,,196000000.0,,4000000.0,,,129000000.0,,,2117000000.0,,,,1226000000.0,0.0,,,37000000.0,-2564000000.0,,,421000000.0,-26000000.0,4000000.0
2018-03-31,3753000000.0,,,,,3249000000.0,504000000.0,-85000000.0,419000000.0,68000000.0,361000000.0,2.01,2.0,180000000.0,180000000.0,164000000.0,,1709000000.0,,,,221000000.0,2957000000.0,,20870000000.0,2293000000.0,,159000000.0,33841000000.0,920000000.0,411000000.0,,2541000000.0,,,,293000000.0,,5848000000.0,-123000000.0,9888000000.0,33841000000.0,281000000.0,,,,-182000000.0,,,-136000000.0,,,838000000.0,,,,337000000.0,,,,-2000000.0,-586000000.0,,,-155000000.0,97000000.0,
2018-06-30,,,,,,6079000000.0,833000000.0,-159000000.0,674000000.0,87000000.0,595000000.0,3.29,3.29,181000000.0,181000000.0,63000000.0,,1690000000.0,,,,162000000.0,2895000000.0,,21239000000.0,2293000000.0,,148000000.0,34330000000.0,1059000000.0,408000000.0,,2499000000.0,,,,288000000.0,,5760000000.0,-121000000.0,9844000000.0,34330000000.0,553000000.0,,,,-104000000.0,,,-34000000.0,,,1433000000.0,,,,613000000.0,,,,-2000000.0,-1380000000.0,6000000.0,,-56000000.0,-3000000.0,
2018-09-30,,,,,,9200000000.0,1262000000.0,-219000000.0,1043000000.0,121000000.0,929000000.0,5.13,5.13,182000000.0,182000000.0,84000000.0,,1690000000.0,,,,272000000.0,3103000000.0,,21612000000.0,2293000000.0,,152000000.0,35292000000.0,1160000000.0,462000000.0,,2117000000.0,,,,285000000.0,,6093000000.0,-118000000.0,10207000000.0,35292000000.0,826000000.0,,,,-11000000.0,,,9000000.0,,,2047000000.0,,,,810000000.0,,,,20000000.0,-2336000000.0,7000000.0,,304000000.0,15000000.0,
2018-12-31,,,,,,12618000000.0,1594000000.0,-378000000.0,1216000000.0,98000000.0,1120000000.0,6.18,6.17,181000000.0,181000000.0,71000000.0,,1789000000.0,,2021000000.0,,221000000.0,3260000000.0,,21650000000.0,2293000000.0,849000000.0,160000000.0,36288000000.0,1329000000.0,509000000.0,,4438000000.0,,,,364000000.0,,6112000000.0,-120000000.0,10237000000.0,36288000000.0,1124000000.0,,114000000.0,,32000000.0,,,146000000.0,,,2680000000.0,,,,1188000000.0,0.0,,,21000000.0,-3347000000.0,,,654000000.0,-13000000.0,-26000000.0
2019-03-31,,,,,,2972000000.0,542000000.0,-80000000.0,462000000.0,54000000.0,401000000.0,2.2,2.19,182000000.0,183000000.0,56000000.0,,1683000000.0,,,,231000000.0,2840000000.0,,21864000000.0,2293000000.0,,158000000.0,36434000000.0,981000000.0,423000000.0,,3647000000.0,,,,334000000.0,,6364000000.0,-143000000.0,10545000000.0,36434000000.0,296000000.0,,,,-207000000.0,,,-288000000.0,,,752000000.0,,,,178000000.0,,,,9000000.0,-748000000.0,,,-19000000.0,-15000000.0,
2019-06-30,,,,,,5560000000.0,842000000.0,-180000000.0,662000000.0,75000000.0,583000000.0,3.19,3.18,183000000.0,184000000.0,62000000.0,,1436000000.0,,,,178000000.0,2726000000.0,,22297000000.0,2293000000.0,,185000000.0,36851000000.0,1051000000.0,405000000.0,,3654000000.0,,,,333000000.0,,6198000000.0,-146000000.0,10396000000.0,36851000000.0,601000000.0,,,,-46000000.0,,,-247000000.0,,,1367000000.0,,,,399000000.0,,,,20000000.0,-1514000000.0,0.0,,133000000.0,-14000000.0,
2019-09-30,,,,,,8229000000.0,1292000000.0,-266000000.0,1026000000.0,122000000.0,902000000.0,4.93,4.91,183000000.0,184000000.0,76000000.0,,1453000000.0,,,,136000000.0,2985000000.0,,23758000000.0,2293000000.0,940000000.0,195000000.0,38345000000.0,1033000000.0,419000000.0,,3865000000.0,,,,337000000.0,,6516000000.0,-146000000.0,10740000000.0,38345000000.0,923000000.0,,,,-5000000.0,,,-291000000.0,,,1901000000.0,,,,599000000.0,,,,20000000.0,-2558000000.0,0.0,,657000000.0,0.0,
2019-12-31,,,,,,10962000000.0,1707000000.0,-383000000.0,1324000000.0,152000000.0,1169000000.0,6.32,6.31,185000000.0,185000000.0,93000000.0,,1642000000.0,,2264000000.0,,209000000.0,3086000000.0,,25317000000.0,2464000000.0,2393000000.0,9691000000.0,41882000000.0,1076000000.0,504000000.0,,3997000000.0,,,,10114000000.0,,6600000000.0,-148000000.0,11672000000.0,41882000000.0,1263000000.0,,329000000.0,,-59000000.0,,,-288000000.0,,,2649000000.0,,,,794000000.0,2470000000.0,,,22000000.0,-5732000000.0,1023000000.0,,3100000000.0,17000000.0,18000000.0
2020-03-31,,,,,,2476000000.0,546000000.0,-155000000.0,391000000.0,49000000.0,340000000.0,1.77,1.76,192000000.0,192000000.0,552000000.0,,1482000000.0,,,,268000000.0,3526000000.0,,26236000000.0,2466000000.0,2402000000.0,9936000000.0,43232000000.0,1028000000.0,437000000.0,,3972000000.0,,,,10246000000.0,,6732000000.0,-145000000.0,11822000000.0,43232000000.0,353000000.0,,,,-55000000.0,,,-24000000.0,,,1061000000.0,,,,438000000.0,,,,3000000.0,-1342000000.0,,,864000000.0,583000000.0,
2020-06-30,,,,,,4692000000.0,913000000.0,-239000000.0,674000000.0,55000000.0,617000000.0,3.2,3.2,192000000.0,193000000.0,579000000.0,,1375000000.0,,,,181000000.0,3497000000.0,,26724000000.0,2465000000.0,2380000000.0,9804000000.0,43739000000.0,1025000000.0,516000000.0,,4196000000.0,,,,10310000000.0,,6618000000.0,-141000000.0,11724000000.0,43739000000.0,703000000.0,,,,24000000.0,,,-78000000.0,,,1681000000.0,,,,1238000000.0,,,,5000000.0,-2185000000.0,,,1032000000.0,528000000.0,
2020-09-30,,,,,,7368000000.0,1521000000.0,-307000000.0,1214000000.0,118000000.0,1093000000.0,5.67,5.66,193000000.0,193000000.0,945000000.0,,1419000000.0,,,,295000000.0,3821000000.0,,27159000000.0,2465000000.0,2358000000.0,9744000000.0,44439000000.0,964000000.0,509000000.0,,3417000000.0,,,,10315000000.0,,7092000000.0,-138000000.0,12323000000.0,44439000000.0,1059000000.0,,,,54000000.0,,,-80000000.0,,,2781000000.0,,,,2051000000.0,,,,5000000.0,-3093000000.0,,,1181000000.0,869000000.0,
2020-12-31,,,,,,10191000000.0,1986000000.0,-448000000.0,1538000000.0,167000000.0,1368000000.0,7.09,7.08,193000000.0,193000000.0,514000000.0,,1665000000.0,,2241000000.0,,229000000.0,3498000000.0,,27969000000.0,2466000000.0,2339000000.0,10110000000.0,45496000000.0,1029000000.0,647000000.0,,2691000000.0,,,,11215000000.0,,7200000000.0,-137000000.0,12425000000.0,45496000000.0,1443000000.0,,407000000.0,,-45000000.0,,,0.0,,,3697000000.0,,,,2350000000.0,126000000.0,,,2000000.0,-4070000000.0,2000000.0,,796000000.0,423000000.0,-360000000.0
2021-03-31,,,,,,3241000000.0,537000000.0,-112000000.0,425000000.0,28000000.0,397000000.0,2.05,2.05,194000000.0,194000000.0,1568000000.0,,1553000000.0,,,,267000000.0,4376000000.0,,28272000000.0,2466000000.0,2318000000.0,10074000000.0,46699000000.0,955000000.0,521000000.0,,2595000000.0,,,,11397000000.0,,7342000000.0,-134000000.0,12552000000.0,46699000000.0,368000000.0,,,,-52000000.0,,,-20000000.0,,,1057000000.0,,,,273000000.0,,,,10000000.0,-705000000.0,,,702000000.0,1054000000.0,
2021-06-30,,,,,,6148000000.0,859000000.0,-233000000.0,626000000.0,50000000.0,576000000.0,2.97,2.97,193000000.0,194000000.0,3448000000.0,,1550000000.0,,,,181000000.0,6402000000.0,,29140000000.0,2466000000.0,2296000000.0,10024000000.0,49636000000.0,1173000000.0,577000000.0,,3737000000.0,,,,11469000000.0,,7149000000.0,-132000000.0,12378000000.0,49636000000.0,748000000.0,,,,53000000.0,,,112000000.0,,,1916000000.0,,,,640000000.0,,,,7000000.0,-1928000000.0,,,2946000000.0,2934000000.0,
2021-09-30,,,,,,9237000000.0,1080000000.0,-718000000.0,362000000.0,-124000000.0,601000000.0,3.1,3.1,193000000.0,194000000.0,54000000.0,,1522000000.0,,,,297000000.0,3494000000.0,,26157000000.0,1993000000.0,181000000.0,7404000000.0,39435000000.0,1365000000.0,556000000.0,,3433000000.0,,,,10499000000.0,,3317000000.0,-116000000.0,8567000000.0,39435000000.0,1092000000.0,,,,209000000.0,,,225000000.0,,,2372000000.0,,,,853000000.0,,,,22000000.0,-2780000000.0,,,-52000000.0,-460000000.0,
2021-12-31,,,,,,13469000000.0,1495000000.0,-839000000.0,656000000.0,-130000000.0,907000000.0,4.68,4.67,193000000.0,194000000.0,28000000.0,,1695000000.0,,2224000000.0,,218000000.0,3317000000.0,,26944000000.0,1993000000.0,177000000.0,7006000000.0,39719000000.0,1414000000.0,581000000.0,,6346000000.0,,,,10129000000.0,,3438000000.0,-112000000.0,8705000000.0,39719000000.0,1377000000.0,,-85000000.0,,153000000.0,,,308000000.0,,,3067000000.0,,,,1046000000.0,0.0,,,31000000.0,-3863000000.0,0.0,,315000000.0,-481000000.0,-3000000.0
2022-03-31,,,,,,4019000000.0,558000000.0,-148000000.0,410000000.0,16000000.0,394000000.0,2.03,2.03,193000000.0,194000000.0,150000000.0,,1628000000.0,,,,252000000.0,3610000000.0,,27266000000.0,1993000000.0,175000000.0,7125000000.0,40360000000.0,1320000000.0,472000000.0,,5680000000.0,,,,10184000000.0,,3662000000.0,-109000000.0,8863000000.0,40360000000.0,358000000.0,,,,-129000000.0,,,-42000000.0,,,808000000.0,,,,209000000.0,,,,9000000.0,-782000000.0,,,95000000.0,121000000.0,
2022-06-30,,,,,,8760000000.0,741000000.0,-316000000.0,425000000.0,-22000000.0,431000000.0,2.22,2.22,193000000.0,194000000.0,67000000.0,,1868000000.0,,,,182000000.0,4093000000.0,,27735000000.0,1993000000.0,171000000.0,7320000000.0,41314000000.0,1745000000.0,567000000.0,,6895000000.0,,,,10232000000.0,,3355000000.0,-104000000.0,8574000000.0,41314000000.0,724000000.0,,,,-3000000.0,,,363000000.0,,,1136000000.0,,,,516000000.0,,,,24000000.0,-1568000000.0,,,479000000.0,47000000.0,
2022-09-30,,,,,,13466000000.0,1286000000.0,-468000000.0,818000000.0,6000000.0,818000000.0,4.22,4.21,193000000.0,194000000.0,26000000.0,,1781000000.0,,,,325000000.0,4310000000.0,,28099000000.0,1993000000.0,170000000.0,7455000000.0,41954000000.0,1619000000.0,535000000.0,,5466000000.0,,,,10060000000.0,,3741000000.0,-98000000.0,8980000000.0,41954000000.0,1093000000.0,,,,204000000.0,,,228000000.0,,,1412000000.0,,,,710000000.0,,,,43000000.0,-2453000000.0,,,1057000000.0,16000000.0,
2022-12-31,,,,,,17480000000.0,1748000000.0,-636000000.0,1112000000.0,29000000.0,1083000000.0,5.53,5.52,195000000.0,196000000.0,33000000.0,,2038000000.0,,2317000000.0,,235000000.0,4180000000.0,,28767000000.0,1993000000.0,166000000.0,7581000000.0,42683000000.0,1604000000.0,544000000.0,,5173000000.0,,,,10236000000.0,,3808000000.0,-62000000.0,10397000000.0,42683000000.0,1468000000.0,,44000000.0,,98000000.0,,,109000000.0,,,1977000000.0,,,,878000000.0,0.0,,,51000000.0,-3431000000.0,1300000000.0,,1462000000.0,8000000.0,-3000000.0
2023-03-31,,,,,,3127000000.0,652000000.0,-157000000.0,495000000.0,50000000.0,445000000.0,2.16,2.16,206000000.0,206000000.0,115000000.0,,1515000000.0,,,,261000000.0,3537000000.0,,29187000000.0,1993000000.0,164000000.0,7569000000.0,42518000000.0,1085000000.0,434000000.0,,4036000000.0,,,,10174000000.0,,4055000000.0,-65000000.0,10642000000.0,42518000000.0,385000000.0,,,,-133000000.0,,,-419000000.0,,,924000000.0,,,,168000000.0,,,,50000000.0,-981000000.0,,,151000000.0,94000000.0,
2023-06-30,,,,,,5414000000.0,1049000000.0,-319000000.0,730000000.0,84000000.0,646000000.0,3.13,3.13,206000000.0,206000000.0,30000000.0,,1304000000.0,,,,186000000.0,3203000000.0,,29696000000.0,1993000000.0,161000000.0,7733000000.0,42921000000.0,1051000000.0,463000000.0,,3596000000.0,,,,10302000000.0,,3862000000.0,-57000000.0,10481000000.0,42921000000.0,781000000.0,,,,-1000000.0,,,-490000000.0,,,1759000000.0,,,,419000000.0,,,,52000000.0,-1958000000.0,,,197000000.0,-2000000.0,
2023-09-30,,,,,,7764000000.0,1587000000.0,-503000000.0,1084000000.0,106000000.0,978000000.0,4.74,4.74,206000000.0,206000000.0,36000000.0,,1393000000.0,,,,135000000.0,3420000000.0,,27528000000.0,1993000000.0,159000000.0,10532000000.0,43730000000.0,1135000000.0,475000000.0,,4045000000.0,,,,10289000000.0,,4197000000.0,-44000000.0,10850000000.0,43730000000.0,1185000000.0,,,,170000000.0,,,-438000000.0,,,2375000000.0,,,,524000000.0,,,,64000000.0,-2941000000.0,,,589000000.0,23000000.0,
2023-12-31,,,,,,10502000000.0,2243000000.0,-677000000.0,1566000000.0,169000000.0,1397000000.0,6.77,6.76,206000000.0,206000000.0,26000000.0,,1632000000.0,,2415000000.0,,242000000.0,3539000000.0,,28169000000.0,1993000000.0,156000000.0,10672000000.0,44755000000.0,1361000000.0,452000000.0,,5883000000.0,,,,10397000000.0,,4404000000.0,-67000000.0,11050000000.0,44755000000.0,1606000000.0,,181000000.0,,110000000.0,,,-306000000.0,,,3220000000.0,,,,678000000.0,,,,79000000.0,-4095000000.0,0.0,,883000000.0,8000000.0,-5000000.0
2024-03-31,,,,,,2723000000.0,517000000.0,-183000000.0,334000000.0,21000000.0,313000000.0,1.51,1.51,206000000.0,207000000.0,292000000.0,,1435000000.0,,,,297000000.0,3752000000.0,,28585000000.0,1993000000.0,153000000.0,11111000000.0,45902000000.0,1098000000.0,462000000.0,,4975000000.0,,,,10501000000.0,,4505000000.0,-42000000.0,11173000000.0,45902000000.0,423000000.0,,,,-7000000.0,,,-179000000.0,,,1042000000.0,,,,110000000.0,,,,7000000.0,-1616000000.0,,,872000000.0,298000000.0,
2024-06-30,,,,,,5096000000.0,1019000000.0,-327000000.0,692000000.0,57000000.0,635000000.0,3.07,3.06,207000000.0,207000000.0,20000000.0,,1503000000.0,,,,203000000.0,4516000000.0,,29445000000.0,1993000000.0,152000000.0,11389000000.0,47811000000.0,1307000000.0,533000000.0,,6507000000.0,,,,10918000000.0,,4404000000.0,-30000000.0,11106000000.0,47811000000.0,850000000.0,,,,110000000.0,,,-91000000.0,,,1801000000.0,,,,350000000.0,,,,39000000.0,-3524000000.0,,,1759000000.0,36000000.0,
2024-09-30,,,,,,7485000000.0,1536000000.0,-488000000.0,1048000000.0,-121000000.0,1112000000.0,5.37,5.36,207000000.0,207000000.0,969000000.0,,1407000000.0,,,,346000000.0,5617000000.0,,30068000000.0,1993000000.0,148000000.0,11549000000.0,49806000000.0,1290000000.0,569000000.0,,6787000000.0,,,,10963000000.0,,4880000000.0,-42000000.0,11592000000.0,49806000000.0,1288000000.0,,,,337000000.0,,,-89000000.0,,,2559000000.0,,,,440000000.0,,,,60000000.0,-4713000000.0,,,3126000000.0,972000000.0,
,,,,,,,,,,,,,,,,,,,,,,,,,,,,,,,,,,,,,,,,,,,,,,,,,,,,,,,,,,,,,,,,,,,
