Date,Net sales,Cost of sales,Gross margin,Research and development,"Selling, general and administrative",Total operating expenses,Operating income,"Other income/(expense), net",Income before provision for income taxes,Provision for income taxes,Net income,Earnings per share basic,Earnings per share diluted,Weighted-average basic,Weighted-average diluted,Cash and cash equivalents,Short-term marketable securities,"Accounts receivable, net",Inventories,Deferred tax assets,Vendor non-trade receivables,Other current assets,Total current assets,Long-term marketable securities,"Property, Plant and Equipment, Net",Goodwill,"Acquired intangible assets, net","Other Assets, Noncurrent",Total assets,accounts payable,Accrued expenses,Deferred revenue,Total current liabilities,Deferred revenue - non-current,deferred tax liabilities,long term taxes payable,Total other non-current liabilities,Total liabilities,Retained Earnings (Accumulated Deficit),Accumulated other comprehensive (loss)/income,Total shareholders equity,Total liabilities and shareholders' equity,"Depreciation, amortization and accretion",Stock-based compensation expense,Deferred income tax expense,"Increase (Decrease) in Accounts receivable, net",Increase (Decrease) in Inventories,Increase (Decrease) in Other Receivables,Increase (Decrease) in Other Operating Assets,Increase (Decrease) in Accounts Payable,Increase (Decrease) in Deferred Revenue,Increase (Decrease) Other liabilities,Cash generated by operating activities,Purchases of marketable securities,Proceeds from maturities of marketable securities,Proceeds from sales of marketable securities,Purchases of other long-term investments,"Business acquisitions, net of cash acquired",Cash payments for capital asset purchases,Payments for acquisition of intangible assets,Payments for (Proceeds from) Other Investing Activities,Cash used in investing activities,Proceeds from issuance of common stock,Excess tax benefits from stock-based compensation,Cash generated/used in financing activities,Increase/(decrease) in cash and cash equivalents,"Cash paid for income taxes, net"
2009-12-31,,,,,,5168529000.0,940271000.0,,758224000.0,278465000.0,422684000.0,4.08,4.06,103603885.0,104167685.0,539459000.0,,1105903000.0,70041000.0,256953000.0,,40234000.0,2302521000.0,,1104925000.0,3951196000.0,136732000.0,32615000.0,7558236000.0,176657000.0,461092000.0,,1046941000.0,,334855000.0,,87692000.0,5032352000.0,2312134000.0,-5548000.0,2135066000.0,7558236000.0,,44422000.0,50869000.0,32313000.0,-15115000.0,,-7288000.0,-104879000.0,,-11362000.0,666710000.0,2062000.0,,16693000.0,,,274605000.0,329000.0,0.0,-346060000.0,,6950000.0,-192072000.0,128578000.0,
2010-03-31,,,,,,1316752000.0,242666000.0,,198914000.0,73914000.0,109423000.0,1.05,1.04,103364869.0,104765600.0,755909000.0,,1103786000.0,68038000.0,251088000.0,,34485000.0,2461251000.0,,1093850000.0,3942386000.0,129285000.0,33397000.0,7691718000.0,177764000.0,412515000.0,,1047475000.0,,346460000.0,,89634000.0,5022597000.0,2421557000.0,-3320000.0,2261148000.0,7691718000.0,,10233000.0,-3311000.0,-594000.0,-1818000.0,,782000.0,1800000.0,,315000.0,261847000.0,521000.0,,880000.0,,,42585000.0,,,-23563000.0,,1378000.0,-21834000.0,216450000.0,
2010-06-30,,,,,,2661294000.0,485031000.0,,394236000.0,145343000.0,217276000.0,2.11,2.08,103182403.0,104605489.0,574716000.0,,1070633000.0,69386000.0,256653000.0,,39222000.0,2265150000.0,,1106028000.0,4013711000.0,126988000.0,33202000.0,7577681000.0,238219000.0,429399000.0,,1118818000.0,,349617000.0,,89572000.0,4873512000.0,2529410000.0,-1461000.0,2301271000.0,7577681000.0,,22399000.0,-10697000.0,-33724000.0,-2005000.0,,587000.0,62255000.0,,955000.0,557766000.0,745000.0,,900000.0,,,99351000.0,,,-169803000.0,,1647000.0,-352706000.0,35257000.0,
2010-09-30,,,,,,4056352000.0,741622000.0,,612096000.0,220322000.0,336663000.0,3.27,3.22,102989010.0,104408939.0,534565000.0,,1082676000.0,68950000.0,220342000.0,,38798000.0,2262005000.0,,1121604000.0,4053123000.0,124217000.0,32428000.0,7627105000.0,321179000.0,337221000.0,,1111784000.0,,387717000.0,,89919000.0,4882260000.0,2648797000.0,119000.0,2321433000.0,7627105000.0,,33492000.0,61499000.0,-21680000.0,-3041000.0,,-187000.0,95350000.0,,2308000.0,719132000.0,955000.0,,900000.0,,,169376000.0,,,-285313000.0,,2079000.0,-438713000.0,-4894000.0,
2010-12-31,,,,,,5450364000.0,997027000.0,,744458000.0,260239000.0,405683000.0,4.0,3.94,101504373.0,103059171.0,860117000.0,,1048976000.0,76008000.0,-195376000.0,,43994000.0,2622854000.0,,1170808000.0,4091307000.0,162635000.0,32054000.0,8114424000.0,181033000.0,342943000.0,,924345000.0,,421436000.0,,89290000.0,5694238000.0,2717817000.0,503000.0,1978422000.0,8114424000.0,219314000.0,45551000.0,75399000.0,-55379000.0,3892000.0,,-901000.0,4228000.0,,4740000.0,839683000.0,1125000.0,,900000.0,,,273602000.0,,,-436633000.0,,6283000.0,-82392000.0,320658000.0,
2011-03-31,,,,,,1370405000.0,235553000.0,,177799000.0,63047000.0,94502000.0,0.98,0.96,96263802.0,98378371.0,1006010000.0,,1069437000.0,69641000.0,224996000.0,,46342000.0,2726916000.0,,1183744000.0,4182076000.0,156614000.0,40659000.0,8322941000.0,227401000.0,352490000.0,,1007373000.0,,443878000.0,,86615000.0,5780052000.0,2812319000.0,-1677000.0,2074395000.0,8322941000.0,,9716000.0,18221000.0,20461000.0,-7429000.0,,-990000.0,26565000.0,,1111000.0,329783000.0,298000.0,,1149000.0,,,67530000.0,,,-145388000.0,,7196000.0,-38502000.0,145893000.0,
2011-06-30,,,,,,2834888000.0,482599000.0,,365504000.0,130087000.0,194517000.0,2.03,1.99,95872466.0,98014315.0,729825000.0,,1132051000.0,68629000.0,229827000.0,,49784000.0,2513364000.0,,1223662000.0,4227386000.0,152856000.0,35264000.0,8192721000.0,254129000.0,317291000.0,,1035611000.0,,456361000.0,,104644000.0,5830091000.0,2912334000.0,-11787000.0,1880859000.0,8192721000.0,,23058000.0,24225000.0,83075000.0,-9369000.0,,-2164000.0,41436000.0,,4140000.0,534193000.0,1868000.0,,1149000.0,,,154929000.0,,,-308556000.0,,19009000.0,-355929000.0,-130292000.0,
2011-09-30,,,,,,4319226000.0,800670000.0,,623525000.0,224034000.0,329878000.0,3.47,3.4,95053339.0,97057773.0,541206000.0,,1165010000.0,73293000.0,256325000.0,,67454000.0,2370167000.0,,1335789000.0,4769965000.0,159789000.0,31761000.0,8706668000.0,259459000.0,363176000.0,,1205920000.0,,393540000.0,,134075000.0,6173373000.0,3047695000.0,-20856000.0,1999253000.0,8706668000.0,194328000.0,36392000.0,38377000.0,61483000.0,-11767000.0,,-2408000.0,56652000.0,,14502000.0,1029387000.0,2118000.0,,1149000.0,,,251879000.0,,,-1133007000.0,,19640000.0,-215291000.0,-318911000.0,
2011-12-31,,,,,,5851432000.0,1130782000.0,,892674000.0,315744000.0,478001000.0,5.05,4.96,94658027.0,96532110.0,393752000.0,,1195163000.0,75731000.0,-142716000.0,,49349000.0,2281608000.0,,1432651000.0,4946976000.0,159491000.0,34231000.0,8892172000.0,289653000.0,325734000.0,,1153116000.0,,423098000.0,,132006000.0,6145831000.0,3195818000.0,-19484000.0,2141075000.0,8892172000.0,249060000.0,48718000.0,53438000.0,88848000.0,-10270000.0,,-2039000.0,84400000.0,,11061000.0,1180046000.0,5971000.0,,1149000.0,,,400156000.0,,,-1399228000.0,,20834000.0,-247183000.0,-466365000.0,
2012-03-31,,,,,,1545915000.0,320720000.0,,260378000.0,95495000.0,140120000.0,1.49,1.46,93769092.0,95729105.0,449290000.0,,1266869000.0,72285000.0,313355000.0,,47492000.0,2374400000.0,,1490572000.0,5064577000.0,160617000.0,30065000.0,9157084000.0,269029000.0,347096000.0,,1242115000.0,,448372000.0,,139656000.0,6250663000.0,3335938000.0,-18773000.0,2274530000.0,9157084000.0,,12550000.0,-13335000.0,71706000.0,-4851000.0,,-3742000.0,-20624000.0,,4532000.0,331874000.0,489000.0,,6791000.0,,,112459000.0,,,-233690000.0,,6101000.0,-42657000.0,55538000.0,
2012-06-30,,,,,,3227773000.0,568602000.0,,448391000.0,163504000.0,235457000.0,2.51,2.46,94171583.0,96002190.0,273445000.0,,1249995000.0,77684000.0,300276000.0,,45649000.0,2178751000.0,,1586460000.0,5258056000.0,162322000.0,29623000.0,9254933000.0,299005000.0,395024000.0,,1235864000.0,,431196000.0,,146948000.0,6224238000.0,3431275000.0,-19382000.0,2378592000.0,9254933000.0,,24344000.0,-25531000.0,53294000.0,-1713000.0,,-4486000.0,8178000.0,,8481000.0,533979000.0,3070000.0,,6791000.0,,,250508000.0,,,-587211000.0,,14841000.0,-66967000.0,-120307000.0,
2012-09-30,,,,,,4849880000.0,909461000.0,,719575000.0,262138000.0,380178000.0,4.03,3.96,94979858.0,96634620.0,382194000.0,,1248050000.0,78322000.0,323219000.0,,46989000.0,2325674000.0,,1654657000.0,5324960000.0,177542000.0,30558000.0,10824112000.0,272627000.0,416897000.0,,1336837000.0,,484918000.0,,145246000.0,7603707000.0,3575996000.0,-18283000.0,2537421000.0,10824112000.0,,34857000.0,-1374000.0,51349000.0,-1958000.0,,-3429000.0,-18200000.0,,5064000.0,900613000.0,3452000.0,,6796000.0,,,378949000.0,,,-786757000.0,,39346000.0,-125457000.0,-11558000.0,
2012-12-31,,,,,,6889196000.0,1297084000.0,,1001304000.0,359845000.0,536017000.0,5.58,5.47,96017939.0,97971080.0,533748000.0,,1421303000.0,78126000.0,-390966000.0,,201572000.0,2878794000.0,,1872370000.0,8964969000.0,2127778000.0,80194000.0,16018596000.0,414143000.0,563365000.0,,2018174000.0,,706748000.0,,443743000.0,11509856000.0,3731835000.0,-15297000.0,3763137000.0,16018596000.0,299810000.0,45384000.0,43765000.0,47673000.0,-4052000.0,,1775000.0,40878000.0,,19029000.0,1100848000.0,3935000.0,,7211000.0,,,550146000.0,,,-4832450000.0,,62036000.0,3872384000.0,139996000.0,
2013-03-31,,,,,,2662721000.0,166861000.0,,61642000.0,15144000.0,30164000.0,0.29,0.28,104484476.0,107063633.0,699671000.0,,1516642000.0,76582000.0,441828000.0,,150432000.0,3191168000.0,,1915453000.0,9015035000.0,2104044000.0,86806000.0,16413477000.0,330247000.0,565262000.0,,2325239000.0,,737521000.0,,497708000.0,11851052000.0,3761999000.0,-16741000.0,3799442000.0,16413477000.0,,16021000.0,-111331000.0,92339000.0,-2162000.0,,,-83896000.0,,,379207000.0,1212000.0,,1091000.0,,,116724000.0,137000.0,,-146011000.0,,6957000.0,-67392000.0,165923000.0,
2013-06-30,,,,,,5012374000.0,688881000.0,,474192000.0,144336000.0,284540000.0,2.72,2.65,104898667.0,107424582.0,617904000.0,,1445099000.0,77997000.0,434035000.0,,150217000.0,3131834000.0,,1990963000.0,9056589000.0,2076933000.0,97895000.0,16455509000.0,320066000.0,525272000.0,,2214888000.0,,751446000.0,,360110000.0,11572726000.0,4016375000.0,-3334000.0,4124881000.0,16455509000.0,,32266000.0,-102039000.0,17829000.0,-924000.0,,,-94894000.0,,,686026000.0,3286000.0,,1091000.0,,,258396000.0,7000.0,,-347887000.0,,28442000.0,-253749000.0,84156000.0,
2013-09-30,,,,,,7634886000.0,1065955000.0,,744958000.0,245266000.0,421168000.0,2.01,1.96,210394560.0,214902860.0,970694000.0,,1404050000.0,84899000.0,398138000.0,,156940000.0,3381408000.0,,2048235000.0,9144242000.0,2059568000.0,79833000.0,16827319000.0,358402000.0,481840000.0,,2453126000.0,,769713000.0,,353723000.0,11768656000.0,3151711000.0,-4214000.0,4267986000.0,16827319000.0,,47095000.0,-52085000.0,-20856000.0,5494000.0,,,-71581000.0,,,1419154000.0,6630000.0,,1091000.0,,,399527000.0,53000.0,,-577086000.0,,31722000.0,-404223000.0,436946000.0,
2013-12-31,,,,,,10213916000.0,1550134000.0,,1124978000.0,381013000.0,633446000.0,3.02,2.95,209939364.0,214763887.0,946249000.0,,1485163000.0,88805000.0,-402978000.0,,176414000.0,3472278000.0,,2189411000.0,9212974000.0,2024373000.0,79598000.0,17098877000.0,435465000.0,464422000.0,,2462049000.0,,812419000.0,,371010000.0,11796036000.0,3363989000.0,-2645000.0,4432479000.0,17098877000.0,373107000.0,59998000.0,-25380000.0,59640000.0,8971000.0,,,16666000.0,,,1773341000.0,12445000.0,,4158000.0,,,617597000.0,,,-876882000.0,,36197000.0,-482991000.0,412501000.0,
2014-03-31,,,,,,2601551000.0,441225000.0,,336588000.0,124851000.0,183289000.0,0.87,0.85,211375232.0,216118922.0,1108069000.0,,1539728000.0,101173000.0,406538000.0,,169628000.0,3707233000.0,,2224439000.0,9242179000.0,2025822000.0,76909000.0,17398342000.0,392907000.0,486565000.0,,2566174000.0,,822842000.0,,407288000.0,11867926000.0,3547278000.0,-1639000.0,4659567000.0,17398342000.0,,15074000.0,8902000.0,54565000.0,12280000.0,,,-42558000.0,,,419107000.0,1824000.0,,1262000.0,,,126562000.0,11000.0,,-195793000.0,,18336000.0,-62125000.0,161820000.0,
2014-06-30,,,,,,5289745000.0,925520000.0,,618896000.0,225738000.0,330972000.0,1.56,1.53,212258994.0,216720944.0,1420973000.0,,1550252000.0,99650000.0,399361000.0,,164591000.0,4161247000.0,,2290844000.0,9254043000.0,2022875000.0,66106000.0,17925571000.0,405751000.0,465242000.0,,2608148000.0,,823745000.0,,386033000.0,12208504000.0,3694961000.0,666000.0,4785771000.0,17925571000.0,,29699000.0,13826000.0,65079000.0,10731000.0,,,-46022000.0,,,681498000.0,6117000.0,,1277000.0,,,278593000.0,,,-442855000.0,,30238000.0,236648000.0,474724000.0,
2014-09-30,,,,,,8104033000.0,1363056000.0,,955308000.0,342366000.0,515094000.0,2.43,2.38,212617238.0,217236493.0,1527035000.0,,1468563000.0,114677000.0,407071000.0,,172255000.0,4178435000.0,,2359203000.0,9344641000.0,1997772000.0,67330000.0,18101416000.0,442183000.0,503198000.0,,2597631000.0,,844189000.0,,368475000.0,12191198000.0,3879083000.0,-11624000.0,4975042000.0,18101416000.0,437682000.0,44323000.0,-2167000.0,-16610000.0,25198000.0,,,2332000.0,,,1529398000.0,7138000.0,,1321000.0,,,443507000.0,,,-831185000.0,,32665000.0,-119009000.0,580786000.0,
2014-12-31,,,,,,10979965000.0,1815141000.0,,1309673000.0,446343000.0,723114000.0,3.41,3.33,212301827.0,216927681.0,965241000.0,337399000.0,1525849000.0,136085000.0,-650075000.0,,186842000.0,3876797000.0,26699000.0,2469099000.0,9415295000.0,1949498000.0,77000000.0,17942715000.0,445453000.0,506579000.0,,2088652000.0,,890701000.0,,389806000.0,11752439000.0,4087103000.0,-25017000.0,5170513000.0,17942715000.0,428309000.0,56743000.0,210955000.0,40676000.0,46398000.0,,,-2956000.0,,,1459407000.0,8440000.0,,2475000.0,,,641330000.0,1018000.0,,-1277729000.0,,45271000.0,-164979000.0,18992000.0,
2015-03-31,,,,,,3352121000.0,-64156000.0,,-162081000.0,-85933000.0,-110617000.0,-0.52,-0.52,213387253.0,213387253.0,1011271000.0,,1675182000.0,145740000.0,436359000.0,,186165000.0,4300795000.0,,2500596000.0,9431390000.0,1904176000.0,68248000.0,18366663000.0,423986000.0,581411000.0,,2679516000.0,,880820000.0,,407068000.0,12347557000.0,3976486000.0,-47625000.0,4971410000.0,18366663000.0,,12762000.0,-203940000.0,151743000.0,9193000.0,,,-10933000.0,,,410089000.0,1448000.0,,1217000.0,,,121421000.0,,,-252287000.0,,7584000.0,-110868000.0,46030000.0,
2015-06-30,,,,,,6306191000.0,480548000.0,,330539000.0,122762000.0,170477000.0,0.8,0.78,213188268.0,217790617.0,933735000.0,1552000.0,1666969000.0,159353000.0,239012000.0,,189528000.0,4780921000.0,29686000.0,2564708000.0,9450946000.0,,121774000.0,18946818000.0,490460000.0,716250000.0,,2334290000.0,,900959000.0,,400475000.0,12736776000.0,4146963000.0,-44379000.0,5146849000.0,18946818000.0,,28299000.0,4418000.0,142950000.0,22780000.0,,,50823000.0,,,441531000.0,3872000.0,,1550000.0,,,290873000.0,,,-947337000.0,,16913000.0,475093000.0,-31506000.0,
2015-09-30,,,,,,9322488000.0,925760000.0,,576829000.0,183893000.0,275732000.0,1.3,1.27,212914126.0,217421213.0,1047419000.0,1200000.0,1699892000.0,173050000.0,253067000.0,,175715000.0,4737886000.0,30143000.0,2621918000.0,9487579000.0,,62387000.0,18894828000.0,487945000.0,632331000.0,,2410554000.0,,906807000.0,,406035000.0,12805492000.0,4362835000.0,-54336000.0,4990353000.0,18894828000.0,,42794000.0,-1994000.0,178148000.0,35856000.0,,,11473000.0,,,1120527000.0,6667000.0,,1961000.0,,,462213000.0,,,-1150384000.0,,19555000.0,113879000.0,82178000.0,
2015-12-31,,,,,,12611142000.0,1170695000.0,,723136000.0,295726000.0,269732000.0,1.27,1.25,211867714.0,216251807.0,1499116000.0,1200000.0,1724228000.0,185575000.0,503444000.0,,190322000.0,4503280000.0,32282000.0,2788740000.0,9294479000.0,1687326000.0,73560000.0,18514875000.0,513950000.0,682123000.0,,2399138000.0,,726962000.0,,439229000.0,12566637000.0,4356835000.0,-59826000.0,4870780000.0,18514875000.0,475484000.0,56664000.0,61744000.0,202867000.0,48313000.0,,,30998000.0,,,1557200000.0,8783000.0,,2058000.0,,,707998000.0,,,-881784000.0,,28157000.0,-138970000.0,533875000.0,
2016-03-31,,,,,,3216247000.0,364889000.0,,264981000.0,126822000.0,97434000.0,0.48,0.47,204366869.0,207928096.0,1041427000.0,14069000.0,1855285000.0,192689000.0,,,187287000.0,4199560000.0,34598000.0,2911205000.0,9485628000.0,1678707000.0,66269000.0,18514198000.0,480288000.0,779141000.0,,2443618000.0,,792038000.0,,464250000.0,12679761000.0,4454269000.0,-53513000.0,4703926000.0,18514198000.0,,13097000.0,47519000.0,78097000.0,4924000.0,,,7782000.0,,,429002000.0,4435000.0,,5155000.0,,,173187000.0,,,-554311000.0,,4383000.0,-333097000.0,-457689000.0,
2016-06-30,,,,,,6604828000.0,693959000.0,,494372000.0,261710000.0,150816000.0,0.74,0.73,204497970.0,208047172.0,1283416000.0,11502000.0,1875403000.0,197388000.0,,,187763000.0,4496217000.0,38554000.0,2972407000.0,9360957000.0,1631001000.0,64254000.0,18691630000.0,504353000.0,840745000.0,,2645662000.0,,772329000.0,,420776000.0,12796024000.0,4507651000.0,-60036000.0,4746054000.0,18691630000.0,,23717000.0,19952000.0,104005000.0,9213000.0,,,22809000.0,,,945639000.0,7873000.0,,5337000.0,,,358627000.0,,,-758229000.0,,10604000.0,-403554000.0,-215700000.0,
2016-09-30,,,,,,9516248000.0,1513115000.0,,1210823000.0,366011000.0,722148000.0,3.54,3.48,204206979.0,207643794.0,913496000.0,11593000.0,1850425000.0,200563000.0,,,177248000.0,4261359000.0,41666000.0,3044988000.0,9382996000.0,1576157000.0,42984000.0,18925653000.0,498422000.0,828535000.0,,2639469000.0,,802109000.0,,420938000.0,12834518000.0,5078983000.0,-52226000.0,4911746000.0,18925653000.0,,29817000.0,48778000.0,85660000.0,13045000.0,,,-45507000.0,,,1481262000.0,9041000.0,,8636000.0,,,575243000.0,75000.0,,-1257242000.0,,12584000.0,-807976000.0,-585620000.0,
2016-12-31,,,,,,12850562000.0,1894543000.0,,1488895000.0,455813000.0,879874000.0,4.36,4.29,201641173.0,204904656.0,913187000.0,3371000.0,1917302000.0,164858000.0,559806000.0,,210604000.0,3980228000.0,103679000.0,3175367000.0,9407317000.0,1527767000.0,44510000.0,18741257000.0,522415000.0,856847000.0,,2696445000.0,,809128000.0,,465358000.0,12918258000.0,3710313000.0,-89643000.0,4648047000.0,18741257000.0,545734000.0,38338000.0,52010000.0,152240000.0,-22920000.0,,,11897000.0,,,1963444000.0,13539000.0,,18963000.0,,,829095000.0,,,-1201668000.0,,13251000.0,-1351981000.0,-585929000.0,
2017-03-31,,,,,,2809047000.0,888236000.0,,788050000.0,287765000.0,447697000.0,2.33,2.29,192377000.0,195281014.0,1472232000.0,1200000.0,1900561000.0,174159000.0,,,204027000.0,4603900000.0,108368000.0,3171199000.0,9452470000.0,1487029000.0,43450000.0,19388264000.0,464790000.0,783806000.0,,2813577000.0,,830990000.0,,504380000.0,13067825000.0,4158010000.0,-76886000.0,5139929000.0,19388264000.0,,9601000.0,20091000.0,-16168000.0,8909000.0,,,-26214000.0,,,865174000.0,2358000.0,,4025000.0,,,214535000.0,,,-250012000.0,,,-58937000.0,559045000.0,
2017-06-30,,,,,,6308208000.0,1266552000.0,,1063657000.0,401747000.0,574698000.0,3.0,2.95,191728913.0,194630936.0,711997000.0,1200000.0,2053812000.0,199304000.0,,,202464000.0,4023768000.0,114693000.0,3248030000.0,9889791000.0,1462894000.0,60140000.0,19341784000.0,439741000.0,885274000.0,,2773325000.0,,855159000.0,,520886000.0,13060184000.0,4285011000.0,-27308000.0,5084314000.0,19341784000.0,,17504000.0,40938000.0,113208000.0,31067000.0,,,-55897000.0,,,1011444000.0,6812000.0,,5049000.0,,,398940000.0,,,-851648000.0,,,-365178000.0,-201190000.0,
2017-09-30,,,,,,10423562000.0,1074029000.0,,765881000.0,276005000.0,360222000.0,1.89,1.86,190770165.0,193546245.0,846110000.0,1200000.0,2091074000.0,154422000.0,,,205211000.0,4033549000.0,120129000.0,3386056000.0,9415877000.0,1451033000.0,61642000.0,19013339000.0,566918000.0,928123000.0,,2874793000.0,,685598000.0,,548226000.0,13017320000.0,4070535000.0,3476000.0,4784581000.0,19013339000.0,,28478000.0,-132781000.0,146024000.0,-14272000.0,,,18595000.0,,,1564539000.0,9882000.0,,5822000.0,,,639829000.0,0.0,,-1107233000.0,,,-529832000.0,-67077000.0,
2017-12-31,,,,,,9063879000.0,1812755000.0,,1399786000.0,323859000.0,663618000.0,3.52,3.47,188626000.0,191349000.0,508234000.0,1200000.0,1714750000.0,181799000.0,201183000.0,,112058000.0,8744358000.0,37695000.0,3149213000.0,6610279000.0,113827000.0,47287000.0,18948193000.0,509116000.0,552662000.0,,3041177000.0,,,,365325000.0,13050767000.0,3633713000.0,13235000.0,4690029000.0,18948193000.0,544129000.0,35092000.0,-395217000.0,156305000.0,18625000.0,,,26876000.0,,,1907449000.0,13117000.0,,6408000.0,,,905250000.0,,,-1366731000.0,,0.0,-766257000.0,-225285000.0,
2018-03-31,,,,,,2438758000.0,410686000.0,,301752000.0,70737000.0,178686000.0,1.0,0.98,178958000.0,181835000.0,358874000.0,1200000.0,1830590000.0,125555000.0,,,,8673555000.0,34344000.0,3185223000.0,6638592000.0,113366000.0,51728000.0,18942372000.0,437733000.0,544846000.0,,2947523000.0,,507226000.0,,391156000.0,13125790000.0,3820767000.0,27335000.0,4580680000.0,18942372000.0,142799000.0,9685000.0,43617000.0,63701000.0,-57621000.0,,,-62830000.0,,,362539000.0,2646000.0,,5151000.0,,,232443000.0,,,-200128000.0,,,-222547000.0,-53468000.0,
2018-06-30,5736397000.0,,,,,4887519000.0,848878000.0,,622246000.0,154605000.0,445962000.0,2.54,2.51,175267270.0,177950000.0,389264000.0,4528000.0,1842108000.0,112729000.0,,,,9085362000.0,34200000.0,3229098000.0,6678559000.0,100255000.0,59070000.0,19435564000.0,542272000.0,568536000.0,,4783778000.0,,526425000.0,,418123000.0,13903899000.0,4088043000.0,-21925000.0,4279184000.0,19435564000.0,289878000.0,19861000.0,56882000.0,101746000.0,-71632000.0,,,35228000.0,,,924575000.0,4195000.0,,5662000.0,,,473977000.0,,,-424064000.0,,,-305909000.0,191129000.0,
2018-09-30,8583727000.0,,,,,7445811000.0,1137916000.0,,789364000.0,206652000.0,309166000.0,1.79,1.77,172404000.0,174348000.0,448215000.0,4730000.0,1847086000.0,91102000.0,,,,8929501000.0,35047000.0,3275636000.0,6702659000.0,97609000.0,76517000.0,19357789000.0,458927000.0,560692000.0,,4855104000.0,,515893000.0,,452445000.0,14264115000.0,3951247000.0,-29109000.0,3824649000.0,19357789000.0,435878000.0,59605000.0,200056000.0,74622000.0,-88355000.0,,,-12800000.0,,,1382248000.0,5791000.0,,8783000.0,,,705659000.0,,,-661319000.0,,,-423339000.0,291800000.0,
2018-12-31,11404851000.0,,,,,9879027000.0,1525824000.0,,1048478000.0,258400000.0,159394000.0,0.93,0.92,170786000.0,172365000.0,323038000.0,2935000.0,1858608000.0,107381000.0,209582000.0,,,8424159000.0,35424000.0,3393669000.0,6841960000.0,118846000.0,71583000.0,19110252000.0,463270000.0,595850000.0,,4891161000.0,,562536000.0,,450669000.0,14077213000.0,2743194000.0,-34924000.0,3703442000.0,19110252000.0,591035000.0,73061000.0,273660000.0,81176000.0,-73505000.0,,,-35959000.0,,,1771640000.0,8448000.0,,9526000.0,,,987138000.0,,,-1005643000.0,,0.0,-625354000.0,137293000.0,
2019-03-31,2743112000.0,,,,,2402605000.0,340507000.0,,215928000.0,56746000.0,149289000.0,0.9,0.9,166388000.0,166781000.0,459242000.0,4035000.0,1953422000.0,104236000.0,,,,9225076000.0,34414000.0,3392266000.0,6799368000.0,118324000.0,73651000.0,22605944000.0,365192000.0,572944000.0,,8230877000.0,,588805000.0,,143756000.0,17376227000.0,2932359000.0,-47551000.0,3875354000.0,22605944000.0,148528000.0,12110000.0,41372000.0,132292000.0,-3324000.0,,,-38537000.0,,,141304000.0,3290000.0,,3302000.0,,,198878000.0,,,-200358000.0,,,324951000.0,264976000.0,
2019-06-30,5585817000.0,,,,,4783424000.0,802393000.0,,539631000.0,132684000.0,422840000.0,2.54,2.54,166367000.0,166800000.0,3575638000.0,5213000.0,2010801000.0,96819000.0,,,,6390629000.0,35051000.0,3405315000.0,6865386000.0,120574000.0,97443000.0,19930960000.0,388955000.0,726011000.0,,5706944000.0,,593562000.0,,134605000.0,14502158000.0,3205910000.0,-33611000.0,4049298000.0,19930960000.0,300770000.0,29045000.0,60706000.0,288437000.0,-11542000.0,,,-68887000.0,,,751115000.0,4812000.0,,5893000.0,,,373918000.0,,,3402692000.0,,,-1310553000.0,2843177000.0,
2019-09-30,8489895000.0,,,,,7309166000.0,1180729000.0,,813416000.0,197938000.0,566110000.0,3.51,3.5,161147122.0,161636011.0,1253256000.0,100713000.0,1901225000.0,98641000.0,,,,3998718000.0,35041000.0,3419238000.0,6765659000.0,117666000.0,114834000.0,17451830000.0,332136000.0,716023000.0,,2206640000.0,,604921000.0,,135087000.0,13643248000.0,3349180000.0,-77604000.0,2318576000.0,17451830000.0,456685000.0,47811000.0,72590000.0,182684000.0,-9519000.0,,,-106662000.0,,,1391825000.0,5160000.0,,5893000.0,,,547183000.0,,,3134025000.0,,,-4003764000.0,517908000.0,
2019-12-31,11388479000.0,,,,,9745162000.0,1643317000.0,,1195439000.0,279628000.0,810981000.0,5.29,5.27,153181000.0,153812064.0,1102372000.0,11572000.0,1795598000.0,97949000.0,766536000.0,,,3690170000.0,36519000.0,3473384000.0,6787635000.0,135684000.0,115972000.0,17311394000.0,403840000.0,756174000.0,,2372098000.0,,577543000.0,,160809000.0,13811776000.0,1431738000.0,-47498000.0,2133409000.0,17311394000.0,615152000.0,67850000.0,41723000.0,79957000.0,-10158000.0,,,-84539000.0,,,2072355000.0,5458000.0,,3676000.0,,,766546000.0,,,2995340000.0,,,-4696450000.0,369485000.0,
2020-03-31,2841237000.0,,,,,2375861000.0,465376000.0,,369475000.0,91560000.0,239593000.0,1.92,1.89,124901671.0,126895000.0,1381764000.0,9376000.0,1820132000.0,95685000.0,,,,4023939000.0,34657000.0,3445423000.0,6778023000.0,117953000.0,94030000.0,17596300000.0,340092000.0,757784000.0,,2220746000.0,,,,161940000.0,14234920000.0,1671331000.0,-140525000.0,1947846000.0,17596300000.0,154679000.0,19870000.0,103301000.0,32966000.0,-1835000.0,,,-24045000.0,,,360381000.0,2633000.0,,3268000.0,,,154942000.0,,,-162625000.0,,,96992000.0,279770000.0,
2020-06-30,5721216000.0,,,,,4845920000.0,875296000.0,,707559000.0,174772000.0,441195000.0,3.57,3.52,123485412.0,125479000.0,2928910000.0,154115000.0,1772259000.0,97902000.0,,,,5779830000.0,28340000.0,3417918000.0,6790606000.0,113379000.0,92909000.0,19305091000.0,357283000.0,902019000.0,,4274563000.0,,,,144121000.0,15729337000.0,1872933000.0,-135107000.0,2153915000.0,19305091000.0,312055000.0,42125000.0,132101000.0,-15194000.0,696000.0,,,-15858000.0,,,1011503000.0,3034000.0,,3438000.0,,,291667000.0,,,-407139000.0,,,1239573000.0,1827001000.0,
2020-09-30,8645282000.0,,,,,7332317000.0,1312965000.0,,990891000.0,240564000.0,599869000.0,4.89,4.8,122582099.0,124927380.0,710514000.0,19360000.0,1804390000.0,106254000.0,,,,3429675000.0,29867000.0,3417919000.0,6868377000.0,118078000.0,96110000.0,17046672000.0,388504000.0,879792000.0,,2499241000.0,,,,147371000.0,13989398000.0,2031607000.0,-122530000.0,1574757000.0,17046672000.0,468949000.0,67217000.0,191783000.0,12405000.0,8445000.0,,,445000.0,,,1494230000.0,3388000.0,,3434000.0,,,449896000.0,,,-487307000.0,,,-1381698000.0,-391381000.0,
2020-12-31,11550604000.0,,,,,9855968000.0,1694636000.0,,1318262000.0,313932000.0,773642000.0,6.46,6.31,119797000.0,122623000.0,324958000.0,20101000.0,1824282000.0,111625000.0,773646000.0,,,3148724000.0,32193000.0,3521824000.0,6919109000.0,166585000.0,79501000.0,16988516000.0,434253000.0,810529000.0,,2476143000.0,,,,150060000.0,14091736000.0,852537000.0,-66154000.0,1383566000.0,16988516000.0,630435000.0,91458000.0,240848000.0,21087000.0,12349000.0,,,37200000.0,,,1979028000.0,3757000.0,,3491000.0,,,674541000.0,,,-825371000.0,,,-1846777000.0,-706928000.0,
2021-03-31,2820001000.0,,,,,2377399000.0,442602000.0,,376756000.0,85211000.0,237403000.0,2.18,2.09,109014000.0,113852000.0,884205000.0,11060000.0,2040813000.0,116322000.0,,,,3866681000.0,31891000.0,3490442000.0,6891209000.0,150706000.0,90534000.0,17647268000.0,348105000.0,846710000.0,,2314724000.0,,,,150724000.0,14864893000.0,1089940000.0,-122783000.0,1248106000.0,17647268000.0,165701000.0,23595000.0,18688000.0,224274000.0,5303000.0,,,-75504000.0,,,154304000.0,1779000.0,,11879000.0,,,144913000.0,,,-124366000.0,,,537278000.0,559250000.0,
2021-06-30,5736511000.0,,,,,4803433000.0,933078000.0,,809096000.0,166520000.0,531223000.0,4.94,4.72,107606000.0,112555000.0,1043632000.0,36701000.0,1947466000.0,115369000.0,,,,3978586000.0,33777000.0,3485600000.0,6943665000.0,162484000.0,95490000.0,17810311000.0,376264000.0,837284000.0,,2386040000.0,,,,157687000.0,14921274000.0,1383760000.0,-65899000.0,1277780000.0,17810311000.0,335390000.0,51717000.0,40685000.0,117171000.0,3270000.0,,,-47390000.0,,,834036000.0,2164000.0,,11908000.0,,,294438000.0,,,-283699000.0,,,155548000.0,704688000.0,
2021-09-30,8674830000.0,,,,,7266875000.0,1407955000.0,,1203554000.0,241224000.0,790977000.0,7.41,7.08,106685000.0,111666000.0,1045742000.0,26690000.0,2027599000.0,114096000.0,,,,3839538000.0,33598000.0,3463212000.0,6940667000.0,152121000.0,101469000.0,17633940000.0,387712000.0,723080000.0,,2363053000.0,,,,163051000.0,14881772000.0,1643514000.0,-119750000.0,1149437000.0,17633940000.0,505852000.0,75898000.0,56724000.0,205792000.0,2490000.0,,,-47412000.0,,,1400988000.0,,,,2609000.0,,451909000.0,745000.0,,-448185000.0,,,-308603000.0,636819000.0,
2021-12-31,11618797000.0,,,,,9821427000.0,1797370000.0,,1518494000.0,306732000.0,978450000.0,9.3,8.9,105230000.0,109948000.0,461900000.0,22310000.0,1957583000.0,107428000.0,772427000.0,,,3167723000.0,49514000.0,3479972000.0,7046241000.0,177693000.0,136677000.0,17121488000.0,402049000.0,709345000.0,,2398533000.0,,,,119158000.0,14750508000.0,354337000.0,-139247000.0,755508000.0,17121488000.0,680615000.0,102209000.0,60483000.0,138140000.0,-5720000.0,,,-30320000.0,,,1930876000.0,,,,745000.0,,641465000.0,,,-784733000.0,,,-1082966000.0,53170000.0,
2022-03-31,2817555000.0,,,,,2479247000.0,338308000.0,,262731000.0,57013000.0,162122000.0,1.68,1.61,96342000.0,100503000.0,327502000.0,19407000.0,2044346000.0,107722000.0,,,,3128714000.0,47866000.0,3439337000.0,7072903000.0,191096000.0,185166000.0,17087010000.0,433137000.0,737160000.0,,2420447000.0,,,,108954000.0,14677930000.0,516459000.0,-34870000.0,843771000.0,17087010000.0,172944000.0,24904000.0,-41000.0,66270000.0,-849000.0,,,21402000.0,,,322195000.0,,,,2726000.0,,123108000.0,,,-118366000.0,,,-341571000.0,-134379000.0,
2022-06-30,5744312000.0,,,,,4973289000.0,771023000.0,,611576000.0,121242000.0,386931000.0,4.06,3.9,95382000.0,99121000.0,262605000.0,100489000.0,2093830000.0,109522000.0,,,,3264108000.0,44562000.0,3304596000.0,7019778000.0,184740000.0,257577000.0,17100575000.0,402308000.0,752717000.0,,2310747000.0,,,,105137000.0,14939580000.0,741268000.0,-111796000.0,604784000.0,17100575000.0,344120000.0,50109000.0,9069000.0,132043000.0,1927000.0,,,24517000.0,,,510316000.0,,,,3010000.0,,265461000.0,,,-263232000.0,,,-444965000.0,-199223000.0,
2022-09-30,8693006000.0,,,,,7610196000.0,1082810000.0,,818785000.0,163757000.0,492297000.0,5.24,5.07,93959000.0,97153000.0,367510000.0,74305000.0,2089017000.0,106845000.0,,,,3202442000.0,43535000.0,3240310000.0,7022642000.0,179715000.0,307713000.0,16961799000.0,417139000.0,796200000.0,,2537409000.0,,,,106895000.0,14888919000.0,846634000.0,-135551000.0,532672000.0,16961799000.0,538534000.0,77904000.0,-35637000.0,135632000.0,-347000.0,,,38870000.0,,,1220848000.0,,,,3322000.0,,409391000.0,782000.0,,-417083000.0,,,-890228000.0,-92746000.0,
2022-12-31,11609894000.0,,,,,10270832000.0,1339062000.0,,966278000.0,198087000.0,560400000.0,6.03,5.85,92992000.0,95834000.0,244086000.0,77693000.0,2132070000.0,109122000.0,779205000.0,,,3155292000.0,44329000.0,3256397000.0,7076610000.0,182687000.0,315587000.0,16928252000.0,479780000.0,802469000.0,,2619747000.0,,,,105233000.0,14703452000.0,174487000.0,-69186000.0,712326000.0,16928252000.0,732602000.0,95427000.0,-75669000.0,148394000.0,757000.0,,,87481000.0,,,1564570000.0,,,,782000.0,,603429000.0,,,-630347000.0,,,-1121128000.0,-215971000.0,
2023-03-31,2872699000.0,,,,,2561054000.0,311645000.0,,214623000.0,43955000.0,115547000.0,1.28,1.25,90497000.0,92483000.0,317132000.0,49965000.0,2057809000.0,106770000.0,,,,3039739000.0,44520000.0,3216373000.0,7090311000.0,186758000.0,291321000.0,16727787000.0,447969000.0,796742000.0,,2565093000.0,,,,100229000.0,14309085000.0,290034000.0,-54906000.0,825470000.0,16727787000.0,178071000.0,25373000.0,-3621000.0,-81850000.0,-2758000.0,,,-20535000.0,,,462557000.0,,,,4643000.0,,147705000.0,,,-116544000.0,,,-275912000.0,72408000.0,
2023-06-30,5873068000.0,,,,,5156132000.0,716936000.0,,509818000.0,92773000.0,294238000.0,3.24,3.17,90984000.0,93418000.0,327443000.0,12484000.0,2009692000.0,110299000.0,,,,3001968000.0,46005000.0,3158450000.0,7106242000.0,191849000.0,314009000.0,16958845000.0,427894000.0,817608000.0,,2403418000.0,,,,183137000.0,14329226000.0,468725000.0,-7052000.0,1017444000.0,16958845000.0,361743000.0,55197000.0,-16178000.0,-141503000.0,116000.0,,,-40615000.0,,,912664000.0,,,,6366000.0,,272204000.0,,,-463657000.0,,,-372748000.0,83181000.0,
2023-09-30,8994400000.0,,,,,7781525000.0,1212875000.0,,888027000.0,161621000.0,540870000.0,5.95,5.8,91322000.0,94041000.0,449458000.0,11713000.0,2024827000.0,109620000.0,,,,3135359000.0,45320000.0,3097483000.0,7088223000.0,185403000.0,302142000.0,16928740000.0,435417000.0,808000000.0,,2537930000.0,,,,184944000.0,14104061000.0,715357000.0,-68898000.0,1199201000.0,16928740000.0,550166000.0,82313000.0,-17767000.0,-118148000.0,,,,-33837000.0,,,1573826000.0,,,,6693000.0,,409011000.0,0.0,,-603504000.0,,,-767249000.0,206136000.0,
2023-12-31,12140147000.0,,,,,10537363000.0,1602784000.0,,1177094000.0,220116000.0,691535000.0,7.62,7.42,90790000.0,93182000.0,380063000.0,11610000.0,1986856000.0,143105000.0,760336000.0,,,3137906000.0,47890000.0,3073533000.0,7112560000.0,203224000.0,271253000.0,16893578000.0,514533000.0,828878000.0,,2642214000.0,,,,183074000.0,14150228000.0,598288000.0,-52084000.0,1056097000.0,16893578000.0,745443000.0,112375000.0,-39354000.0,-172361000.0,32132000.0,,,26890000.0,,,2059031000.0,,,,0.0,,567985000.0,,,-771800000.0,,,-1170495000.0,125645000.0,
2024-03-31,3070555000.0,,,,,2586710000.0,483845000.0,,371786000.0,65806000.0,239649000.0,2.73,2.65,87775000.0,90547000.0,345131000.0,10611000.0,2594675000.0,145808000.0,,,,3683753000.0,47729000.0,3026170000.0,7229702000.0,201433000.0,262449000.0,17430935000.0,489883000.0,859604000.0,,2583101000.0,,,,179806000.0,14794948000.0,837937000.0,-100115000.0,925997000.0,17430935000.0,187083000.0,24542000.0,-3318000.0,561281000.0,-1929000.0,,,-14162000.0,,,-134836000.0,,,,2975000.0,,121015000.0,,,-215206000.0,,,319319000.0,-33853000.0,
2024-06-30,6257277000.0,,,,,5267034000.0,990243000.0,,743226000.0,137494000.0,462325000.0,5.29,5.15,87337000.0,89749000.0,416493000.0,20693000.0,2303119000.0,126765000.0,,,,3466925000.0,31779000.0,2982222000.0,7201399000.0,191483000.0,240490000.0,17025572000.0,493534000.0,888358000.0,,2994790000.0,,,,179010000.0,14600716000.0,1060613000.0,-195090000.0,632900000.0,17025572000.0,362744000.0,48832000.0,-28643000.0,193093000.0,-22422000.0,,,-38998000.0,,,664010000.0,,,,3411000.0,,245740000.0,,,-376964000.0,,,-243976000.0,38612000.0,
2024-09-30,9520867000.0,,,,,7995746000.0,1525121000.0,,1116660000.0,215168000.0,677013000.0,7.86,7.66,86123000.0,88422000.0,1070775000.0,20996000.0,2267365000.0,128999000.0,,,,4037000000.0,33844000.0,2939620000.0,7227630000.0,197854000.0,218956000.0,17503737000.0,488244000.0,927530000.0,,2943986000.0,,,,183030000.0,15284063000.0,1275301000.0,-162334000.0,386715000.0,17503737000.0,549758000.0,75392000.0,-53713000.0,175643000.0,-20495000.0,,,-43414000.0,,,1474411000.0,,,,8784000.0,,384786000.0,,,-523455000.0,,,-251834000.0,694010000.0,
