Date,Net sales,Cost of sales,Gross margin,Research and development,"Selling, general and administrative",Total operating expenses,Operating income,"Other income/(expense), net",Income before provision for income taxes,Provision for income taxes,Net income,Earnings per share basic,Earnings per share diluted,Weighted-average basic,Weighted-average diluted,Cash and cash equivalents,Short-term marketable securities,"Accounts receivable, net",Inventories,Deferred tax assets,Vendor non-trade receivables,Other current assets,Total current assets,Long-term marketable securities,"Property, Plant and Equipment, Net",Goodwill,"Acquired intangible assets, net","Other Assets, Noncurrent",Total assets,accounts payable,Accrued expenses,Deferred revenue,Total current liabilities,Deferred revenue - non-current,deferred tax liabilities,long term taxes payable,Total other non-current liabilities,Total liabilities,Retained Earnings (Accumulated Deficit),Accumulated other comprehensive (loss)/income,Total shareholders equity,Total liabilities and shareholders' equity,"Depreciation, amortization and accretion",Stock-based compensation expense,Deferred income tax expense,"Increase (Decrease) in Accounts receivable, net",Increase (Decrease) in Inventories,Increase (Decrease) in Other Receivables,Increase (Decrease) in Other Operating Assets,Increase (Decrease) in Accounts Payable,Increase (Decrease) in Deferred Revenue,Increase (Decrease) Other liabilities,Cash generated by operating activities,Purchases of marketable securities,Proceeds from maturities of marketable securities,Proceeds from sales of marketable securities,Purchases of other long-term investments,"Business acquisitions, net of cash acquired",Cash payments for capital asset purchases,Payments for acquisition of intangible assets,Payments for (Proceeds from) Other Investing Activities,Cash used in investing activities,Proceeds from issuance of common stock,Excess tax benefits from stock-based compensation,Cash generated/used in financing activities,Increase/(decrease) in cash and cash equivalents,"Cash paid for income taxes, net"
2011-06-30,35591000.0,18604000.0,16987000.0,13284000.0,22962000.0,36246000.0,-19259000.0,,,,-19217000.0,,,,,33889000.0,71139000.0,,6258000.0,,,,123980000.0,,12016000.0,,,98000.0,136369000.0,,,2333000.0,13776000.0,,,,1018000.0,14794000.0,-365595000.0,-101000.0,,136369000.0,1698000.0,6205000.0,,2023000.0,-1854000.0,,,,-1191000.0,,-11815000.0,49430000.0,,20058000.0,,,2951000.0,,,-32323000.0,73629000.0,,73179000.0,29000000.0,
2011-09-30,53845000.0,28694000.0,25151000.0,21515000.0,36203000.0,57718000.0,-32567000.0,,,,-32495000.0,,,,,17523000.0,79794000.0,,6455000.0,,,,115232000.0,,12524000.0,,,98000.0,128793000.0,,,1737000.0,14743000.0,,,,985000.0,15728000.0,-378873000.0,-94000.0,,128793000.0,2696000.0,9933000.0,,2332000.0,-1657000.0,,,,-1787000.0,,-18556000.0,78044000.0,,39576000.0,,,4457000.0,,,-42925000.0,74662000.0,,74137000.0,12634000.0,
2011-12-31,76266000.0,40422000.0,35844000.0,30747000.0,49940000.0,80687000.0,-44843000.0,,,-32000.0,-44746000.0,,,,,2553000.0,79358000.0,,8171000.0,0.0,,,104410000.0,,15019000.0,,,107000.0,120475000.0,,,1591000.0,14741000.0,281000.0,,,963000.0,15985000.0,-391124000.0,-80000.0,,120475000.0,3759000.0,13513000.0,,5876000.0,59000.0,,,,-1652000.0,,-30126000.0,102655000.0,,64286000.0,,,8006000.0,,,-46371000.0,74709000.0,,74184000.0,-2336000.0,
2012-03-31,20095000.0,10708000.0,9387000.0,9715000.0,15069000.0,24784000.0,-15397000.0,,-15372000.0,-1308000.0,-14064000.0,,,,,5119000.0,65065000.0,,8044000.0,,,,92822000.0,,16206000.0,3162000.0,4610000.0,123000.0,117962000.0,,,1845000.0,16076000.0,834000.0,,,1501000.0,18411000.0,-405188000.0,-103000.0,,117962000.0,1182000.0,4146000.0,,-4000.0,-127000.0,,,,807000.0,,-10164000.0,26618000.0,,40569000.0,,,2320000.0,,,11631000.0,1120000.0,,1120000.0,2566000.0,
2012-06-30,43545000.0,22915000.0,20630000.0,20213000.0,30463000.0,50676000.0,-30046000.0,,-29999000.0,-1244000.0,-28755000.0,,,,,5985000.0,55203000.0,,7378000.0,,,,83993000.0,,17768000.0,3162000.0,4462000.0,98000.0,110522000.0,,,1499000.0,16961000.0,702000.0,,,1551000.0,19214000.0,-419879000.0,-88000.0,,110522000.0,2650000.0,8979000.0,,353000.0,-793000.0,,,,329000.0,,-16493000.0,42283000.0,,,,,5202000.0,,,18353000.0,1572000.0,,1572000.0,3432000.0,
2012-09-30,66634000.0,37602000.0,29032000.0,30795000.0,45605000.0,76400000.0,-47368000.0,,-47305000.0,-1287000.0,-46018000.0,,,,,4744000.0,48641000.0,,7141000.0,,,,75571000.0,,18613000.0,3162000.0,4313000.0,98000.0,102796000.0,,,1222000.0,20404000.0,569000.0,,,1570000.0,22543000.0,-437142000.0,-93000.0,,102796000.0,4849000.0,13858000.0,,-190000.0,-1030000.0,,,,-81000.0,,-22543000.0,56282000.0,,,,,8096000.0,,,21847000.0,2906000.0,,2906000.0,2191000.0,
2012-12-31,99900000.0,53300000.0,46600000.0,39500000.0,62800000.0,102300000.0,-55700000.0,,-55800000.0,-1300000.0,-54500000.0,,,,,8100000.0,40600000.0,,7400000.0,-100000.0,,,77600000.0,,18900000.0,3200000.0,4200000.0,1100000.0,106000000.0,,,1400000.0,19500000.0,600000.0,,,2100000.0,29000000.0,-445600000.0,-100000.0,,106000000.0,6600000.0,18400000.0,,7000000.0,-700000.0,,,,100000.0,,-33100000.0,66400000.0,,,,,9500000.0,,,28400000.0,3600000.0,,10200000.0,5500000.0,
2013-03-31,29600000.0,13100000.0,16500000.0,9300000.0,18100000.0,27400000.0,-10900000.0,,-11100000.0,0.0,-11100000.0,,,,,18900000.0,26400000.0,,7500000.0,,,,71300000.0,,18300000.0,3200000.0,4000000.0,1000000.0,98800000.0,,,800000.0,16200000.0,0.0,,,2700000.0,25200000.0,-456700000.0,-100000.0,,98800000.0,1800000.0,5000000.0,,-3200000.0,100000.0,,,,-1100000.0,,-4500000.0,4900000.0,,,,,1400000.0,,,12600000.0,2700000.0,,2700000.0,10800000.0,
2013-06-30,65400000.0,27000000.0,38400000.0,20400000.0,38800000.0,59200000.0,-20800000.0,,-21200000.0,0.0,-21200000.0,,,,,28200000.0,18200000.0,,7300000.0,,,,74200000.0,,19100000.0,3200000.0,3900000.0,900000.0,102300000.0,,,700000.0,21100000.0,0.0,,,3100000.0,30000000.0,-466800000.0,-100000.0,,102300000.0,3400000.0,11400000.0,,-1800000.0,-200000.0,,,,-1300000.0,,-3600000.0,8900000.0,,,,,3400000.0,,,18700000.0,5000000.0,,5000000.0,20100000.0,
2013-09-30,108300000.0,42300000.0,66000000.0,32200000.0,60400000.0,92600000.0,-26600000.0,,-27200000.0,0.0,-27200000.0,,,,,33400000.0,14200000.0,,10000000.0,,,,81700000.0,,19700000.0,3200000.0,3700000.0,800000.0,110100000.0,,,600000.0,27400000.0,0.0,,,2800000.0,35400000.0,-472800000.0,-100000.0,,110100000.0,5100000.0,18000000.0,,2000000.0,2500000.0,,,,-1400000.0,,-2000000.0,12400000.0,,,,,5600000.0,,,20400000.0,6900000.0,,6900000.0,25300000.0,
2013-12-31,160000000.0,59900000.0,100100000.0,44800000.0,84200000.0,129000000.0,-28900000.0,,-29800000.0,0.0,-29800000.0,,,,,43200000.0,11400000.0,,9000000.0,-100000.0,,,93100000.0,,20700000.0,3200000.0,3600000.0,900000.0,122500000.0,,,700000.0,32100000.0,0.0,,,1700000.0,38400000.0,-475400000.0,-100000.0,,122500000.0,7000000.0,24600000.0,,6500000.0,1600000.0,,,,-1200000.0,,2400000.0,16300000.0,,,,,7900000.0,,,20900000.0,12000000.0,,11800000.0,35100000.0,
2014-03-31,47100000.0,17300000.0,29800000.0,14500000.0,27600000.0,42100000.0,-12300000.0,,,,-12500000.0,,,,,45700000.0,11700000.0,,8900000.0,,,,93600000.0,,22900000.0,3200000.0,3400000.0,800000.0,124900000.0,,,600000.0,29700000.0,,,,1100000.0,34900000.0,-487900000.0,-100000.0,,124900000.0,1900000.0,8700000.0,,-2200000.0,-200000.0,,,,-100000.0,,-2400000.0,3000000.0,,,,,3900000.0,,,-4300000.0,9700000.0,,9200000.0,2500000.0,
2014-06-30,105900000.0,36200000.0,69700000.0,29300000.0,58500000.0,87800000.0,-18100000.0,,,,-18500000.0,,,75000000.0,75300000.0,49500000.0,11800000.0,,11600000.0,,,,105500000.0,,26000000.0,3200000.0,3300000.0,700000.0,139700000.0,,,300000.0,35600000.0,,,,1000000.0,40100000.0,-493900000.0,-200000.0,,139700000.0,3800000.0,21900000.0,,2500000.0,2600000.0,,,,-400000.0,,3800000.0,6400000.0,,,,,7900000.0,,,-8300000.0,11900000.0,,10800000.0,6300000.0,
2014-09-30,174900000.0,58000000.0,116900000.0,47800000.0,92200000.0,140000000.0,-23100000.0,,,,-23700000.0,,,75800000.0,76100000.0,63200000.0,11700000.0,,14300000.0,,,,123400000.0,,28000000.0,3200000.0,3100000.0,700000.0,159400000.0,,,600000.0,40600000.0,,,,900000.0,44400000.0,-499100000.0,-100000.0,,159400000.0,6000000.0,35700000.0,,5300000.0,5300000.0,,,,-100000.0,,15200000.0,10300000.0,,,,,11600000.0,,,-12100000.0,18500000.0,,16900000.0,20000000.0,
2014-12-31,259200000.0,82900000.0,176300000.0,69400000.0,128400000.0,197800000.0,-21500000.0,,-22300000.0,100000.0,-22400000.0,,,,,71800000.0,11800000.0,,16000000.0,-100000.0,,,145900000.0,,31200000.0,3200000.0,2700000.0,600000.0,184600000.0,,,700000.0,40600000.0,,,,1500000.0,44400000.0,-497800000.0,-100000.0,,184600000.0,8400000.0,50000000.0,,16300000.0,7000000.0,,,,0.0,,23600000.0,13800000.0,,,,,16200000.0,,,-16800000.0,24000000.0,,21800000.0,28600000.0,
2015-03-31,72800000.0,26300000.0,46500000.0,19800000.0,39400000.0,59200000.0,-12700000.0,,,,-12900000.0,,,77800000.0,,54200000.0,29600000.0,,18400000.0,,,,146200000.0,,35700000.0,3200000.0,2600000.0,600000.0,189300000.0,,,1300000.0,37000000.0,,,,2000000.0,40700000.0,-510700000.0,-300000.0,,189300000.0,2400000.0,15900000.0,,-2200000.0,2400000.0,,,,600000.0,,3400000.0,22600000.0,,,,,8000000.0,,,-25900000.0,5500000.0,,4900000.0,-17600000.0,
2015-06-30,166000000.0,53500000.0,112500000.0,44200000.0,84600000.0,128800000.0,-16300000.0,,,,-16600000.0,,,79600000.0,79600000.0,67700000.0,29800000.0,,22400000.0,,,,170400000.0,,40600000.0,3700000.0,2500000.0,500000.0,218400000.0,,,800000.0,44200000.0,,,,2400000.0,47700000.0,-514400000.0,-300000.0,,218400000.0,5000000.0,36600000.0,,3100000.0,6400000.0,,,,100000.0,,19800000.0,27500000.0,,,,500000.0,14300000.0,,,-33100000.0,10400000.0,,9200000.0,-4100000.0,
2015-09-30,271200000.0,84000000.0,187200000.0,109000000.0,136900000.0,245900000.0,-58700000.0,,,,-59100000.0,,,80500000.0,80500000.0,85300000.0,28000000.0,,30600000.0,,,,203700000.0,,46600000.0,3700000.0,2400000.0,300000.0,256700000.0,,,1600000.0,58800000.0,,,,4200000.0,63400000.0,-556900000.0,-300000.0,,256700000.0,7700000.0,59200000.0,,13400000.0,14600000.0,,,,900000.0,,37700000.0,35400000.0,,,,500000.0,21700000.0,,,-38800000.0,16300000.0,,14600000.0,13500000.0,
2015-12-31,402000000.0,123600000.0,278400000.0,137500000.0,198000000.0,335500000.0,-57100000.0,,-57500000.0,100000.0,-57600000.0,,,,,86100000.0,29100000.0,74100000.0,35200000.0,,,,231300000.0,,54700000.0,3700000.0,2200000.0,100000.0,292000000.0,,,800000.0,66900000.0,,,,3900000.0,70800000.0,-555400000.0,-300000.0,,292000000.0,10800000.0,82700000.0,,31700000.0,19200000.0,,,,100000.0,,49000000.0,45200000.0,,,,500000.0,33300000.0,,,-51500000.0,19100000.0,,16800000.0,14300000.0,
2016-03-31,,,75100000.0,32200000.0,62100000.0,94300000.0,-19200000.0,,,,-19200000.0,,,82100000.0,,77900000.0,24800000.0,67300000.0,46100000.0,,,,227400000.0,3800000.0,65900000.0,3700000.0,2000000.0,400000.0,299400000.0,,,600000.0,64100000.0,,,,4100000.0,68200000.0,-574600000.0,-300000.0,,299400000.0,3400000.0,25100000.0,,-6800000.0,10900000.0,,,,-200000.0,,-200000.0,10800000.0,,,,,11500000.0,,,-11200000.0,3800000.0,,3200000.0,-8200000.0,
2016-06-30,253500000.0,,160600000.0,68500000.0,131400000.0,199900000.0,-39300000.0,,-39300000.0,100000.0,-39400000.0,,,,,87500000.0,27000000.0,73800000.0,42900000.0,,,,241000000.0,1100000.0,77000000.0,11800000.0,1800000.0,1200000.0,332800000.0,,,700000.0,73900000.0,,,,12500000.0,86400000.0,-594800000.0,-700000.0,,332800000.0,7300000.0,52700000.0,,-800000.0,7200000.0,,,,-200000.0,,19900000.0,20900000.0,,,,,22000000.0,,,-20800000.0,4800000.0,,2500000.0,1400000.0,
2016-09-30,402100000.0,,261700000.0,112400000.0,207100000.0,319500000.0,-57800000.0,,-57900000.0,300000.0,-58200000.0,,,,,97700000.0,25100000.0,76800000.0,44700000.0,,,,258600000.0,4500000.0,88400000.0,11800000.0,1600000.0,1500000.0,361900000.0,,,500000.0,86100000.0,,,,14000000.0,100100000.0,-613600000.0,-700000.0,,361900000.0,11400000.0,81700000.0,,2200000.0,8900000.0,,,,-300000.0,,42900000.0,30100000.0,,,,,38100000.0,,,-38600000.0,9900000.0,,7600000.0,11600000.0,
2016-12-31,573300000.0,194900000.0,378400000.0,156100000.0,286200000.0,442300000.0,-63900000.0,,-64900000.0,700000.0,-65600000.0,,,,,94500000.0,23300000.0,101700000.0,45400000.0,100000.0,,,280000000.0,5900000.0,109400000.0,11300000.0,200000.0,1900000.0,402800000.0,,,900000.0,102400000.0,,,,16600000.0,119000000.0,-621000000.0,-1000000.0,,402800000.0,15000000.0,110800000.0,-200000.0,27200000.0,9800000.0,,,,100000.0,,56200000.0,39200000.0,,,,,55700000.0,,,-55900000.0,10400000.0,,8100000.0,8400000.0,
2017-03-31,142300000.0,,94100000.0,48100000.0,86400000.0,134500000.0,-40400000.0,,-40300000.0,1400000.0,-41700000.0,,,,,153500000.0,25800000.0,85900000.0,46500000.0,,,,330500000.0,1800000.0,123400000.0,11400000.0,,1900000.0,467200000.0,,,1200000.0,171700000.0,,,,17700000.0,189400000.0,-663300000.0,-1300000.0,,467200000.0,3700000.0,30600000.0,,-15800000.0,1000000.0,,,,200000.0,,300000.0,7400000.0,,,,,22900000.0,,,-21400000.0,5300000.0,,80300000.0,59000000.0,
2017-06-30,312900000.0,,211600000.0,93400000.0,172200000.0,265600000.0,-54000000.0,,-54700000.0,-17300000.0,-38800000.0,,,86400000.0,87400000.0,395900000.0,83500000.0,101700000.0,42800000.0,,,,656800000.0,17200000.0,125000000.0,11900000.0,,1900000.0,795600000.0,,,1500000.0,105100000.0,,,,16300000.0,441900000.0,-660400000.0,-1600000.0,,795600000.0,7600000.0,55900000.0,17100000.0,-500000.0,-2800000.0,,,,500000.0,,14600000.0,91400000.0,,,,,34900000.0,,,-106700000.0,5700000.0,,394700000.0,301400000.0,
2017-09-30,497500000.0,,338600000.0,136700000.0,256400000.0,393100000.0,-54500000.0,,-57200000.0,-16400000.0,-40800000.0,,,,,402100000.0,103900000.0,110500000.0,43300000.0,,,,692900000.0,19800000.0,136100000.0,12000000.0,,1900000.0,842900000.0,,,2300000.0,118200000.0,,,,16700000.0,458900000.0,-662400000.0,-2200000.0,,842900000.0,11900000.0,81300000.0,-18200000.0,8200000.0,-2200000.0,,,,1400000.0,,50800000.0,141900000.0,,,,,48400000.0,,,-143300000.0,10000000.0,,399000000.0,307600000.0,
2017-12-31,718500000.0,,492100000.0,185400000.0,349200000.0,534600000.0,-42500000.0,,-48600000.0,1600000.0,-50200000.0,,,,,441500000.0,92700000.0,134300000.0,45200000.0,100000.0,,,744700000.0,14400000.0,145600000.0,12100000.0,,1700000.0,904100000.0,,,3200000.0,138900000.0,,,,18200000.0,484700000.0,-671800000.0,-2600000.0,,904100000.0,16100000.0,106200000.0,0.0,31800000.0,-400000.0,,,,2200000.0,,92000000.0,171800000.0,,,,,66000000.0,,,-144400000.0,10100000.0,,399100000.0,347000000.0,
2018-03-31,184400000.0,,118900000.0,44800000.0,104800000.0,149600000.0,-30700000.0,,-24000000.0,200000.0,-24200000.0,,,,,420400000.0,99600000.0,123900000.0,51600000.0,,,,729300000.0,1500000.0,152400000.0,12300000.0,,2800000.0,896800000.0,,,2900000.0,125100000.0,,,,18700000.0,475100000.0,-696000000.0,-4900000.0,,896800000.0,6000000.0,24600000.0,,-10700000.0,6400000.0,,,,-300000.0,,-8700000.0,32000000.0,,,1000000.0,,15300000.0,,,-15400000.0,4200000.0,,4200000.0,-20800000.0,
2018-06-30,426900000.0,,272500000.0,92000000.0,216100000.0,308100000.0,-35600000.0,,29600000.0,-600000.0,30200000.0,0.34,0.34,88200000.0,89400000.0,300200000.0,249800000.0,162000000.0,46200000.0,,,,836000000.0,1000000.0,156800000.0,11900000.0,,2800000.0,1007500000.0,,,6800000.0,170800000.0,,,,19600000.0,525400000.0,-665800000.0,-1300000.0,,1007500000.0,12700000.0,50200000.0,0.0,28100000.0,1000000.0,,,,3600000.0,,32700000.0,224100000.0,,,1000000.0,,25600000.0,,,-175300000.0,5200000.0,,3400000.0,-141000000.0,
2018-09-30,693600000.0,,441100000.0,142100000.0,320700000.0,462800000.0,-21700000.0,,50400000.0,-2200000.0,52600000.0,0.6,0.59,88500000.0,90300000.0,367400000.0,258500000.0,169800000.0,55200000.0,,,,914100000.0,,169600000.0,18400000.0,,12200000.0,1114300000.0,,,3500000.0,193900000.0,,,,19400000.0,552100000.0,-619200000.0,-300000.0,,1114300000.0,20500000.0,77300000.0,0.0,36200000.0,10000000.0,,,,300000.0,,89500000.0,340000000.0,,,1000000.0,11300000.0,49400000.0,,,-170700000.0,10600000.0,,8800000.0,-73800000.0,
2018-12-31,1031600000.0,367700000.0,663900000.0,199700000.0,432800000.0,850200000.0,-186300000.0,,-126500000.0,600000.0,-127100000.0,,,,,1137000000.0,92700000.0,226700000.0,70700000.0,4000000.0,,,1699500000.0,14400000.0,183100000.0,18700000.0,,14700000.0,1916000000.0,,,2900000.0,222400000.0,,,,20000000.0,1252700000.0,-798900000.0,1500000.0,,1916000000.0,29100000.0,101900000.0,-2200000.0,93200000.0,25500000.0,,,,,,123200000.0,452500000.0,,,1000000.0,11300000.0,67100000.0,,,-139800000.0,10800000.0,,710400000.0,695600000.0,
2019-03-31,280500000.0,111700000.0,168800000.0,59000000.0,124200000.0,183200000.0,-14400000.0,,-26600000.0,300000.0,-26900000.0,,,,,1285100000.0,,204700000.0,101100000.0,,,,1690800000.0,,221400000.0,18600000.0,,15500000.0,1974000000.0,,,2700000.0,235400000.0,,,,18100000.0,1305400000.0,-823700000.0,1600000.0,,1974000000.0,9900000.0,25000000.0,,-21500000.0,30400000.0,,,,,,11800000.0,50700000.0,,,1200000.0,,39300000.0,,,131300000.0,5000000.0,,4900000.0,148600000.0,
2019-06-30,616900000.0,241600000.0,375300000.0,128000000.0,262500000.0,390500000.0,-15200000.0,,-35900000.0,1500000.0,-37400000.0,-0.41,-0.41,91100000.0,91100000.0,709200000.0,,217300000.0,117900000.0,,,,1744200000.0,,253200000.0,18700000.0,,14000000.0,2065900000.0,,,3500000.0,288200000.0,,,,17500000.0,1377600000.0,-834200000.0,2000000.0,,2065900000.0,21500000.0,54700000.0,,-9200000.0,47200000.0,,,,,,76300000.0,934500000.0,,,1200000.0,,86200000.0,,,-508100000.0,5100000.0,,4800000.0,-427300000.0,
2019-09-30,1013200000.0,391000000.0,622200000.0,194700000.0,386700000.0,581400000.0,56000000.0,,45800000.0,1500000.0,45800000.0,0.5,0.5,91300000.0,92500000.0,395600000.0,,234900000.0,120400000.0,,,,1815700000.0,,301000000.0,18400000.0,,16000000.0,2185700000.0,,,4300000.0,322400000.0,,,,17600000.0,1421400000.0,-788400000.0,1000000.0,,2185700000.0,34400000.0,79100000.0,,9200000.0,49700000.0,,,,,,170800000.0,1556800000.0,,,1200000.0,0.0,135900000.0,,,-920900000.0,11900000.0,,10800000.0,-741000000.0,
2019-12-31,1476000000.0,544500000.0,931500000.0,273500000.0,515700000.0,789200000.0,142300000.0,,104200000.0,3100000.0,101100000.0,1.11,1.1,91100000.0,92300000.0,446200000.0,,286300000.0,119800000.0,19500000.0,,,1969400000.0,,321300000.0,18600000.0,,14200000.0,2395000000.0,,,1700000.0,360200000.0,,,,20100000.0,1512400000.0,-695700000.0,2300000.0,,2395000000.0,48700000.0,102700000.0,200000.0,60000000.0,49100000.0,,,,,,314500000.0,2030400000.0,,,1200000.0,0.0,180000000.0,,,-1015200000.0,11900000.0,,10700000.0,-690700000.0,
2020-03-31,405100000.0,148600000.0,256500000.0,73100000.0,149800000.0,222900000.0,33600000.0,,22400000.0,2500000.0,19900000.0,0.22,0.21,91800000.0,94100000.0,584600000.0,,300700000.0,141900000.0,,,,1995700000.0,,346100000.0,18600000.0,,13700000.0,2447900000.0,,,1800000.0,342800000.0,,,,20900000.0,1513400000.0,-675800000.0,3700000.0,,2447900000.0,13000000.0,23900000.0,,14700000.0,22200000.0,,,,,,1900000.0,365800000.0,,,0.0,,33200000.0,,400000.0,130600000.0,6700000.0,,6500000.0,138500000.0,
2020-06-30,856900000.0,316300000.0,540600000.0,153000000.0,286200000.0,439200000.0,101400000.0,,68600000.0,2400000.0,66200000.0,0.71,0.69,93800000.0,97000000.0,530000000.0,,296500000.0,165300000.0,,,,3033000000.0,,384300000.0,18700000.0,,14200000.0,3521800000.0,,,1700000.0,400100000.0,,,,35300000.0,2167900000.0,-629500000.0,3500000.0,,3521800000.0,28300000.0,54600000.0,,10400000.0,45500000.0,,,,,,156000000.0,1740000000.0,,,,,91400000.0,,2800000.0,-984700000.0,6700000.0,,912500000.0,83600000.0,
2020-09-30,1357800000.0,476800000.0,881000000.0,240700000.0,444800000.0,685500000.0,195500000.0,,143700000.0,5300000.0,138400000.0,1.48,1.43,95800000.0,99500000.0,673500000.0,,370000000.0,200700000.0,,,,3237100000.0,,461800000.0,19000000.0,,21000000.0,3833200000.0,,,1500000.0,506400000.0,,,,78500000.0,2333900000.0,-557300000.0,2800000.0,,3833200000.0,46700000.0,85300000.0,,83800000.0,80900000.0,,,,,,303600000.0,2143100000.0,,,,,138800000.0,,10600000.0,-994000000.0,15300000.0,,917000000.0,227400000.0,
2020-12-31,1926700000.0,646600000.0,1280100000.0,359900000.0,620700000.0,980600000.0,299500000.0,,225000000.0,-268600000.0,493600000.0,5.23,5.06,94400000.0,97500000.0,817600000.0,,428500000.0,234700000.0,216400000.0,,,3424800000.0,,515300000.0,19300000.0,,21400000.0,4290500000.0,,,2200000.0,614100000.0,,,,80900000.0,2464000000.0,-202100000.0,3200000.0,,4290500000.0,67100000.0,119400000.0,-277300000.0,142300000.0,114500000.0,,,,,,475600000.0,3058200000.0,,,,0.0,199000000.0,,11300000.0,-1018000000.0,15300000.0,,912100000.0,371800000.0,
2021-03-31,505000000.0,161100000.0,343900000.0,109400000.0,188600000.0,298000000.0,45900000.0,,21200000.0,-19100000.0,40300000.0,0.42,0.41,96300000.0,99400000.0,733800000.0,,443400000.0,289700000.0,,,,3445100000.0,,589900000.0,18900000.0,,20400000.0,4389800000.0,,,1900000.0,604100000.0,,,,82400000.0,2486600000.0,-161800000.0,2900000.0,,4389800000.0,20900000.0,28000000.0,-300000.0,14900000.0,55000000.0,,,,,,27800000.0,802000000.0,,,,,99700000.0,,500000.0,-112200000.0,8700000.0,,800000.0,-84000000.0,
2021-06-30,1100100000.0,339100000.0,761000000.0,238500000.0,375600000.0,614100000.0,146900000.0,,97900000.0,13800000.0,103200000.0,1.07,1.04,96700000.0,99600000.0,1158800000.0,,483500000.0,319300000.0,,,,3474200000.0,,676000000.0,19100000.0,,23300000.0,4503800000.0,,,1800000.0,600700000.0,,,,87700000.0,2506200000.0,-98900000.0,2800000.0,,4503800000.0,44400000.0,59600000.0,100000.0,54900000.0,84500000.0,,,,,,89400000.0,1171900000.0,,,,,200900000.0,,4500000.0,251000000.0,8700000.0,,400000.0,340900000.0,
2021-09-30,1750300000.0,542400000.0,1207900000.0,367300000.0,575400000.0,942700000.0,265200000.0,,188600000.0,19800000.0,174100000.0,1.8,1.74,96900000.0,100500000.0,1444300000.0,1083700000.0,529100000.0,351300000.0,,,,3656200000.0,169900000.0,742200000.0,23900000.0,,,4775900000.0,,,2300000.0,734900000.0,,,,98500000.0,2639800000.0,-28000000.0,1400000.0,,4775900000.0,69900000.0,87100000.0,200000.0,90600000.0,106200000.0,,,,,,336700000.0,1540200000.0,,,,31600000.0,309000000.0,,4500000.0,280000000.0,20300000.0,,11200000.0,627000000.0,
2021-12-31,2448500000.0,768000000.0,1680500000.0,517100000.0,810500000.0,1414700000.0,265800000.0,,173900000.0,19200000.0,154700000.0,1.6,1.55,96700000.0,100100000.0,1052600000.0,1360000000.0,514300000.0,357300000.0,214900000.0,,,3684400000.0,320700000.0,801800000.0,26500000.0,,42000000.0,4863600000.0,,,2100000.0,720800000.0,,,,90000000.0,2612100000.0,-47400000.0,500000.0,2251500000.0,4863600000.0,102000000.0,113400000.0,-4900000.0,75500000.0,112200000.0,,,,,,442500000.0,2473100000.0,,,,30200000.0,389200000.0,,-10100000.0,-216100000.0,20300000.0,,10400000.0,235400000.0,
2022-03-31,628800000.0,230700000.0,398100000.0,135900000.0,220900000.0,356800000.0,41300000.0,,36100000.0,-61200000.0,97300000.0,1.0,0.93,97200000.0,107200000.0,716000000.0,1873000000.0,544500000.0,342200000.0,,,,3746600000.0,99200000.0,856500000.0,26600000.0,31400000.0,22800000.0,5057000000.0,,,2700000.0,711400000.0,,,,97100000.0,2867700000.0,236000000.0,-6100000.0,2189300000.0,5057000000.0,36800000.0,29100000.0,100000.0,30100000.0,-15600000.0,,,,,,71000000.0,546500000.0,,,,3200000.0,101600000.0,,2300000.0,-411800000.0,10100000.0,,5300000.0,-336500000.0,
2022-06-30,1325000000.0,477400000.0,847600000.0,257600000.0,467800000.0,729300000.0,118300000.0,,111400000.0,-36800000.0,148200000.0,0.38,0.36,392500000.0,429100000.0,735400000.0,2019400000.0,560800000.0,339500000.0,,,34700000.0,3808700000.0,,942900000.0,25600000.0,28000000.0,24800000.0,5217400000.0,,,2700000.0,807000000.0,,,,99500000.0,2961500000.0,286900000.0,-23000000.0,2255900000.0,5217400000.0,80400000.0,61700000.0,-19800000.0,47100000.0,-16700000.0,,,,,,243800000.0,1143700000.0,,,,3200000.0,193100000.0,,2300000.0,-556700000.0,10100000.0,,1000000.0,-317200000.0,
2022-09-30,2094600000.0,752800000.0,1341800000.0,367900000.0,702400000.0,1076000000.0,265800000.0,,257600000.0,45000000.0,249400000.0,0.64,0.6,390400000.0,428000000.0,698100000.0,1670000000.0,564100000.0,311000000.0,,,28000000.0,3398500000.0,,1002500000.0,24700000.0,24400000.0,33700000.0,4899200000.0,,,2700000.0,900500000.0,,,,123300000.0,3074700000.0,388100000.0,-41100000.0,1824500000.0,4899200000.0,119600000.0,92500000.0,-53600000.0,51600000.0,-43600000.0,,,,,,537000000.0,1397700000.0,,,,3900000.0,301300000.0,,12300000.0,-327400000.0,22500000.0,,-551500000.0,-354500000.0,
2022-12-31,2909800000.0,1026700000.0,1883100000.0,484200000.0,1000200000.0,1491900000.0,391200000.0,,390800000.0,49600000.0,341200000.0,0.88,0.82,389400000.0,427500000.0,642300000.0,1810000000.0,713300000.0,306700000.0,336300000.0,,37000000.0,3668800000.0,,,25700000.0,173300000.0,47100000.0,5391700000.0,,,10100000.0,1839300000.0,,,,128300000.0,3259900000.0,479900000.0,-11600000.0,2131800000.0,5391700000.0,155900000.0,126500000.0,-21600000.0,199900000.0,-49300000.0,,,,,,669500000.0,2266300000.0,,,,3900000.0,364800000.0,,14300000.0,-521500000.0,22500000.0,,-552500000.0,-410300000.0,
2023-03-31,741500000.0,278900000.0,462600000.0,119000000.0,294600000.0,415400000.0,47200000.0,,64500000.0,15900000.0,48600000.0,0.13,0.12,386700000.0,418500000.0,623200000.0,1940000000.0,636800000.0,366000000.0,,,43200000.0,3767400000.0,,1075500000.0,25700000.0,163600000.0,56600000.0,5515900000.0,,,9600000.0,1865000000.0,,,,129700000.0,3282900000.0,528500000.0,-6500000.0,2233000000.0,5515900000.0,41600000.0,35200000.0,-9300000.0,-76600000.0,59600000.0,,,,,,155400000.0,809600000.0,,,,0.0,74700000.0,,0.0,-186700000.0,12300000.0,,11200000.0,-19000000.0,
2023-06-30,1612800000.0,603800000.0,1009000000.0,238300000.0,591900000.0,833700000.0,175300000.0,,223800000.0,59300000.0,164500000.0,0.43,0.4,386700000.0,431500000.0,1194900000.0,2440000000.0,750600000.0,421100000.0,,,57900000.0,5002900000.0,,,25800000.0,154200000.0,66900000.0,6820700000.0,,,9000000.0,2069700000.0,,,,133100000.0,4720300000.0,644400000.0,-29300000.0,2100400000.0,6820700000.0,85300000.0,74900000.0,-51500000.0,37100000.0,115000000.0,,,,,,345700000.0,2149900000.0,,,,0.0,133700000.0,,16000000.0,-742600000.0,12300000.0,,950700000.0,552700000.0,
2023-09-30,2587800000.0,955500000.0,1632300000.0,369700000.0,876600000.0,1251500000.0,380800000.0,,464200000.0,179000000.0,285200000.0,0.74,0.69,386700000.0,428300000.0,643700000.0,2600000000.0,785700000.0,498600000.0,,,40600000.0,4698400000.0,,,25300000.0,144500000.0,74400000.0,6596200000.0,,,9000000.0,1678600000.0,,,,133900000.0,4328300000.0,765100000.0,-35600000.0,2267900000.0,6596200000.0,133500000.0,113900000.0,-136500000.0,72900000.0,193600000.0,,,,,,614900000.0,2947900000.0,,,,0.0,184100000.0,,18500000.0,-922100000.0,26600000.0,,313300000.0,1500000.0,
2023-12-31,3622300000.0,1333400000.0,2288900000.0,505800000.0,1185400000.0,1691200000.0,597700000.0,,710400000.0,168900000.0,541500000.0,1.4,1.3,386000000.0,425500000.0,566300000.0,2160000000.0,973900000.0,559600000.0,416600000.0,,49300000.0,4425900000.0,,,25200000.0,134500000.0,75000000.0,6264500000.0,,,18400000.0,1556000000.0,,,,125600000.0,4195900000.0,1021400000.0,-16700000.0,2068600000.0,6264500000.0,186000000.0,150800000.0,-55000000.0,260100000.0,252600000.0,,,,,,748500000.0,3200400000.0,,,,0.0,236600000.0,,17600000.0,-507200000.0,26600000.0,,-318600000.0,-75800000.0,
2024-03-31,921000000.0,359100000.0,561900000.0,141500000.0,319300000.0,460800000.0,101100000.0,,132500000.0,-13900000.0,146400000.0,0.38,0.36,390200000.0,416700000.0,851200000.0,1770000000.0,978600000.0,589100000.0,,,40400000.0,4620700000.0,275600000.0,,23200000.0,123300000.0,77700000.0,6482200000.0,,,16400000.0,1594200000.0,,,,129400000.0,4235400000.0,1167800000.0,-37300000.0,2246800000.0,6482200000.0,52500000.0,39000000.0,-41800000.0,5800000.0,36700000.0,,,,,,209200000.0,992400000.0,,,,,56900000.0,,-2300000.0,74800000.0,13400000.0,,4700000.0,284900000.0,
2024-06-30,1925300000.0,736700000.0,1188600000.0,277500000.0,652000000.0,929500000.0,259100000.0,,320300000.0,44300000.0,289900000.0,0.73,0.71,399200000.0,416900000.0,939200000.0,2030000000.0,945200000.0,570300000.0,,,48400000.0,4848400000.0,156400000.0,,23300000.0,114500000.0,82900000.0,6799200000.0,,,14700000.0,1722200000.0,,,,128100000.0,4364900000.0,1311300000.0,-38000000.0,2434300000.0,6799200000.0,104600000.0,83700000.0,-56500000.0,-28000000.0,18400000.0,,,,,,488600000.0,1776600000.0,,,,,123000000.0,,3100000.0,-114100000.0,13400000.0,,3300000.0,373000000.0,
2024-09-30,2919500000.0,1137100000.0,1782400000.0,412900000.0,958400000.0,1371300000.0,411100000.0,,497700000.0,73200000.0,424500000.0,1.08,1.04,394600000.0,414700000.0,621200000.0,1650000000.0,1002000000.0,586300000.0,,,47600000.0,4262800000.0,217300000.0,,23800000.0,106200000.0,88200000.0,6353800000.0,,,13900000.0,1734500000.0,,,,129600000.0,4374800000.0,1445900000.0,63400000.0,1979000000.0,6353800000.0,159900000.0,127100000.0,-68100000.0,27600000.0,20300000.0,,,,,,688100000.0,2083500000.0,,,,,234200000.0,,5300000.0,96200000.0,28200000.0,,-733200000.0,54900000.0,
,,,,,,,,,,,,,,,,,,,,,,,,,,,,,,,,,,,,,,,,,,,,,,,,,,,,,,,,,,,,,,,,,,,
,,,,,,,,,,,,,,,,,,,,,,,,,,,,,,,,,,,,,,,,,,,,,,,,,,,,,,,,,,,,,,,,,,,
,,,,,,,,,,,,,,,,,,,,,,,,,,,,,,,,,,,,,,,,,,,,,,,,,,,,,,,,,,,,,,,,,,,
,,,,,,,,,,,,,,,,,,,,,,,,,,,,,,,,,,,,,,,,,,,,,,,,,,,,,,,,,,,,,,,,,,,
,,,,,,,,,,,,,,,,,,,,,,,,,,,,,,,,,,,,,,,,,,,,,,,,,,,,,,,,,,,,,,,,,,,
,,,,,,,,,,,,,,,,,,,,,,,,,,,,,,,,,,,,,,,,,,,,,,,,,,,,,,,,,,,,,,,,,,,
