Date,Net sales,Cost of sales,Gross margin,Research and development,"Selling, general and administrative",Total operating expenses,Operating income,"Other income/(expense), net",Income before provision for income taxes,Provision for income taxes,Net income,Earnings per share basic,Earnings per share diluted,Weighted-average basic,Weighted-average diluted,Cash and cash equivalents,Short-term marketable securities,"Accounts receivable, net",Inventories,Deferred tax assets,Vendor non-trade receivables,Other current assets,Total current assets,Long-term marketable securities,"Property, Plant and Equipment, Net",Goodwill,"Acquired intangible assets, net","Other Assets, Noncurrent",Total assets,accounts payable,Accrued expenses,Deferred revenue,Total current liabilities,Deferred revenue - non-current,deferred tax liabilities,long term taxes payable,Total other non-current liabilities,Total liabilities,Retained Earnings (Accumulated Deficit),Accumulated other comprehensive (loss)/income,Total shareholders equity,Total liabilities and shareholders' equity,"Depreciation, amortization and accretion",Stock-based compensation expense,Deferred income tax expense,"Increase (Decrease) in Accounts receivable, net",Increase (Decrease) in Inventories,Increase (Decrease) in Other Receivables,Increase (Decrease) in Other Operating Assets,Increase (Decrease) in Accounts Payable,Increase (Decrease) in Deferred Revenue,Increase (Decrease) Other liabilities,Cash generated by operating activities,Purchases of marketable securities,Proceeds from maturities of marketable securities,Proceeds from sales of marketable securities,Purchases of other long-term investments,"Business acquisitions, net of cash acquired",Cash payments for capital asset purchases,Payments for acquisition of intangible assets,Payments for (Proceeds from) Other Investing Activities,Cash used in investing activities,Proceeds from issuance of common stock,Excess tax benefits from stock-based compensation,Cash generated/used in financing activities,Increase/(decrease) in cash and cash equivalents,"Cash paid for income taxes, net"
2009-12-31,2675000000.0,1568000000.0,1107000000.0,,,1876000000.0,-769000000.0,,-786000000.0,-79000000.0,-707000000.0,,,,,1114000000.0,352000000.0,495000000.0,144000000.0,95000000.0,,264000000.0,2782000000.0,,550000000.0,1097000000.0,,221000000.0,4939000000.0,186000000.0,790000000.0,,1871000000.0,,49000000.0,,139000000.0,2340000000.0,93000000.0,238000000.0,2599000000.0,4939000000.0,142000000.0,145000000.0,,356000000.0,-77000000.0,,53000000.0,,,,-101000000.0,,,,,278000000.0,,,,-471000000.0,,13000000.0,38000000.0,-507000000.0,8000000.0
2010-03-31,3654000000.0,1866000000.0,1788000000.0,,,2474000000.0,-686000000.0,,-706000000.0,-29000000.0,-677000000.0,,,,,1273000000.0,432000000.0,206000000.0,100000000.0,44000000.0,,239000000.0,2585000000.0,,537000000.0,1093000000.0,,175000000.0,4646000000.0,91000000.0,717000000.0,,1574000000.0,,2000000.0,,99000000.0,1917000000.0,123000000.0,228000000.0,2729000000.0,4646000000.0,192000000.0,187000000.0,,66000000.0,-123000000.0,,-18000000.0,,,,152000000.0,,,,,283000000.0,,,,-572000000.0,,14000000.0,53000000.0,-348000000.0,-34000000.0
2010-06-30,815000000.0,222000000.0,593000000.0,,,495000000.0,98000000.0,,93000000.0,-3000000.0,96000000.0,0.29,0.29,328000000.0,332000000.0,1057000000.0,480000000.0,103000000.0,82000000.0,43000000.0,,270000000.0,2228000000.0,,516000000.0,1090000000.0,,177000000.0,4245000000.0,55000000.0,620000000.0,,1165000000.0,,2000000.0,,97000000.0,1493000000.0,219000000.0,113000000.0,2752000000.0,4245000000.0,48000000.0,47000000.0,,-97000000.0,-16000000.0,,37000000.0,,,,-148000000.0,,,,,0.0,11000000.0,,,-53000000.0,,,1000000.0,-216000000.0,6000000.0
2010-12-31,2499000000.0,1171000000.0,1328000000.0,,,1785000000.0,-457000000.0,,-428000000.0,19000000.0,-427000000.0,,,,,1353000000.0,511000000.0,390000000.0,105000000.0,22000000.0,,226000000.0,2714000000.0,,502000000.0,1107000000.0,,200000000.0,4727000000.0,162000000.0,746000000.0,,2008000000.0,,4000000.0,,173000000.0,2369000000.0,-304000000.0,155000000.0,2358000000.0,4727000000.0,138000000.0,138000000.0,,180000000.0,4000000.0,,9000000.0,,,,67000000.0,,,,,16000000.0,,,,-7000000.0,,,17000000.0,80000000.0,11000000.0
2011-03-31,3589000000.0,1499000000.0,2090000000.0,,,2402000000.0,-312000000.0,,-279000000.0,-3000000.0,-276000000.0,,,,,1579000000.0,497000000.0,335000000.0,77000000.0,63000000.0,,327000000.0,3032000000.0,,513000000.0,1110000000.0,,80000000.0,4928000000.0,228000000.0,768000000.0,,2001000000.0,,37000000.0,,134000000.0,2364000000.0,-153000000.0,219000000.0,2564000000.0,4928000000.0,180000000.0,176000000.0,3000000.0,122000000.0,-25000000.0,,-5000000.0,,,,320000000.0,,,,,16000000.0,,,,-15000000.0,,1000000.0,-23000000.0,306000000.0,21000000.0
2011-06-30,999000000.0,240000000.0,759000000.0,,,532000000.0,227000000.0,,230000000.0,9000000.0,221000000.0,0.67,0.66,,337000000.0,1173000000.0,503000000.0,30000000.0,75000000.0,58000000.0,,343000000.0,2354000000.0,,516000000.0,1132000000.0,,170000000.0,4355000000.0,91000000.0,604000000.0,,1225000000.0,,42000000.0,,146000000.0,1605000000.0,68000000.0,240000000.0,2750000000.0,4355000000.0,43000000.0,38000000.0,,-307000000.0,-4000000.0,,101000000.0,,,,-274000000.0,,,,,25000000.0,,,,-64000000.0,,2000000.0,-75000000.0,-406000000.0,-18000000.0
2011-09-30,1714000000.0,672000000.0,1042000000.0,,,1189000000.0,-374000000.0,,-380000000.0,-40000000.0,-340000000.0,,,,,930000000.0,355000000.0,562000000.0,90000000.0,97000000.0,,320000000.0,2568000000.0,,532000000.0,1700000000.0,,174000000.0,5435000000.0,213000000.0,792000000.0,,1854000000.0,,84000000.0,,241000000.0,2895000000.0,-272000000.0,258000000.0,2540000000.0,5435000000.0,94000000.0,81000000.0,,215000000.0,11000000.0,,63000000.0,,,,-485000000.0,,,,,657000000.0,,,,-575000000.0,,3000000.0,424000000.0,-649000000.0,-9000000.0
2011-12-31,2775000000.0,1224000000.0,1551000000.0,,,1881000000.0,-330000000.0,,-343000000.0,-19000000.0,-324000000.0,,,,,1242000000.0,406000000.0,526000000.0,69000000.0,92000000.0,,328000000.0,2806000000.0,,547000000.0,1716000000.0,,181000000.0,5696000000.0,112000000.0,846000000.0,,2397000000.0,,82000000.0,,235000000.0,3431000000.0,-477000000.0,190000000.0,2265000000.0,5696000000.0,148000000.0,129000000.0,,176000000.0,-11000000.0,,81000000.0,,,,-10000000.0,,,,,676000000.0,,,,-689000000.0,,4000000.0,388000000.0,-337000000.0,-4000000.0
2012-03-31,4143000000.0,1598000000.0,2545000000.0,,,2510000000.0,365000000.0,,18000000.0,-58000000.0,400000000.0,1.22,1.2,331000000.0,336000000.0,1293000000.0,437000000.0,366000000.0,59000000.0,95000000.0,,268000000.0,2609000000.0,,568000000.0,1718000000.0,,185000000.0,5491000000.0,215000000.0,857000000.0,,2120000000.0,,8000000.0,,177000000.0,3033000000.0,-77000000.0,173000000.0,2458000000.0,5491000000.0,216000000.0,170000000.0,-86000000.0,14000000.0,-21000000.0,,101000000.0,,,,277000000.0,,,,,676000000.0,,,,-689000000.0,,4000000.0,140000000.0,-286000000.0,-4000000.0
2012-06-30,955000000.0,205000000.0,750000000.0,,,535000000.0,215000000.0,,210000000.0,9000000.0,201000000.0,0.63,0.63,317000000.0,320000000.0,919000000.0,444000000.0,111000000.0,60000000.0,68000000.0,,273000000.0,1951000000.0,,558000000.0,1716000000.0,,209000000.0,4825000000.0,50000000.0,702000000.0,,1336000000.0,,2000000.0,,193000000.0,2273000000.0,124000000.0,115000000.0,2552000000.0,4825000000.0,56000000.0,39000000.0,,-254000000.0,2000000.0,,29000000.0,,,,-244000000.0,,,,,0.0,,,,-40000000.0,,0.0,-72000000.0,-374000000.0,8000000.0
2012-09-30,1666000000.0,650000000.0,1016000000.0,,,1165000000.0,-364000000.0,,-368000000.0,22000000.0,-381000000.0,,,317000000.0,,871000000.0,351000000.0,643000000.0,71000000.0,64000000.0,,239000000.0,2332000000.0,,561000000.0,1723000000.0,,192000000.0,5191000000.0,219000000.0,874000000.0,,2046000000.0,,2000000.0,,231000000.0,3037000000.0,-257000000.0,149000000.0,2154000000.0,5191000000.0,112000000.0,83000000.0,,274000000.0,13000000.0,,0.0,,,,-272000000.0,,,,,10000000.0,,,,42000000.0,,0.0,-189000000.0,-422000000.0,17000000.0
2012-12-31,2588000000.0,1079000000.0,1509000000.0,,,1697000000.0,-188000000.0,,-191000000.0,34000000.0,-225000000.0,,,313000000.0,,1158000000.0,275000000.0,382000000.0,59000000.0,67000000.0,,229000000.0,2229000000.0,,550000000.0,1724000000.0,,185000000.0,5039000000.0,93000000.0,840000000.0,,2146000000.0,,2000000.0,,168000000.0,3081000000.0,-302000000.0,119000000.0,1958000000.0,5039000000.0,178000000.0,122000000.0,,18000000.0,0.0,,-14000000.0,,,,91000000.0,,,,,10000000.0,,,,119000000.0,,0.0,-347000000.0,-135000000.0,21000000.0
2013-03-31,3797000000.0,1388000000.0,2409000000.0,,,2288000000.0,309000000.0,,139000000.0,41000000.0,323000000.0,1.07,1.05,310000000.0,313000000.0,1292000000.0,388000000.0,312000000.0,42000000.0,98000000.0,,239000000.0,2325000000.0,,548000000.0,1721000000.0,,170000000.0,5070000000.0,136000000.0,737000000.0,,1917000000.0,,1000000.0,,121000000.0,2803000000.0,21000000.0,69000000.0,2267000000.0,5070000000.0,264000000.0,164000000.0,2000000.0,-56000000.0,-16000000.0,,-15000000.0,,,,-324000000.0,,,,,10000000.0,,,,32000000.0,,0.0,-345000000.0,-1000000.0,26000000.0
2013-06-30,949000000.0,194000000.0,755000000.0,,,522000000.0,233000000.0,,228000000.0,6000000.0,222000000.0,0.73,0.71,304000000.0,312000000.0,1056000000.0,355000000.0,120000000.0,41000000.0,51000000.0,,261000000.0,1884000000.0,,537000000.0,1722000000.0,,178000000.0,4605000000.0,48000000.0,588000000.0,,1226000000.0,,1000000.0,,121000000.0,2113000000.0,243000000.0,56000000.0,2492000000.0,4605000000.0,56000000.0,33000000.0,,-192000000.0,-1000000.0,,30000000.0,,,,-248000000.0,,,,,5000000.0,,,,-2000000.0,,,21000000.0,-236000000.0,6000000.0
2013-09-30,1644000000.0,607000000.0,1037000000.0,,,1056000000.0,-252000000.0,,-260000000.0,19000000.0,-273000000.0,,,308000000.0,,1090000000.0,328000000.0,594000000.0,58000000.0,51000000.0,,219000000.0,2340000000.0,,532000000.0,1726000000.0,,174000000.0,5036000000.0,208000000.0,708000000.0,,1851000000.0,,1000000.0,,121000000.0,2750000000.0,-30000000.0,62000000.0,2286000000.0,5036000000.0,112000000.0,71000000.0,,278000000.0,15000000.0,,-8000000.0,,,,-254000000.0,,,,,5000000.0,,,,1000000.0,,,49000000.0,-202000000.0,15000000.0
2013-12-31,2452000000.0,1124000000.0,1328000000.0,,,1639000000.0,-311000000.0,,-330000000.0,29000000.0,-359000000.0,,,309000000.0,,1746000000.0,324000000.0,526000000.0,55000000.0,51000000.0,,219000000.0,2921000000.0,,518000000.0,1725000000.0,,167000000.0,5573000000.0,137000000.0,823000000.0,,2659000000.0,,1000000.0,,124000000.0,3569000000.0,-338000000.0,52000000.0,2004000000.0,5573000000.0,170000000.0,111000000.0,,210000000.0,12000000.0,,-17000000.0,,,,431000000.0,,,,,5000000.0,,,,-25000000.0,,,50000000.0,454000000.0,21000000.0
2014-03-31,3575000000.0,1347000000.0,2228000000.0,,,2195000000.0,344000000.0,,7000000.0,-1000000.0,367000000.0,1.18,1.15,308000000.0,316000000.0,1782000000.0,583000000.0,327000000.0,56000000.0,80000000.0,,316000000.0,3138000000.0,,510000000.0,1723000000.0,,140000000.0,5716000000.0,119000000.0,781000000.0,,2390000000.0,,18000000.0,,117000000.0,3294000000.0,29000000.0,37000000.0,2422000000.0,5716000000.0,227000000.0,150000000.0,-8000000.0,12000000.0,13000000.0,,56000000.0,,,,712000000.0,,,,,5000000.0,,,,-301000000.0,,13000000.0,89000000.0,490000000.0,29000000.0
2014-06-30,1214000000.0,367000000.0,847000000.0,,,485000000.0,362000000.0,,354000000.0,19000000.0,335000000.0,1.07,1.04,313000000.0,322000000.0,1554000000.0,762000000.0,219000000.0,37000000.0,18000000.0,,300000000.0,2930000000.0,,503000000.0,1726000000.0,,142000000.0,5476000000.0,69000000.0,666000000.0,,1786000000.0,,85000000.0,,216000000.0,2763000000.0,364000000.0,61000000.0,2713000000.0,5476000000.0,56000000.0,29000000.0,,-110000000.0,-19000000.0,,-21000000.0,,,,4000000.0,,,,,0.0,,,,-207000000.0,,12000000.0,-33000000.0,-228000000.0,8000000.0
2014-09-30,2204000000.0,794000000.0,1410000000.0,,,1024000000.0,386000000.0,,372000000.0,34000000.0,338000000.0,1.08,1.05,313000000.0,322000000.0,1624000000.0,764000000.0,829000000.0,67000000.0,18000000.0,,190000000.0,3532000000.0,,483000000.0,1723000000.0,,141000000.0,6031000000.0,191000000.0,915000000.0,,2387000000.0,,85000000.0,,209000000.0,3361000000.0,367000000.0,53000000.0,2670000000.0,6031000000.0,112000000.0,69000000.0,,508000000.0,11000000.0,,-138000000.0,,,,187000000.0,,,,,0.0,,,,-233000000.0,,14000000.0,-105000000.0,-158000000.0,-11000000.0
2014-12-31,3330000000.0,1195000000.0,2135000000.0,,,1587000000.0,548000000.0,,528000000.0,48000000.0,480000000.0,1.54,1.49,312000000.0,323000000.0,2166000000.0,774000000.0,488000000.0,39000000.0,57000000.0,,230000000.0,3754000000.0,,461000000.0,1718000000.0,,101000000.0,6167000000.0,77000000.0,813000000.0,1583000000.0,3069000000.0,,85000000.0,,201000000.0,3443000000.0,509000000.0,23000000.0,2687000000.0,6167000000.0,165000000.0,108000000.0,,176000000.0,-16000000.0,,-137000000.0,,,,869000000.0,,,,,0.0,,,,-260000000.0,,16000000.0,-195000000.0,384000000.0,-8000000.0
2015-03-31,4515000000.0,1429000000.0,3086000000.0,,,2138000000.0,948000000.0,,925000000.0,50000000.0,875000000.0,2.81,2.69,311000000.0,325000000.0,2068000000.0,953000000.0,362000000.0,36000000.0,-18000000.0,,247000000.0,3720000000.0,,459000000.0,1713000000.0,,131000000.0,6147000000.0,68000000.0,794000000.0,1283000000.0,2747000000.0,,80000000.0,,183000000.0,3080000000.0,904000000.0,2000000.0,3036000000.0,6147000000.0,220000000.0,144000000.0,19000000.0,54000000.0,-19000000.0,,-87000000.0,,,,1067000000.0,,,,,0.0,,,,-470000000.0,,22000000.0,-255000000.0,286000000.0,2000000.0
2015-06-30,1203000000.0,173000000.0,1030000000.0,,,518000000.0,512000000.0,,509000000.0,67000000.0,442000000.0,1.42,1.32,311000000.0,335000000.0,1810000000.0,1069000000.0,144000000.0,34000000.0,53000000.0,,216000000.0,3326000000.0,,444000000.0,1713000000.0,,126000000.0,5721000000.0,43000000.0,603000000.0,775000000.0,2029000000.0,,80000000.0,,180000000.0,2360000000.0,1346000000.0,-14000000.0,3336000000.0,5721000000.0,49000000.0,45000000.0,,-219000000.0,-3000000.0,,-26000000.0,,,,-71000000.0,,,,,,,,,-140000000.0,,40000000.0,-47000000.0,-258000000.0,21000000.0
2015-09-30,2018000000.0,582000000.0,1436000000.0,,,1043000000.0,393000000.0,,381000000.0,79000000.0,302000000.0,0.97,0.9,312000000.0,334000000.0,1598000000.0,990000000.0,737000000.0,62000000.0,46000000.0,,213000000.0,3646000000.0,,430000000.0,1709000000.0,,117000000.0,6000000000.0,188000000.0,802000000.0,1113000000.0,2525000000.0,,75000000.0,,175000000.0,2841000000.0,1206000000.0,-44000000.0,3146000000.0,6000000000.0,99000000.0,89000000.0,,379000000.0,26000000.0,,-39000000.0,,,,-62000000.0,,,,,,,,,-80000000.0,,65000000.0,-307000000.0,-470000000.0,26000000.0
2015-12-31,3088000000.0,1128000000.0,1960000000.0,,,1598000000.0,362000000.0,,351000000.0,94000000.0,257000000.0,0.83,0.77,311000000.0,333000000.0,2263000000.0,966000000.0,621000000.0,42000000.0,46000000.0,,214000000.0,4152000000.0,,415000000.0,1708000000.0,,116000000.0,6470000000.0,128000000.0,840000000.0,1844000000.0,3145000000.0,,75000000.0,,168000000.0,3451000000.0,1161000000.0,-57000000.0,3012000000.0,6470000000.0,149000000.0,131000000.0,,268000000.0,6000000.0,,-42000000.0,,,,827000000.0,,,,,,,,,-83000000.0,,73000000.0,-518000000.0,195000000.0,28000000.0
2016-03-31,4396000000.0,1354000000.0,3042000000.0,,,2144000000.0,898000000.0,,877000000.0,-279000000.0,1156000000.0,3.73,3.5,310000000.0,330000000.0,2493000000.0,1341000000.0,233000000.0,33000000.0,385000000.0,,254000000.0,4354000000.0,,439000000.0,1710000000.0,,103000000.0,7050000000.0,89000000.0,710000000.0,1458000000.0,2418000000.0,,2000000.0,,163000000.0,3652000000.0,2060000000.0,-16000000.0,3396000000.0,7050000000.0,197000000.0,178000000.0,-389000000.0,-127000000.0,-3000000.0,,-19000000.0,,,,1223000000.0,,,,,0.0,,,,-484000000.0,,86000000.0,-306000000.0,425000000.0,35000000.0
2016-06-30,1271000000.0,179000000.0,1092000000.0,,,532000000.0,560000000.0,,552000000.0,112000000.0,440000000.0,1.46,1.4,301000000.0,315000000.0,2042000000.0,1385000000.0,246000000.0,26000000.0,,,273000000.0,3972000000.0,,435000000.0,1708000000.0,,105000000.0,6605000000.0,44000000.0,597000000.0,873000000.0,1650000000.0,,2000000.0,,160000000.0,2889000000.0,2500000000.0,3000000.0,3716000000.0,6605000000.0,46000000.0,48000000.0,,12000000.0,-7000000.0,,1000000.0,,,,-248000000.0,,,,,,,,,-81000000.0,,33000000.0,-119000000.0,-451000000.0,10000000.0
2016-09-30,2169000000.0,580000000.0,1589000000.0,,,1078000000.0,511000000.0,,500000000.0,98000000.0,402000000.0,1.34,1.28,301000000.0,315000000.0,1746000000.0,1520000000.0,723000000.0,50000000.0,,,221000000.0,4260000000.0,,431000000.0,1709000000.0,,98000000.0,6892000000.0,206000000.0,777000000.0,1067000000.0,2050000000.0,,2000000.0,,156000000.0,3284000000.0,2462000000.0,-10000000.0,3608000000.0,6892000000.0,91000000.0,96000000.0,,493000000.0,17000000.0,,-54000000.0,,,,-139000000.0,,,,,,,,,-249000000.0,,37000000.0,-351000000.0,-747000000.0,26000000.0
2016-12-31,3318000000.0,1096000000.0,2222000000.0,,,1715000000.0,507000000.0,,494000000.0,93000000.0,401000000.0,1.33,1.28,303000000.0,314000000.0,2483000000.0,1736000000.0,587000000.0,35000000.0,,,260000000.0,5101000000.0,,424000000.0,1704000000.0,,95000000.0,7719000000.0,65000000.0,901000000.0,1971000000.0,2937000000.0,,2000000.0,,154000000.0,4170000000.0,2461000000.0,-1000000.0,3549000000.0,7719000000.0,140000000.0,144000000.0,,367000000.0,2000000.0,,-42000000.0,,,,976000000.0,,,,,,,,,-498000000.0,,53000000.0,-460000000.0,-10000000.0,51000000.0
2017-03-31,4845000000.0,1298000000.0,3547000000.0,,,2323000000.0,1224000000.0,,1210000000.0,243000000.0,967000000.0,3.19,3.08,303000000.0,314000000.0,2565000000.0,1967000000.0,359000000.0,,285000000.0,,308000000.0,5199000000.0,,434000000.0,1707000000.0,,84000000.0,7718000000.0,87000000.0,789000000.0,1539000000.0,2415000000.0,,1000000.0,,148000000.0,3658000000.0,3027000000.0,-19000000.0,4060000000.0,7718000000.0,172000000.0,196000000.0,103000000.0,136000000.0,,,-3000000.0,,,,1383000000.0,,,,,,,,,-759000000.0,,65000000.0,-534000000.0,72000000.0,51000000.0
2017-06-30,1449000000.0,154000000.0,1295000000.0,,,552000000.0,743000000.0,,749000000.0,105000000.0,644000000.0,2.08,2.06,309000000.0,313000000.0,2248000000.0,2222000000.0,222000000.0,,,,210000000.0,4902000000.0,,436000000.0,1708000000.0,,90000000.0,7375000000.0,38000000.0,709000000.0,882000000.0,1629000000.0,,1000000.0,,154000000.0,2889000000.0,3663000000.0,-71000000.0,4486000000.0,7375000000.0,31000000.0,48000000.0,,-135000000.0,,,-80000000.0,,,,176000000.0,,,,,,,,,-288000000.0,,,-215000000.0,-317000000.0,7000000.0
2017-09-30,2408000000.0,543000000.0,1865000000.0,,,1163000000.0,702000000.0,,711000000.0,89000000.0,622000000.0,2.01,1.99,309000000.0,313000000.0,2067000000.0,2288000000.0,812000000.0,,,,248000000.0,5415000000.0,,444000000.0,1711000000.0,,99000000.0,7922000000.0,187000000.0,969000000.0,1116000000.0,2272000000.0,,1000000.0,,148000000.0,3534000000.0,3641000000.0,-73000000.0,4388000000.0,7922000000.0,63000000.0,110000000.0,,454000000.0,,,-66000000.0,,,,228000000.0,,,,,,,,,-408000000.0,,,-351000000.0,-498000000.0,28000000.0
2017-12-31,3568000000.0,1044000000.0,2524000000.0,,,1843000000.0,681000000.0,,695000000.0,259000000.0,436000000.0,1.41,1.4,309000000.0,312000000.0,2566000000.0,2318000000.0,886000000.0,,,,196000000.0,5966000000.0,,447000000.0,1879000000.0,,110000000.0,8642000000.0,91000000.0,1070000000.0,1946000000.0,3107000000.0,,2000000.0,,261000000.0,4556000000.0,3455000000.0,-95000000.0,4086000000.0,8642000000.0,97000000.0,173000000.0,,527000000.0,,,-79000000.0,,,,1077000000.0,,,,,150000000.0,,,,-593000000.0,,,-508000000.0,1000000.0,46000000.0
2018-03-31,5150000000.0,1277000000.0,3873000000.0,,,2439000000.0,1434000000.0,,1449000000.0,406000000.0,1043000000.0,3.39,3.34,308000000.0,312000000.0,4258000000.0,1073000000.0,385000000.0,,82000000.0,,288000000.0,6004000000.0,,453000000.0,1883000000.0,,89000000.0,8584000000.0,48000000.0,821000000.0,1622000000.0,2491000000.0,,1000000.0,,255000000.0,3989000000.0,4062000000.0,-127000000.0,4595000000.0,8584000000.0,136000000.0,242000000.0,203000000.0,25000000.0,,,-10000000.0,,,,1692000000.0,,,,,150000000.0,,,,622000000.0,,,-643000000.0,1693000000.0,57000000.0
2018-06-30,1137000000.0,215000000.0,922000000.0,,,622000000.0,300000000.0,,319000000.0,26000000.0,293000000.0,0.96,0.95,306000000.0,310000000.0,3876000000.0,1095000000.0,371000000.0,,,,282000000.0,5624000000.0,,440000000.0,1886000000.0,,98000000.0,8247000000.0,47000000.0,815000000.0,129000000.0,1464000000.0,,1000000.0,,253000000.0,2987000000.0,4944000000.0,-26000000.0,5260000000.0,8247000000.0,38000000.0,70000000.0,,-169000000.0,,,-48000000.0,,-383000000.0,,120000000.0,,,,,50000000.0,,,,-103000000.0,,,-388000000.0,-382000000.0,28000000.0
2018-09-30,2423000000.0,633000000.0,1790000000.0,,,1232000000.0,558000000.0,,595000000.0,47000000.0,548000000.0,1.8,1.77,305000000.0,309000000.0,2881000000.0,1664000000.0,966000000.0,,,,292000000.0,5803000000.0,,440000000.0,1894000000.0,,101000000.0,8450000000.0,168000000.0,907000000.0,108000000.0,1649000000.0,,1000000.0,,217000000.0,3133000000.0,5199000000.0,-19000000.0,5317000000.0,8450000000.0,74000000.0,136000000.0,,422000000.0,,,-20000000.0,,-360000000.0,,-6000000.0,,,,,58000000.0,,,,-704000000.0,,,-659000000.0,-1377000000.0,78000000.0
2018-12-31,3712000000.0,1046000000.0,2666000000.0,,,1866000000.0,800000000.0,,860000000.0,50000000.0,810000000.0,2.66,2.64,304000000.0,307000000.0,3887000000.0,1274000000.0,806000000.0,,,,280000000.0,6247000000.0,,426000000.0,1891000000.0,,94000000.0,8857000000.0,70000000.0,1092000000.0,209000000.0,2090000000.0,,1000000.0,,164000000.0,3513000000.0,5358000000.0,-17000000.0,5344000000.0,8857000000.0,108000000.0,211000000.0,,271000000.0,,,-41000000.0,,,,948000000.0,,,,,58000000.0,,,,-331000000.0,,,-971000000.0,-371000000.0,85000000.0
2019-03-31,4950000000.0,1322000000.0,3628000000.0,,,2632000000.0,996000000.0,,1079000000.0,60000000.0,1019000000.0,3.36,3.33,303000000.0,306000000.0,4708000000.0,737000000.0,623000000.0,,33000000.0,,313000000.0,6381000000.0,,448000000.0,1892000000.0,,114000000.0,8957000000.0,113000000.0,1052000000.0,150000000.0,2265000000.0,,2000000.0,,132000000.0,3626000000.0,5358000000.0,-30000000.0,5331000000.0,8957000000.0,145000000.0,284000000.0,-16000000.0,88000000.0,,,24000000.0,,,,1547000000.0,,,,,58000000.0,,,,169000000.0,,,-1253000000.0,450000000.0,100000000.0
2019-06-30,1209000000.0,187000000.0,1022000000.0,,,607000000.0,415000000.0,,436000000.0,-985000000.0,1421000000.0,4.78,4.75,297000000.0,299000000.0,3533000000.0,1654000000.0,329000000.0,,,,284000000.0,5800000000.0,,446000000.0,1892000000.0,,323000000.0,9749000000.0,56000000.0,915000000.0,125000000.0,1650000000.0,,2000000.0,,272000000.0,3264000000.0,6499000000.0,-17000000.0,6485000000.0,9749000000.0,37000000.0,73000000.0,,-294000000.0,,,-24000000.0,,,,158000000.0,,,,,0.0,,,,-950000000.0,,,-385000000.0,-1175000000.0,12000000.0
2019-09-30,2557000000.0,592000000.0,1965000000.0,,,1282000000.0,683000000.0,,720000000.0,-1555000000.0,2275000000.0,7.69,7.66,296000000.0,297000000.0,2940000000.0,1943000000.0,856000000.0,,1800000000.0,,301000000.0,6040000000.0,,442000000.0,1890000000.0,,314000000.0,10593000000.0,148000000.0,1024000000.0,87000000.0,1818000000.0,,2000000.0,,259000000.0,3435000000.0,7165000000.0,-10000000.0,7158000000.0,10593000000.0,72000000.0,165000000.0,,235000000.0,,,-33000000.0,,,,195000000.0,,,,,0.0,,,,-1263000000.0,,,-697000000.0,-1768000000.0,77000000.0
2019-12-31,4150000000.0,1100000000.0,3050000000.0,,,2006000000.0,1044000000.0,,1094000000.0,-1527000000.0,2621000000.0,8.91,8.85,294000000.0,296000000.0,3603000000.0,1999000000.0,798000000.0,,1800000000.0,,229000000.0,6629000000.0,,439000000.0,1892000000.0,,311000000.0,11161000000.0,61000000.0,1204000000.0,174000000.0,2338000000.0,,2000000.0,,237000000.0,3924000000.0,7267000000.0,-33000000.0,7237000000.0,11161000000.0,111000000.0,256000000.0,,176000000.0,,,-76000000.0,,,,1299000000.0,,,,,0.0,,,,-1346000000.0,,,-1058000000.0,-1105000000.0,116000000.0
2020-03-31,5537000000.0,1369000000.0,4168000000.0,,,2723000000.0,1445000000.0,,1508000000.0,-1531000000.0,3039000000.0,10.37,10.3,293000000.0,295000000.0,3768000000.0,1967000000.0,461000000.0,,1902000000.0,,321000000.0,6517000000.0,,449000000.0,1885000000.0,,305000000.0,11112000000.0,68000000.0,1052000000.0,109000000.0,2664000000.0,,,,216000000.0,3651000000.0,7508000000.0,-50000000.0,7461000000.0,11112000000.0,150000000.0,347000000.0,-1876000000.0,-164000000.0,,,-35000000.0,,,,1797000000.0,,,,,0.0,,,,-1357000000.0,,,-1358000000.0,-940000000.0,170000000.0
2020-06-30,1459000000.0,288000000.0,1171000000.0,,,700000000.0,471000000.0,,468000000.0,103000000.0,365000000.0,1.27,1.25,288000000.0,292000000.0,4013000000.0,1947000000.0,507000000.0,,,,223000000.0,6690000000.0,,450000000.0,1889000000.0,,313000000.0,11284000000.0,51000000.0,1040000000.0,79000000.0,2568000000.0,,,,224000000.0,3502000000.0,7831000000.0,-52000000.0,7782000000.0,11284000000.0,37000000.0,102000000.0,,44000000.0,,,-44000000.0,,,,378000000.0,,,,,,,,,-8000000.0,,,-144000000.0,245000000.0,33000000.0
2020-09-30,2610000000.0,574000000.0,2036000000.0,,,1416000000.0,620000000.0,,607000000.0,57000000.0,550000000.0,1.9,1.88,289000000.0,293000000.0,4059000000.0,1972000000.0,423000000.0,,,,376000000.0,6830000000.0,,458000000.0,1891000000.0,,312000000.0,11470000000.0,164000000.0,1083000000.0,72000000.0,2485000000.0,,,,211000000.0,3395000000.0,8016000000.0,-89000000.0,8075000000.0,11470000000.0,77000000.0,215000000.0,,-39000000.0,,,113000000.0,,,,439000000.0,,,,,,,,,-61000000.0,,,-112000000.0,291000000.0,173000000.0
2020-12-31,4283000000.0,1175000000.0,3108000000.0,,,2237000000.0,871000000.0,,852000000.0,91000000.0,761000000.0,2.63,2.61,290000000.0,292000000.0,4772000000.0,1938000000.0,778000000.0,,,,233000000.0,7721000000.0,,467000000.0,1896000000.0,,375000000.0,12420000000.0,89000000.0,1423000000.0,182000000.0,3492000000.0,,,,271000000.0,4457000000.0,8054000000.0,-94000000.0,7963000000.0,12420000000.0,123000000.0,326000000.0,,309000000.0,,,28000000.0,,,,1563000000.0,,,,,,,,,-61000000.0,,,-541000000.0,1004000000.0,184000000.0
2021-03-31,5629000000.0,1494000000.0,4135000000.0,,,3089000000.0,1046000000.0,,1017000000.0,180000000.0,837000000.0,2.9,2.87,289000000.0,292000000.0,5260000000.0,1106000000.0,521000000.0,,2002000000.0,,326000000.0,7213000000.0,,491000000.0,2868000000.0,,362000000.0,13288000000.0,96000000.0,1341000000.0,115000000.0,2964000000.0,,,,250000000.0,5448000000.0,7887000000.0,-50000000.0,7840000000.0,13288000000.0,181000000.0,435000000.0,-142000000.0,41000000.0,,,70000000.0,,581000000.0,,1934000000.0,,,,,1239000000.0,,,,-505000000.0,,,-15000000.0,1492000000.0,340000000.0
2021-06-30,1551000000.0,315000000.0,1236000000.0,,,914000000.0,322000000.0,,308000000.0,104000000.0,204000000.0,0.71,0.71,286000000.0,289000000.0,2838000000.0,881000000.0,557000000.0,,,,401000000.0,4677000000.0,,510000000.0,4256000000.0,,422000000.0,12734000000.0,73000000.0,1093000000.0,88000000.0,2471000000.0,,,,313000000.0,5006000000.0,7760000000.0,-35000000.0,7728000000.0,12734000000.0,105000000.0,125000000.0,,-12000000.0,,,74000000.0,,,,-143000000.0,,,,,1989000000.0,,,,-1811000000.0,,,-479000000.0,-2422000000.0,134000000.0
2021-09-30,3377000000.0,809000000.0,2568000000.0,,,1906000000.0,662000000.0,,634000000.0,136000000.0,498000000.0,1.75,1.73,285000000.0,288000000.0,1630000000.0,342000000.0,1031000000.0,,,,387000000.0,3390000000.0,,516000000.0,5459000000.0,1080000000.0,435000000.0,13019000000.0,136000000.0,1119000000.0,99000000.0,2577000000.0,,,,323000000.0,5163000000.0,7855000000.0,-2000000.0,7856000000.0,13019000000.0,199000000.0,274000000.0,,446000000.0,,,51000000.0,,,,-79000000.0,,,,,3394000000.0,,,,-2722000000.0,,,-827000000.0,-3630000000.0,303000000.0
2021-12-31,5166000000.0,1440000000.0,3726000000.0,,,2962000000.0,764000000.0,,725000000.0,161000000.0,564000000.0,1.99,1.97,284000000.0,287000000.0,2670000000.0,,965000000.0,,,,377000000.0,4358000000.0,,522000000.0,5389000000.0,1052000000.0,479000000.0,13930000000.0,86000000.0,1443000000.0,205000000.0,3630000000.0,,,,404000000.0,6313000000.0,7608000000.0,6000000.0,7617000000.0,13930000000.0,345000000.0,403000000.0,,390000000.0,,,75000000.0,,,,1455000000.0,,,,,3391000000.0,,,,2771000000.0,,,1269000000.0,-2590000000.0,374000000.0
2022-03-31,6991000000.0,1859000000.0,5132000000.0,,,4003000000.0,1129000000.0,,1081000000.0,292000000.0,789000000.0,2.78,2.76,284000000.0,286000000.0,2732000000.0,,650000000.0,,2241000000.0,,439000000.0,4151000000.0,,550000000.0,5387000000.0,962000000.0,507000000.0,13800000000.0,101000000.0,1388000000.0,144000000.0,3513000000.0,,,,397000000.0,6175000000.0,7607000000.0,15000000.0,7625000000.0,13800000000.0,486000000.0,528000000.0,-328000000.0,77000000.0,,,157000000.0,,497000000.0,,1899000000.0,,,,,3391000000.0,,,,-2804000000.0,,,-1620000000.0,-2528000000.0,629000000.0
2022-06-30,1767000000.0,314000000.0,1453000000.0,,,1012000000.0,441000000.0,,436000000.0,125000000.0,311000000.0,1.11,1.11,279000000.0,281000000.0,2082000000.0,,579000000.0,,,,522000000.0,3517000000.0,,545000000.0,5382000000.0,893000000.0,528000000.0,13192000000.0,70000000.0,1215000000.0,88000000.0,2833000000.0,,,,401000000.0,5551000000.0,7567000000.0,71000000.0,7641000000.0,13192000000.0,114000000.0,125000000.0,,-70000000.0,,,15000000.0,,,,-78000000.0,,,,,0.0,,,,-65000000.0,,,-476000000.0,-650000000.0,36000000.0
2022-09-30,3671000000.0,776000000.0,2895000000.0,,,2027000000.0,868000000.0,,863000000.0,253000000.0,610000000.0,2.19,2.18,279000000.0,280000000.0,1539000000.0,,919000000.0,,,,649000000.0,3442000000.0,,531000000.0,5375000000.0,811000000.0,525000000.0,13079000000.0,136000000.0,1034000000.0,68000000.0,2561000000.0,,,,362000000.0,5281000000.0,7658000000.0,137000000.0,7798000000.0,13079000000.0,241000000.0,265000000.0,,276000000.0,,,25000000.0,,,,-190000000.0,,,,,0.0,,,,-119000000.0,,,-824000000.0,-1193000000.0,-310000000.0
2022-12-31,5552000000.0,1344000000.0,4208000000.0,,,3051000000.0,1157000000.0,,1145000000.0,331000000.0,814000000.0,2.93,2.92,278000000.0,279000000.0,2202000000.0,,836000000.0,,,,453000000.0,3842000000.0,,553000000.0,5380000000.0,735000000.0,517000000.0,13470000000.0,62000000.0,1243000000.0,123000000.0,3113000000.0,,,,401000000.0,5919000000.0,7585000000.0,-37000000.0,7551000000.0,13470000000.0,363000000.0,406000000.0,,186000000.0,,,53000000.0,,,,933000000.0,,,,,0.0,,,,-180000000.0,,,-1242000000.0,-530000000.0,-457000000.0
2023-03-31,7426000000.0,1792000000.0,5634000000.0,,,4302000000.0,1332000000.0,,1326000000.0,524000000.0,802000000.0,2.9,2.88,277000000.0,278000000.0,,,684000000.0,,2461000000.0,,518000000.0,3969000000.0,,549000000.0,5380000000.0,618000000.0,481000000.0,13459000000.0,99000000.0,1285000000.0,103000000.0,3285000000.0,,,,393000000.0,6166000000.0,7357000000.0,-67000000.0,7293000000.0,13459000000.0,536000000.0,548000000.0,-213000000.0,34000000.0,,,103000000.0,,-122000000.0,,1550000000.0,,,,,0.0,,,,-217000000.0,,,-1600000000.0,-308000000.0,583000000.0
2023-06-30,1924000000.0,368000000.0,1556000000.0,,,1014000000.0,542000000.0,,556000000.0,154000000.0,402000000.0,1.48,1.47,272000000.0,274000000.0,2259000000.0,,517000000.0,,,,455000000.0,3574000000.0,,545000000.0,5381000000.0,577000000.0,451000000.0,13083000000.0,75000000.0,1145000000.0,68000000.0,2800000000.0,,,,387000000.0,5749000000.0,7406000000.0,-75000000.0,7334000000.0,13083000000.0,88000000.0,130000000.0,,-167000000.0,,,-96000000.0,,,,359000000.0,,,,,,,,,-44000000.0,,,-482000000.0,-165000000.0,-23000000.0
2023-09-30,3838000000.0,824000000.0,3014000000.0,,,2095000000.0,919000000.0,,947000000.0,146000000.0,801000000.0,2.94,2.93,272000000.0,273000000.0,1946000000.0,,1047000000.0,,,,492000000.0,3844000000.0,,542000000.0,5378000000.0,538000000.0,484000000.0,13139000000.0,152000000.0,1138000000.0,70000000.0,2788000000.0,,,,436000000.0,5564000000.0,7606000000.0,-34000000.0,7575000000.0,13139000000.0,173000000.0,285000000.0,,367000000.0,,,-74000000.0,,,,471000000.0,,,,,,,,,-107000000.0,,,-833000000.0,-478000000.0,-56000000.0
2023-12-31,5783000000.0,1353000000.0,4430000000.0,,,3146000000.0,1284000000.0,,1329000000.0,238000000.0,1091000000.0,4.03,4.01,271000000.0,272000000.0,2742000000.0,,867000000.0,,,,378000000.0,4349000000.0,,561000000.0,5382000000.0,501000000.0,449000000.0,13617000000.0,62000000.0,1299000000.0,71000000.0,3280000000.0,,,,439000000.0,6084000000.0,7614000000.0,-84000000.0,7533000000.0,13617000000.0,255000000.0,436000000.0,,184000000.0,,,-186000000.0,,,,1735000000.0,,,,,,,,,-158000000.0,,,-1264000000.0,318000000.0,-204000000.0
2024-03-31,7562000000.0,1710000000.0,5852000000.0,,,4334000000.0,1518000000.0,,1589000000.0,316000000.0,1273000000.0,4.71,4.68,270000000.0,272000000.0,,,565000000.0,,2379000000.0,,420000000.0,4247000000.0,,578000000.0,5379000000.0,400000000.0,436000000.0,13420000000.0,110000000.0,1166000000.0,59000000.0,3090000000.0,,,,437000000.0,5907000000.0,7582000000.0,-72000000.0,7513000000.0,13420000000.0,404000000.0,584000000.0,82000000.0,-119000000.0,,,-148000000.0,,-87000000.0,,2315000000.0,,,,,0.0,,,,-207000000.0,,,-1624000000.0,476000000.0,300000000.0
2024-06-30,1660000000.0,263000000.0,1397000000.0,,,1033000000.0,364000000.0,,394000000.0,114000000.0,280000000.0,1.05,1.04,266000000.0,268000000.0,2400000000.0,,433000000.0,,,,388000000.0,3587000000.0,,558000000.0,5379000000.0,373000000.0,418000000.0,12708000000.0,80000000.0,976000000.0,71000000.0,2468000000.0,,,,432000000.0,5308000000.0,7457000000.0,-60000000.0,7400000000.0,12708000000.0,80000000.0,143000000.0,,-132000000.0,,,-58000000.0,,,,120000000.0,,,,,,,,,-69000000.0,,,-546000000.0,-500000000.0,23000000.0
2024-09-30,3685000000.0,719000000.0,2966000000.0,,,2218000000.0,748000000.0,,793000000.0,219000000.0,574000000.0,2.17,2.15,265000000.0,267000000.0,2197000000.0,,1012000000.0,,,,397000000.0,3972000000.0,,578000000.0,5381000000.0,346000000.0,428000000.0,13136000000.0,171000000.0,,1475000000.0,2787000000.0,,,,506000000.0,5728000000.0,7520000000.0,-115000000.0,7408000000.0,13136000000.0,202000000.0,317000000.0,,447000000.0,,,20000000.0,,,,354000000.0,,,,,,,,,-115000000.0,42000000.0,,-948000000.0,-703000000.0,209000000.0
