Date,Net sales,Cost of sales,Gross margin,Research and development,"Selling, general and administrative",Total operating expenses,Operating income,"Other income/(expense), net",Income before provision for income taxes,Provision for income taxes,Net income,Earnings per share basic,Earnings per share diluted,Weighted-average basic,Weighted-average diluted,Cash and cash equivalents,Short-term marketable securities,"Accounts receivable, net",Inventories,Deferred tax assets,Vendor non-trade receivables,Other current assets,Total current assets,Long-term marketable securities,"Property, Plant and Equipment, Net",Goodwill,"Acquired intangible assets, net","Other Assets, Noncurrent",Total assets,accounts payable,Accrued expenses,Deferred revenue,Total current liabilities,Deferred revenue - non-current,deferred tax liabilities,long term taxes payable,Total other non-current liabilities,Total liabilities,Retained Earnings (Accumulated Deficit),Accumulated other comprehensive (loss)/income,Total shareholders equity,Total liabilities and shareholders' equity,"Depreciation, amortization and accretion",Stock-based compensation expense,Deferred income tax expense,"Increase (Decrease) in Accounts receivable, net",Increase (Decrease) in Inventories,Increase (Decrease) in Other Receivables,Increase (Decrease) in Other Operating Assets,Increase (Decrease) in Accounts Payable,Increase (Decrease) in Deferred Revenue,Increase (Decrease) Other liabilities,Cash generated by operating activities,Purchases of marketable securities,Proceeds from maturities of marketable securities,Proceeds from sales of marketable securities,Purchases of other long-term investments,"Business acquisitions, net of cash acquired",Cash payments for capital asset purchases,Payments for acquisition of intangible assets,Payments for (Proceeds from) Other Investing Activities,Cash used in investing activities,Proceeds from issuance of common stock,Excess tax benefits from stock-based compensation,Cash generated/used in financing activities,Increase/(decrease) in cash and cash equivalents,"Cash paid for income taxes, net"
2009-12-31,,2479762000.0,6247600000.0,803070000.0,,4790834000.0,1456766000.0,,,490054000.0,2389097000.0,1.85,1.83,1289848000.0,1304981000.0,3999818000.0,,407507000.0,,,,328106000.0,8460208000.0,,1314328000.0,6143086000.0,767812000.0,341121000.0,18408320000.0,192412000.0,981784000.0,,3641968000.0,,,,49561000.0,4620672000.0,8359117000.0,818104000.0,13787648000.0,18408320000.0,,394807000.0,-178813000.0,97494000.0,,,31292000.0,-27235000.0,,,2908086000.0,,,,,1209433000.0,567094000.0,,-6487000.0,-1149383000.0,,4750000.0,-945656000.0,810890000.0,
2010-03-31,,606555000.0,1589502000.0,210139000.0,,1100893000.0,488609000.0,,,97002000.0,397653000.0,0.31,0.3,1301248000.0,1326021000.0,3593003000.0,,393414000.0,,,,445695000.0,8277438000.0,,1346850000.0,6130156000.0,703153000.0,255014000.0,18690178000.0,144266000.0,970881000.0,,3587011000.0,,,,49598000.0,4565069000.0,8756770000.0,674500000.0,14125109000.0,18690178000.0,,102069000.0,,,,,,,,,418262000.0,,,,,,152256000.0,,4416000.0,-700969000.0,,20993000.0,-7390000.0,-406815000.0,
2010-06-30,,1221926000.0,3189510000.0,435456000.0,,2216336000.0,973174000.0,,,184196000.0,809845000.0,0.62,0.61,1310042000.0,1329618000.0,4037442000.0,,388925000.0,,,,484205000.0,8675313000.0,,1429210000.0,5921852000.0,610224000.0,283099000.0,18747584000.0,191919000.0,977958000.0,,3564261000.0,,,,46855000.0,4578293000.0,9168962000.0,161133000.0,14169291000.0,18747584000.0,,194052000.0,,,,,,,,,1144641000.0,,,,,7000000.0,359457000.0,,4773000.0,-835635000.0,,24457000.0,50363000.0,37624000.0,
2011-12-31,11651654000.0,3460184000.0,8191470000.0,1235171000.0,,5817981000.0,2373489000.0,,3910046000.0,680659000.0,3229387000.0,2.5,2.46,1292775000.0,1312950000.0,4691101000.0,,681593000.0,,-552247000.0,,581436000.0,12661454000.0,,1986216000.0,8364989000.0,,448416000.0,27320218000.0,283102000.0,1510836000.0,,6734204000.0,,,,58137000.0,9390339000.0,13389465000.0,549468000.0,17929879000.0,27320218000.0,602800000.0,,16958000.0,291822000.0,,,18298000.0,29424000.0,11785000.0,,3273674000.0,,,,,3223055000.0,963498000.0,,108828000.0,-3306862000.0,242210000.0,79681000.0,-838496000.0,-886310000.0,
2012-03-31,3277000000.0,983000000.0,2294000000.0,374000000.0,,1641000000.0,653000000.0,,684000000.0,114000000.0,570000000.0,0.44,0.44,1288000000.0,1308000000.0,4164000000.0,,633000000.0,,,,728000000.0,13089000000.0,,2109000000.0,8440000000.0,,392000000.0,28207000000.0,325000000.0,1530000000.0,,6965000000.0,,,,66000000.0,9498000000.0,13959000000.0,864000000.0,18709000000.0,28207000000.0,,,,,,,,,,,531000000.0,,,,,3000000.0,242000000.0,,5000000.0,-893000000.0,85000000.0,54000000.0,-219000000.0,-527000000.0,
2012-06-30,6675000000.0,1970000000.0,4705000000.0,768000000.0,,3357000000.0,1348000000.0,,1535000000.0,273000000.0,1262000000.0,0.98,0.96,1291000000.0,1309000000.0,4038000000.0,,648000000.0,,,,960000000.0,13278000000.0,,2238000000.0,8417000000.0,,423000000.0,28258000000.0,257000000.0,1468000000.0,,6800000000.0,,,,72000000.0,9346000000.0,14651000000.0,464000000.0,18912000000.0,28258000000.0,,,,,,,,,,,1299000000.0,,,,,133000000.0,599000000.0,,16000000.0,-1474000000.0,225000000.0,68000000.0,-434000000.0,-653000000.0,
2012-09-30,10079000000.0,2992000000.0,7087000000.0,1157000000.0,,5072000000.0,2015000000.0,,2207000000.0,348000000.0,1859000000.0,1.44,1.42,1292000000.0,1314000000.0,7331000000.0,,694000000.0,,,,982000000.0,17410000000.0,,2393000000.0,8492000000.0,,473000000.0,32502000000.0,271000000.0,1776000000.0,,7061000000.0,,,,77000000.0,12589000000.0,15248000000.0,649000000.0,19913000000.0,32502000000.0,,,,,,,,,,,2453000000.0,,,,,143000000.0,961000000.0,,77000000.0,-1904000000.0,359000000.0,95000000.0,2082000000.0,2640000000.0,
2012-12-31,14072000000.0,4216000000.0,9856000000.0,1573000000.0,,6968000000.0,2888000000.0,,3084000000.0,475000000.0,2609000000.0,2.02,1.99,1292000000.0,1313000000.0,6817000000.0,,822000000.0,,-523000000.0,,914000000.0,21398000000.0,,2491000000.0,8537000000.0,,476000000.0,37074000000.0,301000000.0,1916000000.0,,10924000000.0,,,,207000000.0,16209000000.0,15998000000.0,856000000.0,20865000000.0,37074000000.0,767000000.0,,-35000000.0,207000000.0,,,96000000.0,-16000000.0,28000000.0,,3838000000.0,,,,,143000000.0,1257000000.0,,73000000.0,-3763000000.0,483000000.0,130000000.0,1951000000.0,2126000000.0,
2013-03-31,3748000000.0,1152000000.0,2596000000.0,434000000.0,,1796000000.0,800000000.0,,809000000.0,132000000.0,677000000.0,0.52,0.51,1295000000.0,1319000000.0,6530000000.0,,743000000.0,,,,1144000000.0,22336000000.0,,2575000000.0,8455000000.0,,439000000.0,38000000000.0,308000000.0,1885000000.0,,11720000000.0,,,,231000000.0,16888000000.0,16675000000.0,724000000.0,21112000000.0,38000000000.0,,,,,,,,,,,937000000.0,,,,,8000000.0,299000000.0,,5000000.0,-719000000.0,102000000.0,116000000.0,-411000000.0,-287000000.0,
2013-06-30,7625000000.0,2363000000.0,5262000000.0,885000000.0,,3712000000.0,1550000000.0,,1565000000.0,248000000.0,1317000000.0,1.02,1.0,1297000000.0,1316000000.0,6855000000.0,,743000000.0,,,,982000000.0,23446000000.0,,2697000000.0,8394000000.0,,581000000.0,38550000000.0,313000000.0,1711000000.0,,11670000000.0,,,,217000000.0,16899000000.0,17315000000.0,826000000.0,21651000000.0,38550000000.0,,,,,,,,,,,1948000000.0,,,,,15000000.0,652000000.0,,14000000.0,-1090000000.0,244000000.0,161000000.0,-763000000.0,38000000.0,
2013-09-30,11517000000.0,3587000000.0,7930000000.0,1318000000.0,,5581000000.0,2349000000.0,,2438000000.0,432000000.0,2006000000.0,1.55,1.53,1296000000.0,1314000000.0,5280000000.0,,772000000.0,,,,926000000.0,23476000000.0,,2763000000.0,8566000000.0,,261000000.0,40067000000.0,288000000.0,2008000000.0,,12028000000.0,,,,235000000.0,17300000000.0,18004000000.0,1205000000.0,22767000000.0,40067000000.0,,,,,,,,,,,3282000000.0,,,,,85000000.0,969000000.0,,14000000.0,-3994000000.0,301000000.0,180000000.0,-854000000.0,-1537000000.0,
2013-12-31,16047000000.0,5036000000.0,11011000000.0,1768000000.0,,7640000000.0,3371000000.0,,3466000000.0,610000000.0,2856000000.0,2.2,2.18,1295000000.0,1313000000.0,4494000000.0,,899000000.0,,-638000000.0,,1310000000.0,23283000000.0,,2760000000.0,9267000000.0,,266000000.0,41488000000.0,309000000.0,2799000000.0,,12639000000.0,,,,244000000.0,17841000000.0,18854000000.0,1156000000.0,23647000000.0,41488000000.0,976000000.0,,-31000000.0,123000000.0,,,108000000.0,7000000.0,20000000.0,,4995000000.0,,,,,869000000.0,1250000000.0,,22000000.0,-6012000000.0,437000000.0,201000000.0,-1354000000.0,-2323000000.0,
2014-03-31,4262000000.0,1351000000.0,2911000000.0,480000000.0,,2033000000.0,878000000.0,,873000000.0,3199000000.0,-2326000000.0,-1.82,-1.82,1276000000.0,1276000000.0,4415000000.0,,810000000.0,,,,1313000000.0,22359000000.0,,2686000000.0,9257000000.0,,227000000.0,40545000000.0,277000000.0,5523000000.0,,15741000000.0,,,,243000000.0,20936000000.0,16528000000.0,1084000000.0,19609000000.0,40545000000.0,,,,,,,,,,,1174000000.0,,,,,4000000.0,206000000.0,,1000000.0,532000000.0,55000000.0,60000000.0,-1793000000.0,-79000000.0,
2014-06-30,8628000000.0,2743000000.0,5885000000.0,980000000.0,,4213000000.0,1672000000.0,,1676000000.0,3326000000.0,-1650000000.0,-1.3,-1.3,1267000000.0,1267000000.0,3834000000.0,,765000000.0,,,,1268000000.0,22378000000.0,,2685000000.0,9367000000.0,,279000000.0,41640000000.0,312000000.0,5693000000.0,,17538000000.0,,,,240000000.0,22670000000.0,17204000000.0,1231000000.0,18970000000.0,41640000000.0,,,,,,,,,,,2668000000.0,,,,,39000000.0,475000000.0,,6000000.0,-1129000000.0,154000000.0,86000000.0,-2238000000.0,-660000000.0,
2014-09-30,12981000000.0,4132000000.0,8849000000.0,1491000000.0,,6396000000.0,2453000000.0,,2477000000.0,3454000000.0,-977000000.0,-0.78,-0.78,1258000000.0,1258000000.0,4790000000.0,,755000000.0,,,,1384000000.0,25654000000.0,,2825000000.0,9220000000.0,,260000000.0,44476000000.0,339000000.0,5617000000.0,,16491000000.0,,,,120000000.0,24666000000.0,17877000000.0,1223000000.0,19810000000.0,44476000000.0,,,,,,,,,,,4036000000.0,,,,,59000000.0,902000000.0,,6000000.0,-3745000000.0,178000000.0,90000000.0,43000000.0,296000000.0,
2014-12-31,17902000000.0,5732000000.0,12170000000.0,2000000000.0,,8656000000.0,3514000000.0,,3531000000.0,3485000000.0,46000000.0,0.04,0.04,1251000000.0,1262000000.0,6328000000.0,,797000000.0,,-3188000000.0,,1491000000.0,26531000000.0,,2902000000.0,9094000000.0,,264000000.0,45132000000.0,401000000.0,5393000000.0,,17531000000.0,,,,126000000.0,25226000000.0,18900000000.0,1171000000.0,19906000000.0,45132000000.0,1100000000.0,,2808000000.0,-16000000.0,,,-14000000.0,87000000.0,30000000.0,,5677000000.0,,,,,59000000.0,1271000000.0,,13000000.0,-2673000000.0,300000000.0,115000000.0,-1022000000.0,1834000000.0,
2015-03-31,4448000000.0,1450000000.0,2998000000.0,485000000.0,,2266000000.0,732000000.0,,740000000.0,114000000.0,626000000.0,0.51,0.51,1216000000.0,1229000000.0,5473000000.0,,703000000.0,,,,1663000000.0,26514000000.0,,2947000000.0,8965000000.0,,287000000.0,44841000000.0,393000000.0,5145000000.0,,17611000000.0,,,,129000000.0,25303000000.0,19526000000.0,980000000.0,19538000000.0,44841000000.0,,,-87000000.0,,,,,,,,1151000000.0,,,,,0.0,322000000.0,,1000000.0,-724000000.0,38000000.0,28000000.0,-985000000.0,-855000000.0,
2015-06-30,8549000000.0,2585000000.0,5964000000.0,935000000.0,,4423000000.0,1541000000.0,,1676000000.0,323000000.0,709000000.0,0.58,0.58,1217000000.0,1227000000.0,4971000000.0,,662000000.0,,,,1643000000.0,28549000000.0,,2781000000.0,7902000000.0,,262000000.0,45658000000.0,368000000.0,3868000000.0,,17060000000.0,,,,123000000.0,25853000000.0,19609000000.0,942000000.0,19805000000.0,45658000000.0,,,-28000000.0,,,,,,,,2307000000.0,,,,,273000000.0,720000000.0,,2000000.0,-2420000000.0,146000000.0,56000000.0,-978000000.0,-1341000000.0,
2015-09-30,6270000000.0,1278000000.0,4992000000.0,694000000.0,,3457000000.0,1535000000.0,,1756000000.0,332000000.0,1248000000.0,1.03,1.02,1214000000.0,1226000000.0,2387000000.0,,595000000.0,,,,1152000000.0,8280000000.0,,1535000000.0,4442000000.0,,419000000.0,18338000000.0,175000000.0,3106000000.0,,4436000000.0,,,,85000000.0,11846000000.0,7255000000.0,443000000.0,6492000000.0,18338000000.0,,,-115000000.0,,,,,,,,2993000000.0,,,,,24000000.0,539000000.0,,15000000.0,-3288000000.0,173000000.0,72000000.0,-3332000000.0,-3913000000.0,
2015-12-31,8592000000.0,1771000000.0,6821000000.0,923000000.0,,4624000000.0,2197000000.0,,2406000000.0,459000000.0,1725000000.0,1.43,1.42,1208000000.0,1220000000.0,1832000000.0,,619000000.0,,447000000.0,,1154000000.0,7904000000.0,,1554000000.0,4451000000.0,,395000000.0,17785000000.0,349000000.0,1736000000.0,,2263000000.0,,,,75000000.0,11209000000.0,7713000000.0,526000000.0,6576000000.0,17785000000.0,614000000.0,,-32000000.0,105000000.0,,,-143000000.0,226000000.0,9000000.0,,4033000000.0,,,,,24000000.0,668000000.0,,18000000.0,-3611000000.0,221000000.0,74000000.0,-4554000000.0,-4496000000.0,
2016-03-31,2137000000.0,477000000.0,1660000000.0,239000000.0,,1046000000.0,614000000.0,,591000000.0,109000000.0,482000000.0,0.42,0.41,1159000000.0,1170000000.0,2686000000.0,,599000000.0,,,,1091000000.0,9703000000.0,,1497000000.0,4519000000.0,,437000000.0,19608000000.0,275000000.0,1651000000.0,,2107000000.0,,,,74000000.0,13291000000.0,8207000000.0,685000000.0,6317000000.0,19608000000.0,,,,,,,,,,,641000000.0,,,,,,158000000.0,,12000000.0,-1075000000.0,7000000.0,1000000.0,1222000000.0,854000000.0,
2016-06-30,4367000000.0,970000000.0,3397000000.0,534000000.0,,2252000000.0,1145000000.0,,1114000000.0,195000000.0,917000000.0,0.8,0.79,1151000000.0,1159000000.0,2001000000.0,,628000000.0,,,,1200000000.0,9914000000.0,,1502000000.0,4487000000.0,,475000000.0,19993000000.0,304000000.0,1718000000.0,,2206000000.0,,,,76000000.0,13540000000.0,8642000000.0,829000000.0,6453000000.0,19993000000.0,,201000000.0,,,,,,,,,1404000000.0,,,,,,305000000.0,,59000000.0,-1973000000.0,52000000.0,4000000.0,685000000.0,169000000.0,
2016-09-30,6584000000.0,1468000000.0,5116000000.0,822000000.0,,3429000000.0,1687000000.0,,1647000000.0,310000000.0,1330000000.0,1.16,1.15,1143000000.0,1153000000.0,1753000000.0,,626000000.0,,,,1112000000.0,9783000000.0,,1526000000.0,4727000000.0,,428000000.0,20502000000.0,278000000.0,1813000000.0,,3763000000.0,,,,70000000.0,13683000000.0,9036000000.0,1204000000.0,6819000000.0,20502000000.0,,306000000.0,,,,,,,,,2206000000.0,,,,,201000000.0,490000000.0,,24000000.0,-2568000000.0,67000000.0,9000000.0,182000000.0,-79000000.0,
2016-12-31,8979000000.0,2007000000.0,6972000000.0,1114000000.0,,4647000000.0,2325000000.0,,3651000000.0,-3634000000.0,7266000000.0,6.41,6.35,1133000000.0,1144000000.0,1816000000.0,,592000000.0,,3155000000.0,,1134000000.0,8875000000.0,,1516000000.0,4501000000.0,,276000000.0,23847000000.0,283000000.0,1893000000.0,,3847000000.0,,,,64000000.0,13308000000.0,14959000000.0,-124000000.0,10539000000.0,23847000000.0,605000000.0,416000000.0,-4556000000.0,48000000.0,,,-94000000.0,-28000000.0,4000000.0,,2826000000.0,,,,,212000000.0,626000000.0,,21000000.0,-2008000000.0,102000000.0,15000000.0,-744000000.0,-16000000.0,
2017-03-31,2217000000.0,515000000.0,1702000000.0,278000000.0,,1156000000.0,546000000.0,,558000000.0,-477000000.0,1035000000.0,0.96,0.94,1083000000.0,1102000000.0,1979000000.0,,592000000.0,,,,1147000000.0,8493000000.0,,1496000000.0,4648000000.0,,282000000.0,24808000000.0,296000000.0,1693000000.0,,4433000000.0,,,,66000000.0,13213000000.0,15994000000.0,165000000.0,11595000000.0,24808000000.0,,101000000.0,-565000000.0,,,,,,,,582000000.0,,,,,,135000000.0,,0.0,-115000000.0,11000000.0,0.0,-418000000.0,163000000.0,
2017-06-30,4545000000.0,1076000000.0,3469000000.0,591000000.0,,2445000000.0,1024000000.0,,1018000000.0,433000000.0,1062000000.0,0.98,0.97,1080000000.0,1097000000.0,2636000000.0,,619000000.0,,,,1270000000.0,10906000000.0,,1538000000.0,4665000000.0,,286000000.0,27483000000.0,284000000.0,1870000000.0,,4596000000.0,,,,64000000.0,16009000000.0,16021000000.0,437000000.0,11474000000.0,27483000000.0,,238000000.0,-123000000.0,,,,,,,,1281000000.0,,,,,,317000000.0,,21000000.0,-2126000000.0,62000000.0,0.0,1514000000.0,820000000.0,
2017-09-30,6954000000.0,1632000000.0,5322000000.0,907000000.0,,3720000000.0,1602000000.0,,1715000000.0,174000000.0,1585000000.0,1.48,1.45,1074000000.0,1091000000.0,1760000000.0,,626000000.0,,,,1202000000.0,7858000000.0,,1546000000.0,4669000000.0,,276000000.0,25943000000.0,260000000.0,1964000000.0,,3190000000.0,,,,64000000.0,14660000000.0,16544000000.0,538000000.0,11283000000.0,25943000000.0,,356000000.0,-38000000.0,,,,,,,,2158000000.0,,,,,,474000000.0,,24000000.0,-1510000000.0,74000000.0,0.0,-888000000.0,-56000000.0,
2017-12-31,9567000000.0,2222000000.0,7345000000.0,1224000000.0,,5080000000.0,2265000000.0,,2276000000.0,3288000000.0,-1016000000.0,-0.95,-0.95,1064000000.0,1064000000.0,2120000000.0,,695000000.0,,1769000000.0,,1185000000.0,7743000000.0,,1597000000.0,4773000000.0,,273000000.0,25981000000.0,330000000.0,2134000000.0,,3539000000.0,,,,1720000000.0,17918000000.0,13943000000.0,717000000.0,8063000000.0,25981000000.0,612000000.0,483000000.0,1729000000.0,195000000.0,,,-19000000.0,19000000.0,6000000.0,,3146000000.0,,,,,34000000.0,666000000.0,,3000000.0,-1296000000.0,120000000.0,,-1784000000.0,304000000.0,
2018-03-31,2580000000.0,559000000.0,2021000000.0,334000000.0,,1442000000.0,579000000.0,,547000000.0,140000000.0,407000000.0,0.4,0.4,1010000000.0,1029000000.0,2527000000.0,,683000000.0,,,,1274000000.0,6763000000.0,,1548000000.0,4815000000.0,,291000000.0,24555000000.0,252000000.0,1918000000.0,,2568000000.0,,,,1869000000.0,16959000000.0,14335000000.0,800000000.0,7596000000.0,24555000000.0,,120000000.0,-29000000.0,,,,,,,,495000000.0,,,,,,158000000.0,,0.0,1698000000.0,9000000.0,,-1825000000.0,406000000.0,
2018-06-30,5220000000.0,1156000000.0,4064000000.0,686000000.0,,3079000000.0,985000000.0,,1254000000.0,209000000.0,1049000000.0,1.04,1.03,1001000000.0,1016000000.0,1619000000.0,,745000000.0,,,,1432000000.0,6184000000.0,,1576000000.0,5199000000.0,,436000000.0,23988000000.0,253000000.0,2117000000.0,,2608000000.0,,,,1743000000.0,16842000000.0,14977000000.0,581000000.0,7146000000.0,23988000000.0,,271000000.0,-17000000.0,,,,,,,,867000000.0,,,,,302000000.0,342000000.0,,-1000000.0,1547000000.0,67000000.0,,-2867000000.0,-504000000.0,
2018-09-30,7869000000.0,1764000000.0,6105000000.0,993000000.0,,4564000000.0,1541000000.0,,2202000000.0,437000000.0,1770000000.0,1.78,1.76,992000000.0,1005000000.0,2086000000.0,,761000000.0,,,,1364000000.0,6963000000.0,,1580000000.0,5170000000.0,,565000000.0,23652000000.0,225000000.0,1989000000.0,163000000.0,4006000000.0,,,,1740000000.0,16723000000.0,15699000000.0,550000000.0,6929000000.0,23652000000.0,,396000000.0,81000000.0,,,,,,,,1425000000.0,,,,,302000000.0,521000000.0,,-13000000.0,2473000000.0,70000000.0,,-3887000000.0,-39000000.0,
2018-12-31,10746000000.0,2382000000.0,8364000000.0,1285000000.0,,6142000000.0,2222000000.0,,2718000000.0,190000000.0,2530000000.0,2.58,2.55,980000000.0,991000000.0,2202000000.0,,712000000.0,,1868000000.0,,1499000000.0,7126000000.0,,1597000000.0,5160000000.0,,274000000.0,22819000000.0,286000000.0,2335000000.0,170000000.0,4454000000.0,,,,1474000000.0,16538000000.0,16459000000.0,498000000.0,6281000000.0,22819000000.0,626000000.0,538000000.0,-153000000.0,98000000.0,,,,-47000000.0,33000000.0,,2658000000.0,,,,,302000000.0,651000000.0,,-32000000.0,2894000000.0,109000000.0,,-5398000000.0,79000000.0,
2019-03-31,2643000000.0,601000000.0,2042000000.0,297000000.0,,1433000000.0,609000000.0,,673000000.0,152000000.0,518000000.0,0.58,0.57,900000000.0,908000000.0,1695000000.0,,716000000.0,,,,1508000000.0,6665000000.0,,1582000000.0,5208000000.0,,391000000.0,22329000000.0,251000000.0,2418000000.0,174000000.0,4500000000.0,,,,1486000000.0,17126000000.0,16847000000.0,464000000.0,5203000000.0,22329000000.0,,121000000.0,36000000.0,,,,,,,,550000000.0,,,,,93000000.0,182000000.0,,-12000000.0,558000000.0,5000000.0,,-1605000000.0,-507000000.0,
2019-06-30,5330000000.0,1231000000.0,4099000000.0,619000000.0,,2929000000.0,1170000000.0,,1183000000.0,259000000.0,920000000.0,1.05,1.04,880000000.0,887000000.0,1508000000.0,,797000000.0,,,,1570000000.0,6844000000.0,,1573000000.0,5185000000.0,,399000000.0,21169000000.0,303000000.0,2515000000.0,178000000.0,5209000000.0,,,,1408000000.0,17063000000.0,17125000000.0,464000000.0,4106000000.0,21169000000.0,,260000000.0,71000000.0,,,,,,,,1294000000.0,,,,,93000000.0,319000000.0,,-49000000.0,1286000000.0,55000000.0,,-3258000000.0,-698000000.0,
2019-09-30,7979000000.0,1858000000.0,6121000000.0,932000000.0,,4419000000.0,1702000000.0,,1573000000.0,339000000.0,1230000000.0,1.43,1.42,863000000.0,870000000.0,897000000.0,,714000000.0,,,,1409000000.0,5209000000.0,,1516000000.0,5097000000.0,,359000000.0,18714000000.0,296000000.0,2507000000.0,169000000.0,3685000000.0,,,,1407000000.0,15444000000.0,17315000000.0,361000000.0,3270000000.0,18714000000.0,,376000000.0,83000000.0,,,,,,,,2303000000.0,,,,,93000000.0,415000000.0,,-15000000.0,2429000000.0,59000000.0,,-5983000000.0,-1310000000.0,
2019-12-31,10800000000.0,2508000000.0,8292000000.0,1240000000.0,,5971000000.0,2321000000.0,,2207000000.0,415000000.0,1786000000.0,2.1,2.09,849000000.0,856000000.0,975000000.0,,700000000.0,,1731000000.0,,1181000000.0,4706000000.0,,1510000000.0,5153000000.0,,417000000.0,18174000000.0,270000000.0,2404000000.0,158000000.0,4066000000.0,,,,1362000000.0,15304000000.0,17754000000.0,384000000.0,2870000000.0,18174000000.0,628000000.0,505000000.0,117000000.0,124000000.0,,,,4000000.0,0.0,,3114000000.0,,,,,93000000.0,554000000.0,,-23000000.0,2787000000.0,106000000.0,,-7091000000.0,-1223000000.0,
2020-03-31,2374000000.0,526000000.0,1848000000.0,267000000.0,,1219000000.0,629000000.0,,631000000.0,146000000.0,3412000000.0,4.53,4.51,753000000.0,757000000.0,880000000.0,,635000000.0,,,,1183000000.0,6248000000.0,,1409000000.0,4850000000.0,,410000000.0,18929000000.0,268000000.0,2175000000.0,108000000.0,4673000000.0,,,,1342000000.0,16814000000.0,21051000000.0,285000000.0,2115000000.0,18929000000.0,,100000000.0,52000000.0,,,,,,,,592000000.0,,,,,0.0,98000000.0,,-39000000.0,2506000000.0,5000000.0,,-3161000000.0,-97000000.0,
2020-06-30,5239000000.0,1124000000.0,4115000000.0,575000000.0,,2665000000.0,1450000000.0,,1634000000.0,409000000.0,4158000000.0,5.71,5.67,728000000.0,734000000.0,1006000000.0,,845000000.0,,,,1246000000.0,7394000000.0,,1364000000.0,4910000000.0,,719000000.0,20014000000.0,305000000.0,2440000000.0,103000000.0,4692000000.0,,,,1264000000.0,17112000000.0,21681000000.0,321000000.0,2902000000.0,20014000000.0,,216000000.0,104000000.0,,,,,,,,1556000000.0,,,,,42000000.0,196000000.0,,-39000000.0,1869000000.0,50000000.0,,-3370000000.0,29000000.0,
2020-09-30,7403000000.0,1731000000.0,5672000000.0,788000000.0,,3638000000.0,2034000000.0,,2311000000.0,550000000.0,4822000000.0,6.72,6.65,717000000.0,725000000.0,963000000.0,,477000000.0,,,,1486000000.0,6739000000.0,,1301000000.0,4537000000.0,,914000000.0,18421000000.0,307000000.0,2536000000.0,105000000.0,3840000000.0,,,,1264000000.0,15501000000.0,22230000000.0,411000000.0,2920000000.0,18421000000.0,,311000000.0,169000000.0,,,,,,,,1661000000.0,,,,,,326000000.0,,-39000000.0,3580000000.0,55000000.0,,-5143000000.0,123000000.0,
2020-12-31,10271000000.0,2473000000.0,7798000000.0,1087000000.0,,5087000000.0,2711000000.0,,3420000000.0,878000000.0,5667000000.0,7.98,7.89,710000000.0,718000000.0,1428000000.0,,412000000.0,,1176000000.0,,1764000000.0,7190000000.0,,1358000000.0,4675000000.0,,145000000.0,19310000000.0,332000000.0,2910000000.0,110000000.0,4002000000.0,,,,1263000000.0,15749000000.0,22961000000.0,616000000.0,3561000000.0,19310000000.0,580000000.0,431000000.0,408000000.0,-8000000.0,,,,101000000.0,-20000000.0,,2419000000.0,,,,,0.0,494000000.0,,-33000000.0,3794000000.0,90000000.0,,-5692000000.0,598000000.0,
2021-03-31,3023000000.0,823000000.0,2200000000.0,318000000.0,,1358000000.0,842000000.0,,725000000.0,156000000.0,641000000.0,0.94,0.92,681000000.0,693000000.0,1667000000.0,,348000000.0,,,,789000000.0,6691000000.0,,1321000000.0,4591000000.0,,124000000.0,18731000000.0,324000000.0,1849000000.0,114000000.0,5130000000.0,,,,1251000000.0,14961000000.0,23476000000.0,553000000.0,3770000000.0,18731000000.0,,106000000.0,95000000.0,,,,,,,,1042000000.0,,,,,,83000000.0,,-1000000.0,265000000.0,0.0,,-1169000000.0,127000000.0,
2021-06-30,5306000000.0,1278000000.0,4028000000.0,654000000.0,,2455000000.0,1573000000.0,,1125000000.0,263000000.0,11375000000.0,16.79,16.52,678000000.0,689000000.0,2128000000.0,,137000000.0,,,,805000000.0,20061000000.0,,1257000000.0,4212000000.0,,132000000.0,31823000000.0,285000000.0,2044000000.0,90000000.0,5063000000.0,,,,1156000000.0,18807000000.0,34086000000.0,560000000.0,13016000000.0,31823000000.0,,238000000.0,106000000.0,,,,,,,,2109000000.0,,,,,,182000000.0,,-4000000.0,-645000000.0,57000000.0,,-747000000.0,712000000.0,
2021-09-30,7807000000.0,1956000000.0,5851000000.0,988000000.0,,3616000000.0,2235000000.0,,1559000000.0,414000000.0,11639000000.0,17.44,17.16,667000000.0,678000000.0,1244000000.0,,93000000.0,,,,965000000.0,17756000000.0,,1225000000.0,4138000000.0,,133000000.0,29257000000.0,265000000.0,1864000000.0,85000000.0,5296000000.0,,,,1161000000.0,18312000000.0,34230000000.0,522000000.0,10945000000.0,29257000000.0,,365000000.0,41000000.0,,,,,,,,2364000000.0,,,,,,341000000.0,,-13000000.0,878000000.0,57000000.0,,-3245000000.0,27000000.0,
2021-12-31,10420000000.0,2650000000.0,7770000000.0,1325000000.0,,4847000000.0,2923000000.0,,398000000.0,146000000.0,13608000000.0,20.87,20.54,652000000.0,663000000.0,1379000000.0,,98000000.0,,138000000.0,,,9111000000.0,,1236000000.0,4178000000.0,,139000000.0,26626000000.0,262000000.0,1848000000.0,79000000.0,4622000000.0,,,,1183000000.0,16848000000.0,36090000000.0,398000000.0,9778000000.0,26626000000.0,485000000.0,477000000.0,-682000000.0,-195000000.0,,,,9000000.0,-17000000.0,,2657000000.0,,,,,,444000000.0,,-4000000.0,3663000000.0,93000000.0,,-6532000000.0,-188000000.0,
2022-03-31,2483000000.0,689000000.0,1794000000.0,301000000.0,,1102000000.0,692000000.0,,-1649000000.0,-310000000.0,-1341000000.0,-2.28,-2.28,587000000.0,587000000.0,1798000000.0,,87000000.0,,,,1154000000.0,7349000000.0,,1192000000.0,4141000000.0,,543000000.0,22980000000.0,245000000.0,1851000000.0,38000000.0,4982000000.0,,,,1184000000.0,15926000000.0,34615000000.0,342000000.0,7054000000.0,22980000000.0,,111000000.0,-376000000.0,,,,,,,,613000000.0,,,,,,83000000.0,,-3000000.0,1772000000.0,1000000.0,,-1952000000.0,415000000.0,
2022-06-30,4905000000.0,1352000000.0,3553000000.0,645000000.0,,2336000000.0,1217000000.0,,-2376000000.0,-501000000.0,-1872000000.0,-3.27,-3.27,571000000.0,571000000.0,1742000000.0,,82000000.0,,,,1237000000.0,5067000000.0,,1173000000.0,4113000000.0,,467000000.0,19653000000.0,249000000.0,1735000000.0,33000000.0,3972000000.0,,,,1011000000.0,14410000000.0,33960000000.0,323000000.0,5243000000.0,19653000000.0,,248000000.0,-695000000.0,,,,,,,,841000000.0,,,,,,194000000.0,,44000000.0,3764000000.0,55000000.0,,-4182000000.0,366000000.0,
2022-09-30,7285000000.0,1999000000.0,5286000000.0,990000000.0,,3501000000.0,1785000000.0,,-2430000000.0,-485000000.0,-1941000000.0,-3.44,-3.44,563000000.0,563000000.0,2037000000.0,,84000000.0,,,,1162000000.0,5289000000.0,,1194000000.0,4058000000.0,,497000000.0,19097000000.0,224000000.0,1765000000.0,31000000.0,3974000000.0,,,,1028000000.0,14244000000.0,33766000000.0,340000000.0,4853000000.0,19097000000.0,,366000000.0,-807000000.0,,,,,,,,1570000000.0,,,,,,296000000.0,,62000000.0,3755000000.0,55000000.0,,-4536000000.0,700000000.0,
2022-12-31,9795000000.0,2680000000.0,7115000000.0,1330000000.0,,4765000000.0,2350000000.0,,-1601000000.0,-327000000.0,-1269000000.0,-2.27,-2.27,558000000.0,558000000.0,2154000000.0,,90000000.0,,924000000.0,,,9290000000.0,,1238000000.0,4262000000.0,,581000000.0,20850000000.0,261000000.0,1866000000.0,34000000.0,4271000000.0,,,,1042000000.0,15697000000.0,34315000000.0,259000000.0,5153000000.0,20850000000.0,442000000.0,494000000.0,-780000000.0,,,,,6000000.0,,,2254000000.0,,,,,208000000.0,449000000.0,,71000000.0,2461000000.0,87000000.0,,-3792000000.0,866000000.0,
2023-03-31,2510000000.0,700000000.0,1810000000.0,352000000.0,,1252000000.0,558000000.0,,730000000.0,161000000.0,567000000.0,1.06,1.05,537000000.0,541000000.0,2082000000.0,,80000000.0,,,,949000000.0,8598000000.0,,1235000000.0,4287000000.0,,630000000.0,20004000000.0,280000000.0,1829000000.0,45000000.0,3206000000.0,,,,1069000000.0,14617000000.0,34744000000.0,231000000.0,5387000000.0,20004000000.0,,128000000.0,33000000.0,,,,,,,,841000000.0,,,,,,132000000.0,,28000000.0,701000000.0,0.0,,-1388000000.0,159000000.0,
2023-06-30,5050000000.0,1418000000.0,3632000000.0,744000000.0,,2556000000.0,1076000000.0,,1015000000.0,274000000.0,738000000.0,1.37,1.36,536000000.0,539000000.0,2268000000.0,,77000000.0,,,,796000000.0,8717000000.0,,1227000000.0,4244000000.0,,656000000.0,19956000000.0,294000000.0,1790000000.0,37000000.0,3555000000.0,,,,897000000.0,14688000000.0,34775000000.0,167000000.0,5268000000.0,19956000000.0,,282000000.0,-78000000.0,,,,,,,,1442000000.0,,,,,,245000000.0,,26000000.0,424000000.0,48000000.0,,-1458000000.0,402000000.0,
2023-09-30,7550000000.0,2123000000.0,5427000000.0,1145000000.0,,3896000000.0,1531000000.0,,2676000000.0,629000000.0,2043000000.0,3.83,3.8,533000000.0,537000000.0,2550000000.0,,74000000.0,,,,689000000.0,10314000000.0,,1201000000.0,4238000000.0,,547000000.0,21184000000.0,303000000.0,1967000000.0,37000000.0,4782000000.0,,,,911000000.0,15285000000.0,35941000000.0,179000000.0,5899000000.0,21184000000.0,,426000000.0,95000000.0,,,,,,,,2304000000.0,,,,,,330000000.0,,43000000.0,520000000.0,48000000.0,,-2071000000.0,737000000.0,
2023-12-31,10112000000.0,2833000000.0,7279000000.0,1544000000.0,,5338000000.0,1941000000.0,,3707000000.0,932000000.0,2767000000.0,5.22,5.19,530000000.0,533000000.0,1985000000.0,,94000000.0,,680000000.0,,988000000.0,11016000000.0,,1243000000.0,4267000000.0,,379000000.0,21620000000.0,267000000.0,2196000000.0,34000000.0,4520000000.0,,,,936000000.0,15224000000.0,36531000000.0,185000000.0,6396000000.0,21620000000.0,441000000.0,575000000.0,255000000.0,,,,,15000000.0,,,2426000000.0,,,,,0.0,456000000.0,,38000000.0,240000000.0,83000000.0,,-2450000000.0,221000000.0,
2024-03-31,2556000000.0,700000000.0,1856000000.0,351000000.0,,1225000000.0,631000000.0,,536000000.0,97000000.0,438000000.0,0.85,0.85,516000000.0,519000000.0,2130000000.0,,89000000.0,,,,1185000000.0,10406000000.0,,1281000000.0,4235000000.0,,429000000.0,21418000000.0,300000000.0,1929000000.0,33000000.0,5233000000.0,,,,959000000.0,15145000000.0,36826000000.0,171000000.0,6273000000.0,21418000000.0,,146000000.0,40000000.0,,,,,,,,615000000.0,,,,,,143000000.0,,-2000000.0,250000000.0,,,-686000000.0,168000000.0,
2024-06-30,5128000000.0,1435000000.0,3693000000.0,730000000.0,,2513000000.0,1180000000.0,,864000000.0,199000000.0,662000000.0,1.3,1.29,509000000.0,513000000.0,1963000000.0,,96000000.0,,,,1032000000.0,7269000000.0,,1285000000.0,4285000000.0,,457000000.0,20378000000.0,319000000.0,2004000000.0,33000000.0,5799000000.0,,,,734000000.0,14853000000.0,36926000000.0,165000000.0,5525000000.0,20378000000.0,,300000000.0,-523000000.0,,,,,,,,982000000.0,,,,,,232000000.0,,69000000.0,902000000.0,55000000.0,,-1805000000.0,62000000.0,
2024-09-30,7704000000.0,2162000000.0,5542000000.0,1104000000.0,,3767000000.0,1775000000.0,,1661000000.0,360000000.0,1296000000.0,2.58,2.56,502000000.0,507000000.0,1589000000.0,,118000000.0,,,,1186000000.0,7061000000.0,,1273000000.0,4321000000.0,,404000000.0,19915000000.0,283000000.0,2275000000.0,35000000.0,5639000000.0,,,,578000000.0,14495000000.0,37407000000.0,232000000.0,5420000000.0,19915000000.0,,446000000.0,-534000000.0,,,,,,,,1737000000.0,,,,,,341000000.0,,67000000.0,951000000.0,58000000.0,,-2814000000.0,-121000000.0,
