Date,Net sales,Cost of sales,Gross margin,Research and development,"Selling, general and administrative",Total operating expenses,Operating income,"Other income/(expense), net",Income before provision for income taxes,Provision for income taxes,Net income,Earnings per share basic,Earnings per share diluted,Weighted-average basic,Weighted-average diluted,Cash and cash equivalents,Short-term marketable securities,"Accounts receivable, net",Inventories,Deferred tax assets,Vendor non-trade receivables,Other current assets,Total current assets,Long-term marketable securities,"Property, Plant and Equipment, Net",Goodwill,"Acquired intangible assets, net","Other Assets, Noncurrent",Total assets,accounts payable,Accrued expenses,Deferred revenue,Total current liabilities,Deferred revenue - non-current,deferred tax liabilities,long term taxes payable,Total other non-current liabilities,Total liabilities,Retained Earnings (Accumulated Deficit),Accumulated other comprehensive (loss)/income,Total shareholders equity,Total liabilities and shareholders' equity,"Depreciation, amortization and accretion",Stock-based compensation expense,Deferred income tax expense,"Increase (Decrease) in Accounts receivable, net",Increase (Decrease) in Inventories,Increase (Decrease) in Other Receivables,Increase (Decrease) in Other Operating Assets,Increase (Decrease) in Accounts Payable,Increase (Decrease) in Deferred Revenue,Increase (Decrease) Other liabilities,Cash generated by operating activities,Purchases of marketable securities,Proceeds from maturities of marketable securities,Proceeds from sales of marketable securities,Purchases of other long-term investments,"Business acquisitions, net of cash acquired",Cash payments for capital asset purchases,Payments for acquisition of intangible assets,Payments for (Proceeds from) Other Investing Activities,Cash used in investing activities,Proceeds from issuance of common stock,Excess tax benefits from stock-based compensation,Cash generated/used in financing activities,Increase/(decrease) in cash and cash equivalents,"Cash paid for income taxes, net"
2009-12-31,5900600000.0,2978000000.0,,,2174200000.0,,681300000.0,,620100000.0,201400000.0,417300000.0,1.76,1.74,236700000.0,239900000.0,73600000.0,,1016100000.0,493400000.0,83900000.0,,147200000.0,1814200000.0,,1176200000.0,1414100000.0,,303900000.0,5020900000.0,360900000.0,466900000.0,,1250200000.0,,,,288600000.0,,2898100000.0,-232900000.0,2000900000.0,5020900000.0,334300000.0,37300000.0,88100000.0,-45100000.0,-13000000.0,,30700000.0,-25100000.0,,-34000000.0,695000000.0,,,,,,252500000.0,,,-299300000.0,,7700000.0,-397800000.0,6900000.0,
2010-03-31,1432100000.0,716700000.0,,,558100000.0,,153800000.0,,138800000.0,43100000.0,95500000.0,0.41,0.4,235400000.0,239000000.0,85300000.0,,950200000.0,468900000.0,86200000.0,,127700000.0,1718300000.0,,1141800000.0,1342200000.0,,271300000.0,4769200000.0,316000000.0,430100000.0,,1370000000.0,,,,271600000.0,,2957100000.0,-307700000.0,1860700000.0,4769200000.0,86200000.0,4400000.0,2200000.0,-19200000.0,-5000000.0,,-13100000.0,-31300000.0,,-76700000.0,135400000.0,,,,,,51000000.0,,,-57500000.0,,2600000.0,-53900000.0,11700000.0,
2010-06-30,2952300000.0,1466700000.0,,,1123400000.0,,358100000.0,,328100000.0,102900000.0,224800000.0,0.96,0.94,234400000.0,238100000.0,121300000.0,,950100000.0,441300000.0,84500000.0,,138100000.0,1735300000.0,,1124000000.0,1272100000.0,,254600000.0,4663800000.0,324000000.0,438000000.0,,1339900000.0,,70500000.0,81100000.0,259300000.0,,3050100000.0,-380600000.0,1858300000.0,4663800000.0,178000000.0,14200000.0,-800000.0,26800000.0,-12300000.0,,7300000.0,-9400000.0,,-53000000.0,365000000.0,,,,,,125400000.0,,,-134900000.0,,6900000.0,-163800000.0,47700000.0,
2010-09-30,4514200000.0,2230100000.0,,,1681900000.0,,603200000.0,,558300000.0,158800000.0,399000000.0,1.71,1.68,233800000.0,238000000.0,168400000.0,,1019800000.0,456500000.0,78600000.0,,131200000.0,1854500000.0,,1137300000.0,1313800000.0,,264700000.0,4861500000.0,346900000.0,455400000.0,,1438600000.0,,72200000.0,48400000.0,230300000.0,,3188400000.0,-320200000.0,1964200000.0,4861500000.0,259500000.0,21000000.0,2900000.0,74500000.0,-1700000.0,,-2400000.0,9000000.0,,-21200000.0,638200000.0,,,,,,188200000.0,,,-239800000.0,,13300000.0,-285500000.0,94800000.0,
2010-12-31,6089700000.0,3013800000.0,,88000000.0,2261600000.0,,806800000.0,,747700000.0,216600000.0,530300000.0,2.27,2.23,233400000.0,237600000.0,242300000.0,,999600000.0,447600000.0,120300000.0,,101500000.0,1869900000.0,,1148300000.0,1329300000.0,,242200000.0,4872200000.0,349300000.0,441500000.0,,1324800000.0,,65300000.0,38100000.0,192200000.0,,3279100000.0,-271900000.0,2129200000.0,4872200000.0,347900000.0,29200000.0,-31100000.0,39300000.0,-18600000.0,,-42400000.0,6800000.0,,15700000.0,950400000.0,,,,,,297700000.0,,,-303600000.0,,16900000.0,-462200000.0,168700000.0,
2011-03-31,1518300000.0,770400000.0,,,581600000.0,,151700000.0,,138200000.0,44400000.0,93600000.0,0.4,0.4,232000000.0,235900000.0,151400000.0,,1042600000.0,480200000.0,82200000.0,,132500000.0,1888900000.0,,1192500000.0,1465100000.0,,276100000.0,5262300000.0,359700000.0,467600000.0,,1650200000.0,,68400000.0,39300000.0,225400000.0,,3332100000.0,-205200000.0,2210600000.0,5262300000.0,91200000.0,11200000.0,100000.0,-10200000.0,9600000.0,,25400000.0,600000.0,,-36700000.0,56100000.0,,,,,,65800000.0,,,-377800000.0,,2300000.0,219100000.0,-90900000.0,
2011-06-30,3217100000.0,1631200000.0,,,1191200000.0,,350000000.0,,323400000.0,103400000.0,219500000.0,0.95,0.93,231800000.0,236200000.0,163200000.0,,1106700000.0,495500000.0,92800000.0,,136000000.0,1994200000.0,,1212700000.0,1503300000.0,,267400000.0,5407400000.0,400500000.0,527400000.0,,1639600000.0,,71500000.0,37600000.0,227700000.0,,3417500000.0,-159500000.0,2338200000.0,5407400000.0,187900000.0,21000000.0,7300000.0,34300000.0,16800000.0,,26100000.0,34400000.0,,-40900000.0,302100000.0,,,,,,145800000.0,,,-464400000.0,,7800000.0,63500000.0,-79100000.0,
2011-09-30,4953200000.0,2509100000.0,,,1786500000.0,,589600000.0,,549800000.0,175300000.0,,1.61,1.58,231900000.0,236200000.0,207300000.0,,1143100000.0,504900000.0,86500000.0,,149200000.0,2091000000.0,,1218200000.0,1504000000.0,,273600000.0,5505600000.0,413400000.0,531000000.0,,1617700000.0,,71300000.0,30700000.0,222000000.0,,3531200000.0,-160700000.0,2467000000.0,5505600000.0,285000000.0,28000000.0,3300000.0,74100000.0,28000000.0,,40700000.0,47100000.0,,-24400000.0,540700000.0,,,,,,228300000.0,,,-551700000.0,,8900000.0,-42700000.0,-35000000.0,
2011-12-31,6798500000.0,3475600000.0,,96000000.0,2438100000.0,,753800000.0,,679600000.0,216300000.0,,1.95,1.91,236900000.0,242100000.0,1843600000.0,,2095300000.0,1069600000.0,-1036000000.0,,223500000.0,5396000000.0,,2295400000.0,5855300000.0,,418900000.0,18240800000.0,815700000.0,748700000.0,,3166300000.0,,1305300000.0,80800000.0,1546800000.0,,3559900000.0,-344900000.0,5666700000.0,18240800000.0,395700000.0,39900000.0,41700000.0,106000000.0,36100000.0,,60200000.0,60900000.0,,-84900000.0,685500000.0,,,,,285200000.0,366000000.0,,,-2024300000.0,,13700000.0,2933800000.0,,
2012-03-31,2810900000.0,1614000000.0,,,989700000.0,,165800000.0,,79700000.0,35600000.0,49700000.0,0.17,0.17,291500000.0,297900000.0,354000000.0,,2049000000.0,1087400000.0,183200000.0,,286200000.0,3959800000.0,,2331600000.0,5946800000.0,,385700000.0,16861700000.0,805100000.0,808700000.0,,3506600000.0,,1241000000.0,89700000.0,1474300000.0,11056600000.0,3551300000.0,-249500000.0,5733200000.0,16861700000.0,,20900000.0,-83800000.0,-30500000.0,-18600000.0,,45000000.0,-23900000.0,,-42100000.0,110500000.0,,,,,-17900000.0,124200000.0,,,-137300000.0,,7100000.0,-1469800000.0,,
2012-09-30,8792900000.0,4839300000.0,,,2949100000.0,,893500000.0,,679300000.0,212500000.0,,1.62,1.58,292700000.0,298600000.0,324000000.0,,2199000000.0,1103800000.0,186300000.0,,259800000.0,4072900000.0,,2334200000.0,5893700000.0,,318700000.0,16722800000.0,858600000.0,796500000.0,,2818700000.0,,1261600000.0,85500000.0,1494200000.0,10696600000.0,3856900000.0,-353600000.0,5945400000.0,16722800000.0,,50700000.0,14600000.0,174700000.0,27400000.0,,48600000.0,46700000.0,,6800000.0,720800000.0,,,,,-47700000.0,394000000.0,,,-414900000.0,,28100000.0,-1815800000.0,,
2012-12-31,11838700000.0,6483500000.0,,183000000.0,3920200000.0,,1289300000.0,,1012600000.0,311300000.0,,2.41,2.35,292500000.0,298900000.0,1157800000.0,,2225100000.0,1088100000.0,-921400000.0,,215800000.0,4892000000.0,,2409100000.0,5920500000.0,,306600000.0,17572300000.0,879700000.0,771000000.0,,3052700000.0,,1174200000.0,81500000.0,1402900000.0,11412200000.0,4020600000.0,-459700000.0,6077000000.0,17572300000.0,714500000.0,65800000.0,-3200000.0,189700000.0,2000000.0,,-18600000.0,79000000.0,,26200000.0,1203000000.0,,,,,47700000.0,607500000.0,,,-487900000.0,,50100000.0,-1393600000.0,,
2013-03-31,2872100000.0,1564900000.0,,,995800000.0,,261700000.0,,200200000.0,39200000.0,,0.54,0.53,295400000.0,300900000.0,824300000.0,,2182100000.0,1145300000.0,201300000.0,,250400000.0,4603400000.0,,2415500000.0,5908500000.0,,346300000.0,17296200000.0,845000000.0,828600000.0,,2684200000.0,,1190300000.0,78100000.0,1423200000.0,11063700000.0,4112300000.0,-509200000.0,6161700000.0,17296200000.0,,21100000.0,-26900000.0,-30100000.0,54200000.0,,50400000.0,-38000000.0,,-65200000.0,186000000.0,,,,,-91200000.0,129200000.0,,,-220800000.0,,12300000.0,-293500000.0,,
2013-06-30,6209900000.0,3393500000.0,,,2079100000.0,,614000000.0,,486300000.0,109500000.0,,1.25,1.23,301500000.0,307400000.0,375200000.0,,2436300000.0,1373300000.0,203600000.0,,309800000.0,4698200000.0,,2779100000.0,6862300000.0,,369700000.0,19654300000.0,912000000.0,935600000.0,,3245500000.0,,1569700000.0,88600000.0,1803200000.0,12915600000.0,4255900000.0,-582000000.0,6667500000.0,19654300000.0,,39700000.0,-79300000.0,-5000000.0,72600000.0,,87700000.0,-58500000.0,,-161200000.0,393000000.0,,,,,-112300000.0,265100000.0,,,-1728700000.0,,17900000.0,557800000.0,,
2013-09-30,9693900000.0,5276300000.0,,,3176500000.0,,1090000000.0,,895300000.0,211300000.0,,2.27,2.23,301200000.0,307200000.0,394400000.0,,2488900000.0,1378100000.0,196600000.0,,338000000.0,4796000000.0,,2786100000.0,6812800000.0,,367600000.0,19613600000.0,926600000.0,985900000.0,,3200600000.0,,1574400000.0,83900000.0,1787400000.0,12767700000.0,4494700000.0,-700400000.0,6776400000.0,19613600000.0,,53600000.0,-102700000.0,70300000.0,92300000.0,,109500000.0,-40700000.0,,-29100000.0,929200000.0,,,,,-112300000.0,423400000.0,,,-1887300000.0,,26200000.0,194300000.0,,
2013-12-31,13253400000.0,7240100000.0,,188000000.0,4281400000.0,,1560600000.0,,1298300000.0,324700000.0,,3.23,3.16,299900000.0,305900000.0,339200000.0,,2568000000.0,1321900000.0,-1447000000.0,,306300000.0,4698400000.0,,2882000000.0,6862900000.0,,407900000.0,19636500000.0,1021900000.0,953800000.0,,3488700000.0,,1661300000.0,90200000.0,1899300000.0,12227100000.0,4699000000.0,-305200000.0,7344300000.0,19636500000.0,,69600000.0,-130500000.0,147400000.0,30500000.0,,68700000.0,50600000.0,,-600000.0,1559800000.0,,,,,-113800000.0,625100000.0,,,-2087700000.0,,36600000.0,-292600000.0,,
2014-03-31,3336600000.0,1819200000.0,,,1136900000.0,,350900000.0,,285800000.0,91300000.0,,0.64,0.62,300600000.0,306500000.0,300300000.0,,2519600000.0,1367100000.0,170800000.0,,345200000.0,4703000000.0,,2889000000.0,6856600000.0,,413500000.0,19563400000.0,951200000.0,881800000.0,,3904400000.0,,1659700000.0,86700000.0,1893400000.0,12290300000.0,4807200000.0,-373300000.0,7210500000.0,19563400000.0,,22800000.0,-8300000.0,-38300000.0,54800000.0,,44900000.0,-69600000.0,,-57800000.0,214400000.0,,,,,-26500000.0,142200000.0,,,-174400000.0,,22900000.0,-73100000.0,,
2014-06-30,6904800000.0,3728600000.0,,,2289600000.0,,863100000.0,,731800000.0,222300000.0,,1.67,1.64,300100000.0,305900000.0,187000000.0,,2637300000.0,1414300000.0,167300000.0,,366200000.0,4772100000.0,,2938900000.0,6862900000.0,,404000000.0,19613800000.0,1004500000.0,836500000.0,,3966900000.0,,1620800000.0,92300000.0,1850300000.0,12153700000.0,5036300000.0,-350800000.0,7402900000.0,19613800000.0,,42700000.0,-50600000.0,79400000.0,107200000.0,,34800000.0,-20000000.0,,-129100000.0,531900000.0,,,,,-41700000.0,321700000.0,,,-359300000.0,,30900000.0,-319900000.0,,
2014-09-30,10599700000.0,5699200000.0,,,3435500000.0,,1434500000.0,,1239900000.0,361000000.0,,2.89,2.83,300100000.0,306000000.0,197800000.0,,2694400000.0,1464400000.0,166100000.0,,349100000.0,4871800000.0,,2978500000.0,6849100000.0,,403300000.0,19685800000.0,1047300000.0,855900000.0,,4455000000.0,,1583100000.0,86500000.0,1805500000.0,11919500000.0,5318700000.0,-377300000.0,7697900000.0,19685800000.0,,55100000.0,-79100000.0,163500000.0,168700000.0,,51700000.0,29500000.0,,43200000.0,1145000000.0,,,,,-94200000.0,488700000.0,,,-564900000.0,,41700000.0,-713700000.0,,
2014-12-31,14280500000.0,7679100000.0,,197000000.0,4577600000.0,,1955000000.0,,1698400000.0,476200000.0,,4.01,3.93,300100000.0,305900000.0,209600000.0,,2626700000.0,1466900000.0,-1168200000.0,,384700000.0,4871100000.0,,3050600000.0,6717000000.0,,371200000.0,19466700000.0,1162400000.0,869800000.0,,4386600000.0,,1415800000.0,86400000.0,1645500000.0,12084600000.0,5555100000.0,-951900000.0,7315900000.0,19466700000.0,,71100000.0,-121500000.0,175400000.0,210800000.0,,106300000.0,174700000.0,,135000000.0,1815600000.0,,,,,-103300000.0,748700000.0,,-7600000.0,-848300000.0,,55900000.0,-1071000000.0,,
2015-03-31,3297600000.0,1765300000.0,,,1136800000.0,,387700000.0,,325200000.0,89800000.0,,0.78,0.77,298200000.0,303200000.0,237900000.0,,2546900000.0,1503000000.0,172800000.0,,461200000.0,4921800000.0,,3115100000.0,6529000000.0,,359400000.0,19252000000.0,950600000.0,866700000.0,,4121000000.0,,1424500000.0,78500000.0,1645500000.0,12316000000.0,5690400000.0,-1187400000.0,6871000000.0,19252000000.0,,25300000.0,3200000.0,12400000.0,83600000.0,,45300000.0,-170000000.0,,-41200000.0,112500000.0,,,,,-10700000.0,166800000.0,,,-169000000.0,,19700000.0,85900000.0,,
2015-06-30,6686700000.0,3571800000.0,,,2216000000.0,,825500000.0,,701800000.0,157600000.0,,1.8,1.77,297200000.0,302200000.0,310600000.0,,2494800000.0,1462700000.0,164600000.0,,538400000.0,4971100000.0,,3123400000.0,6513400000.0,,378400000.0,19217300000.0,961000000.0,828900000.0,,4446100000.0,,1405400000.0,79700000.0,1627900000.0,12337800000.0,5894700000.0,-1195100000.0,6811600000.0,19217300000.0,,47100000.0,-34900000.0,-22200000.0,66000000.0,,58400000.0,-145700000.0,,-142600000.0,636600000.0,,,,,15500000.0,327500000.0,,,-340000000.0,,31400000.0,-184000000.0,101000000.0,
2015-09-30,10133100000.0,5391800000.0,,,3286700000.0,,1238500000.0,,1057200000.0,262900000.0,,2.67,2.63,296500000.0,301500000.0,184800000.0,,2450000000.0,1439200000.0,235000000.0,,333400000.0,4642400000.0,,3212200000.0,6499200000.0,,357100000.0,18883300000.0,1034500000.0,944300000.0,,3556600000.0,,1355800000.0,83900000.0,1583600000.0,12040700000.0,6055000000.0,-1404600000.0,6783200000.0,18883300000.0,,60100000.0,-176200000.0,11600000.0,77400000.0,,79800000.0,-63900000.0,,133900000.0,1395200000.0,,,,,130300000.0,551600000.0,,,-549100000.0,,36200000.0,-822800000.0,-24800000.0,
2015-12-31,13545100000.0,7223500000.0,,191000000.0,4345500000.0,,1561300000.0,,1317700000.0,300500000.0,,3.38,3.32,296400000.0,301400000.0,92800000.0,,2390200000.0,1388200000.0,250000000.0,,326300000.0,4447500000.0,,3228300000.0,6490800000.0,4109200000.0,365900000.0,18641700000.0,1049600000.0,948300000.0,,4764400000.0,,1281200000.0,81200000.0,1519600000.0,11661300000.0,6160300000.0,-1423300000.0,6909900000.0,18641700000.0,,78200000.0,-244500000.0,24000000.0,48600000.0,,69100000.0,-46100000.0,,108400000.0,1999800000.0,,,,,278800000.0,771000000.0,,,-915800000.0,,57800000.0,-1150900000.0,-116800000.0,
2016-03-31,3097400000.0,1631400000.0,,,1088200000.0,,371500000.0,,305400000.0,73400000.0,,0.78,0.77,294400000.0,298300000.0,268500000.0,,2248800000.0,1386100000.0,,,291500000.0,4194900000.0,,3227000000.0,6474900000.0,4031100000.0,413900000.0,18341800000.0,986100000.0,922800000.0,,4159500000.0,,1106400000.0,,228600000.0,11689700000.0,6288300000.0,-1536100000.0,6581400000.0,18341800000.0,,29100000.0,41100000.0,-113300000.0,1200000.0,,5400000.0,-58200000.0,,-67700000.0,472500000.0,,,,,11800000.0,140100000.0,,,-150900000.0,,6700000.0,-145400000.0,175700000.0,
2016-06-30,6414600000.0,3416600000.0,,,2181500000.0,,784000000.0,,652600000.0,157000000.0,,1.67,1.64,293400000.0,297500000.0,167400000.0,,2318000000.0,1331700000.0,,,278300000.0,4095400000.0,,3257300000.0,6504400000.0,3978300000.0,389200000.0,18224600000.0,977800000.0,964200000.0,,4238400000.0,,1023400000.0,,227800000.0,11555000000.0,6444600000.0,-1492700000.0,6600500000.0,18224600000.0,,53600000.0,-28800000.0,-62500000.0,-40600000.0,,-19700000.0,-79200000.0,,36000000.0,874800000.0,,,,,12800000.0,303700000.0,,,-323900000.0,,19600000.0,-477200000.0,74600000.0,
2016-09-30,9800700000.0,5153800000.0,,,3253100000.0,,1358100000.0,,1161800000.0,286700000.0,,2.95,2.91,292800000.0,297100000.0,180600000.0,,2349600000.0,1342400000.0,,,299400000.0,4172000000.0,,3292900000.0,6515500000.0,3914300000.0,484100000.0,18378800000.0,1022700000.0,991000000.0,,4174000000.0,,1030700000.0,,226400000.0,11437000000.0,6716700000.0,-1452300000.0,6869600000.0,18378800000.0,,67700000.0,-55300000.0,-37800000.0,-34600000.0,,14000000.0,-37600000.0,,134000000.0,1491700000.0,,,,,48500000.0,478600000.0,,,-581800000.0,,39500000.0,-823400000.0,87800000.0,
2016-12-31,13152800000.0,6898900000.0,,189000000.0,4299400000.0,,1915000000.0,,1650400000.0,403300000.0,,4.2,4.14,292500000.0,296700000.0,327400000.0,,2341200000.0,1319400000.0,703000000.0,,291400000.0,4279400000.0,,3365000000.0,6383000000.0,3817800000.0,485000000.0,18330200000.0,983200000.0,891200000.0,,3019400000.0,,970200000.0,,204800000.0,11359300000.0,6975000000.0,-1712900000.0,6901100000.0,18330200000.0,,85700000.0,-90600000.0,-900000.0,-18800000.0,,34900000.0,-55100000.0,,99300000.0,1939700000.0,,,,,85000000.0,707400000.0,,,-829500000.0,,43600000.0,-868200000.0,234600000.0,
2017-03-31,3161600000.0,1691500000.0,,,1090600000.0,,373300000.0,,310800000.0,54000000.0,,0.87,0.86,290600000.0,295000000.0,212100000.0,,2358000000.0,1428300000.0,,,308900000.0,4307300000.0,,3424900000.0,6947800000.0,4086000000.0,457000000.0,19223000000.0,1039300000.0,908000000.0,,4205300000.0,,1076200000.0,,207000000.0,12344500000.0,7123100000.0,-1636100000.0,6809400000.0,19223000000.0,,30900000.0,3200000.0,-76300000.0,67500000.0,,13700000.0,12900000.0,,-73500000.0,425700000.0,,,,,,152000000.0,,,-941500000.0,,,395500000.0,-115300000.0,
2017-06-30,6624300000.0,3563100000.0,,,2205900000.0,,812300000.0,,690200000.0,135300000.0,,1.9,1.87,290200000.0,294600000.0,260700000.0,,2446800000.0,1469800000.0,,,354800000.0,4532100000.0,,3497400000.0,7003800000.0,4061600000.0,428500000.0,19523400000.0,1123600000.0,925800000.0,,4318400000.0,,1028700000.0,,238200000.0,12534700000.0,7312600000.0,-1643900000.0,6919700000.0,19523400000.0,,57500000.0,-14100000.0,-16000000.0,95800000.0,,9600000.0,84000000.0,,-183600000.0,859700000.0,,,,,,340200000.0,,,-1150100000.0,,,226000000.0,-66700000.0,
2017-09-30,10187600000.0,5454400000.0,,,3293200000.0,,1392100000.0,,1214900000.0,264200000.0,,3.25,3.2,289800000.0,294200000.0,209100000.0,,2533200000.0,1509000000.0,,,363200000.0,4614500000.0,,3617200000.0,7154400000.0,4039600000.0,431000000.0,19856700000.0,1115900000.0,1006200000.0,,3756600000.0,,1030200000.0,,302500000.0,12557500000.0,7598000000.0,-1564300000.0,7222300000.0,19856700000.0,,71800000.0,10400000.0,23500000.0,116900000.0,,-8400000.0,57000000.0,,-107200000.0,1444900000.0,,,,,,538200000.0,,,-1368100000.0,,,-200500000.0,-118300000.0,
2017-12-31,13838300000.0,7405100000.0,,201000000.0,4417100000.0,,2019800000.0,,1764800000.0,242400000.0,,5.21,5.13,289600000.0,294000000.0,211400000.0,,2574100000.0,1445900000.0,566700000.0,,365000000.0,4596400000.0,,3707100000.0,7167100000.0,4017600000.0,474200000.0,19962400000.0,1177100000.0,957300000.0,,3431800000.0,,642800000.0,,415300000.0,12273700000.0,8045400000.0,-1642300000.0,7618500000.0,19962400000.0,,90500000.0,-354500000.0,91800000.0,85500000.0,,48900000.0,121100000.0,,144800000.0,2091300000.0,,,,,,789600000.0,,,-1673200000.0,,,-522700000.0,-116000000.0,
2018-03-31,3470900000.0,2082100000.0,,,1008500000.0,,354300000.0,19400000.0,317300000.0,69100000.0,,0.86,0.84,288600000.0,292700000.0,175500000.0,,2574300000.0,1541800000.0,,,305200000.0,4596800000.0,,3779900000.0,7303000000.0,4012200000.0,492400000.0,20184300000.0,1229100000.0,1068900000.0,,3982800000.0,,652800000.0,,453400000.0,12514400000.0,8097000000.0,-1558300000.0,7601000000.0,20184300000.0,,33700000.0,13300000.0,-33900000.0,77200000.0,,1000000.0,40400000.0,,-18000000.0,487200000.0,,,,,,203300000.0,,,-255800000.0,,,-265000000.0,-35900000.0,
2018-06-30,7160500000.0,4238200000.0,,,2035300000.0,,848900000.0,39000000.0,775200000.0,173400000.0,,2.07,2.04,288800000.0,293300000.0,54200000.0,,2635400000.0,1557600000.0,,,360700000.0,4607900000.0,,3758700000.0,7190900000.0,3909800000.0,484300000.0,19951600000.0,1242100000.0,984900000.0,,3623800000.0,,688300000.0,,406900000.0,12043100000.0,8329900000.0,-1592700000.0,7849500000.0,19951600000.0,,61800000.0,32600000.0,88500000.0,118900000.0,,47100000.0,79800000.0,,-190600000.0,785700000.0,,,,,,412500000.0,,800000.0,-444400000.0,,,-506500000.0,-157200000.0,
2018-09-30,10907700000.0,6438400000.0,,,2990500000.0,,1365100000.0,60000000.0,1256700000.0,216600000.0,,3.58,3.53,288800000.0,293400000.0,203600000.0,,2652700000.0,1587900000.0,,,378100000.0,4822300000.0,,3778000000.0,7078400000.0,3820400000.0,463500000.0,19962600000.0,1195300000.0,1046600000.0,,3589800000.0,,711800000.0,,376300000.0,11979600000.0,8646900000.0,-1765400000.0,7929400000.0,19962600000.0,,75500000.0,56600000.0,161300000.0,171200000.0,,22900000.0,52200000.0,,-173800000.0,1450400000.0,,,,,,634100000.0,,-10000000.0,-648900000.0,,,-819500000.0,-7800000.0,
2018-12-31,14668200000.0,8625900000.0,,216000000.0,3968600000.0,,1947000000.0,79900000.0,1804600000.0,364300000.0,,4.95,4.88,288600000.0,292800000.0,114700000.0,,2662500000.0,1546400000.0,438500000.0,,354100000.0,4677700000.0,,3836000000.0,7078000000.0,3797700000.0,685100000.0,20074500000.0,1255600000.0,1006100000.0,,3685600000.0,,764600000.0,,324800000.0,12020900000.0,8909500000.0,-1761700000.0,8003200000.0,20074500000.0,,94400000.0,85100000.0,164100000.0,141100000.0,,80700000.0,113500000.0,,-47400000.0,2277700000.0,,,,,,847100000.0,,6400000.0,-1030000000.0,,,-1172700000.0,82600000.0,
2019-03-31,3505400000.0,2096700000.0,,,1001200000.0,,367200000.0,21200000.0,339000000.0,38600000.0,,1.03,1.01,288200000.0,292300000.0,79000000.0,,2691600000.0,1645600000.0,,,334800000.0,4751000000.0,,3878600000.0,7324200000.0,3877300000.0,525600000.0,20927600000.0,1237700000.0,1218200000.0,,4156000000.0,,792300000.0,,349700000.0,12660700000.0,9131800000.0,-1734900000.0,8220700000.0,20927600000.0,,32200000.0,-5000000.0,-8000000.0,83000000.0,,-5900000.0,-35300000.0,,-92500000.0,378100000.0,,,,,,187000000.0,,10000000.0,-477400000.0,,,-117500000.0,-215000000.0,
2019-06-30,7264800000.0,4297800000.0,,,2011000000.0,,865800000.0,42100000.0,809000000.0,136400000.0,,2.31,2.28,287900000.0,292200000.0,85700000.0,,2747100000.0,1625300000.0,,,395400000.0,4853500000.0,,3866900000.0,7234100000.0,3776200000.0,547100000.0,20827600000.0,1297900000.0,1218400000.0,,4127700000.0,,791200000.0,,325400000.0,12558200000.0,9368000000.0,-1836400000.0,8225400000.0,20827600000.0,,59500000.0,-3100000.0,75200000.0,82900000.0,,66400000.0,36200000.0,,-122600000.0,917500000.0,,,,,,370500000.0,,7500000.0,-657500000.0,,,-475700000.0,-208300000.0,
2019-09-30,11082700000.0,6505200000.0,,,2973500000.0,,1453400000.0,62900000.0,1371300000.0,229400000.0,,3.92,3.86,288100000.0,292800000.0,135900000.0,,2722500000.0,1586700000.0,,,425000000.0,4870100000.0,,3861500000.0,7220600000.0,3728300000.0,584800000.0,20835600000.0,1269400000.0,1259800000.0,,3919500000.0,,821600000.0,,302700000.0,12223200000.0,9699700000.0,-1884700000.0,8567700000.0,20835600000.0,,73200000.0,17800000.0,75700000.0,47600000.0,,142200000.0,11000000.0,,-4300000.0,1599700000.0,,,,,,550400000.0,,7500000.0,-929200000.0,,,-847500000.0,-158100000.0,
2019-12-31,14906300000.0,8723400000.0,,209000000.0,3957500000.0,,2013800000.0,76300000.0,1898900000.0,322700000.0,,5.41,5.33,288100000.0,292500000.0,186400000.0,,2796500000.0,1505600000.0,635300000.0,,339900000.0,4828400000.0,,3954900000.0,7251700000.0,3672500000.0,584100000.0,20869100000.0,1284300000.0,1223400000.0,,3630600000.0,,,,285600000.0,12143300000.0,9993700000.0,-2089700000.0,8685300000.0,20869100000.0,,91100000.0,-37700000.0,137200000.0,-41000000.0,,81500000.0,22300000.0,,76000000.0,2420700000.0,,,,,,800600000.0,,24800000.0,-1199100000.0,,,-1349600000.0,-107600000.0,
2020-03-31,3581400000.0,2116800000.0,,,1015000000.0,,397200000.0,15200000.0,364300000.0,74100000.0,,0.98,0.97,288800000.0,292600000.0,1661900000.0,,2855900000.0,1529700000.0,,,389600000.0,6437100000.0,,3920700000.0,7231500000.0,3591900000.0,599900000.0,22339600000.0,1279500000.0,1285300000.0,,4257400000.0,,,,261300000.0,13479000000.0,10136900000.0,-2113700000.0,8822100000.0,22339600000.0,,29100000.0,-5300000.0,76200000.0,26000000.0,,48800000.0,,,-25700000.0,371800000.0,,,,,,160700000.0,,4900000.0,-165700000.0,,,1265800000.0,1475500000.0,
2020-06-30,5706300000.0,3355900000.0,,,1696900000.0,,568200000.0,30500000.0,491700000.0,61100000.0,,-7.06,-6.98,288500000.0,292000000.0,1369000000.0,,2255500000.0,1228700000.0,,,313000000.0,5166200000.0,,3138900000.0,5759900000.0,3019200000.0,558300000.0,18082400000.0,1087700000.0,1087200000.0,,3227700000.0,,,,260300000.0,12192200000.0,7967800000.0,-1989700000.0,5855200000.0,18082400000.0,,53700000.0,-25000000.0,-96100000.0,151900000.0,,49300000.0,20100000.0,,-143800000.0,758600000.0,,,,,,250600000.0,,9400000.0,-178900000.0,,,719000000.0,1250200000.0,
2020-09-30,8724900000.0,5125500000.0,,,2499500000.0,,979600000.0,45600000.0,783400000.0,103500000.0,,-5.24,-5.18,287500000.0,290800000.0,1034700000.0,,2320700000.0,1287800000.0,,,348800000.0,4992000000.0,,3146200000.0,5958000000.0,3023400000.0,543600000.0,18097100000.0,1108400000.0,1241400000.0,,3106400000.0,,,,301100000.0,12047700000.0,8079900000.0,-1945900000.0,6014700000.0,18097100000.0,,65100000.0,-16600000.0,-98500000.0,176100000.0,,22400000.0,11800000.0,,-243100000.0,1210400000.0,,,,,,362300000.0,,4500000.0,-352700000.0,,,28700000.0,848300000.0,
2020-12-31,11790200000.0,6905800000.0,,185000000.0,3309100000.0,,1395700000.0,55900000.0,1161400000.0,176600000.0,,-4.2,-4.15,287000000.0,290300000.0,1260200000.0,,2273800000.0,1285200000.0,701000000.0,,298200000.0,5117400000.0,,3124900000.0,6006900000.0,2977000000.0,476000000.0,18126000000.0,1160600000.0,1188900000.0,,2932200000.0,,,,312400000.0,11924500000.0,8243000000.0,-1994400000.0,6166500000.0,18126000000.0,,82100000.0,-39300000.0,-155600000.0,179500000.0,,-42300000.0,55900000.0,,-283500000.0,1860200000.0,,,,,,489000000.0,,3200000.0,-414500000.0,,,-341800000.0,1073800000.0,
2021-03-31,2885000000.0,1712000000.0,,,862900000.0,,297300000.0,17000000.0,262600000.0,66100000.0,,0.68,0.67,286000000.0,288800000.0,1189500000.0,,2272000000.0,1347000000.0,,,341500000.0,5150000000.0,,3078700000.0,6119500000.0,2966800000.0,480600000.0,18208100000.0,1128200000.0,1189700000.0,,2852200000.0,,,,324200000.0,11888000000.0,8299300000.0,-1914500000.0,6292300000.0,18208100000.0,,31300000.0,,-23600000.0,45900000.0,,35300000.0,-44600000.0,,-68300000.0,295300000.0,,,,,,102100000.0,,2400000.0,-192400000.0,,,-183100000.0,-70700000.0,
2021-06-30,6047700000.0,3556000000.0,,,1716200000.0,,745100000.0,14500000.0,662300000.0,152200000.0,,1.76,1.75,286000000.0,288900000.0,1402400000.0,,2331000000.0,1418500000.0,,,335500000.0,5487400000.0,,3077900000.0,6172400000.0,2925400000.0,479100000.0,18533700000.0,1213300000.0,1170500000.0,,2880300000.0,,,,320500000.0,11797400000.0,8472800000.0,-1710600000.0,6709100000.0,18533700000.0,,58900000.0,,19100000.0,103500000.0,,53800000.0,33500000.0,,-71100000.0,798300000.0,,,,,,245600000.0,,12700000.0,-347800000.0,,,-318300000.0,142200000.0,
2021-09-30,9368500000.0,5572700000.0,,,2548200000.0,,1210900000.0,27500000.0,1064700000.0,226000000.0,,2.9,2.87,286400000.0,289200000.0,897900000.0,,2384100000.0,1378200000.0,,,326600000.0,4986800000.0,,3069600000.0,6125600000.0,2889700000.0,477100000.0,17926200000.0,1237100000.0,1117800000.0,,2894500000.0,,,,289100000.0,10964400000.0,8659800000.0,-1733500000.0,6933500000.0,17926200000.0,,72500000.0,,101000000.0,79800000.0,,48100000.0,71500000.0,,-5600000.0,1421000000.0,,,,,,423800000.0,,17100000.0,-638500000.0,,,-1159300000.0,-362300000.0,
2021-12-31,12733100000.0,7615800000.0,,186000000.0,3416100000.0,,1598600000.0,33900000.0,1414200000.0,270200000.0,,3.95,3.91,286300000.0,289100000.0,359900000.0,,2478400000.0,1491800000.0,625300000.0,,357000000.0,4687100000.0,,3288500000.0,8063900000.0,4224100000.0,546000000.0,21206400000.0,1384200000.0,1144200000.0,,3553200000.0,,,,254100000.0,13953300000.0,8814500000.0,-1634800000.0,7224200000.0,21206400000.0,,89500000.0,-900000.0,178200000.0,73000000.0,,92900000.0,200400000.0,,144300000.0,2061900000.0,,,,,,643000000.0,,25200000.0,-4579700000.0,,,1603200000.0,-900300000.0,
2022-03-31,3266700000.0,2073400000.0,,,914700000.0,,254500000.0,18800000.0,220300000.0,45600000.0,171900000.0,0.6,0.6,286200000.0,288100000.0,99400000.0,,2508200000.0,1589900000.0,,,407000000.0,4604500000.0,,3285700000.0,8081000000.0,4138300000.0,571900000.0,21067200000.0,1423900000.0,1136100000.0,,3631300000.0,,,,294700000.0,13962100000.0,8840400000.0,-1563600000.0,7081600000.0,21067200000.0,,28200000.0,,29600000.0,94800000.0,,127200000.0,25500000.0,,1400000.0,170100000.0,,,,,,148700000.0,,-19200000.0,-129200000.0,,,-305300000.0,-260500000.0,
2022-06-30,6847300000.0,4284500000.0,,,1854800000.0,,680300000.0,38300000.0,609600000.0,122200000.0,480200000.0,1.68,1.67,285700000.0,287400000.0,124900000.0,,2668000000.0,1720700000.0,,,391400000.0,4905000000.0,,3264000000.0,7935900000.0,4030600000.0,627300000.0,21163600000.0,1524800000.0,1154500000.0,,3806000000.0,,,,311200000.0,14045200000.0,9003300000.0,-1617900000.0,7093400000.0,21163600000.0,,52800000.0,,234000000.0,250800000.0,,43200000.0,163800000.0,,-54200000.0,492500000.0,,,,,,317500000.0,,-13200000.0,-310800000.0,,,-428200000.0,-235000000.0,
2022-09-30,10516600000.0,6576100000.0,,,2731700000.0,,1163300000.0,32600000.0,1021800000.0,182400000.0,827300000.0,2.9,2.88,285400000.0,287000000.0,112900000.0,,2714300000.0,1802700000.0,,,469400000.0,5099300000.0,,3260900000.0,7741400000.0,3915000000.0,593400000.0,21037000000.0,1584400000.0,1145400000.0,,3772300000.0,,,,375500000.0,13947100000.0,9205100000.0,-1830500000.0,7062600000.0,21037000000.0,,67200000.0,14600000.0,350800000.0,385700000.0,,345000000.0,260200000.0,,284200000.0,929200000.0,,,,,,510000000.0,,-9400000.0,-506400000.0,,,-675600000.0,-247000000.0,
2022-12-31,14187800000.0,8831000000.0,,190000000.0,3653800000.0,,1562500000.0,24500000.0,1343400000.0,234500000.0,,3.83,3.81,285200000.0,286600000.0,598600000.0,,2698100000.0,1792800000.0,719700000.0,,404700000.0,5494200000.0,,3293400000.0,8012700000.0,3680700000.0,535100000.0,21464300000.0,1728200000.0,1285900000.0,,4210400000.0,,,,406300000.0,14205700000.0,9318800000.0,-1726600000.0,7236100000.0,21464300000.0,,87800000.0,-142600000.0,319600000.0,402900000.0,,278200000.0,394700000.0,,329300000.0,1788400000.0,,,,,,712800000.0,,-1000000.0,-716800000.0,,,-837300000.0,238700000.0,
2023-03-31,3571600000.0,2205200000.0,,,990300000.0,,351600000.0,13100000.0,290500000.0,52400000.0,233400000.0,0.82,0.82,284600000.0,285900000.0,419400000.0,,2667800000.0,1727300000.0,,,458300000.0,5272800000.0,,3312700000.0,8062200000.0,3616800000.0,556400000.0,21251500000.0,1469900000.0,1279800000.0,,4489600000.0,,,,390200000.0,13886500000.0,9401300000.0,-1737200000.0,7344200000.0,21251500000.0,,31400000.0,,-41000000.0,-70600000.0,,-3500000.0,-268500000.0,,-97200000.0,198200000.0,,,,,,173700000.0,,20500000.0,-189400000.0,,,-166400000.0,-179200000.0,
2023-06-30,7423700000.0,4540000000.0,,,2001900000.0,,836300000.0,27500000.0,711800000.0,139000000.0,563100000.0,1.98,1.97,284900000.0,286300000.0,554200000.0,,2780100000.0,1646200000.0,,,456000000.0,5436500000.0,,3326500000.0,8101300000.0,3603600000.0,541500000.0,21456200000.0,1476800000.0,1282400000.0,,4467500000.0,,,,438300000.0,13875700000.0,9580000000.0,-1761800000.0,7556700000.0,21456200000.0,,58700000.0,,52800000.0,-150900000.0,,-19200000.0,-264700000.0,,-101600000.0,771600000.0,,,,,,345700000.0,,21400000.0,-463500000.0,,,-322200000.0,-44400000.0,
2023-09-30,11381800000.0,6870500000.0,,,3026800000.0,,1402300000.0,42000000.0,1218000000.0,235800000.0,967100000.0,3.39,3.38,285100000.0,286900000.0,1001300000.0,,2823500000.0,1536000000.0,,,428600000.0,5789400000.0,,3332800000.0,8098400000.0,3528600000.0,572900000.0,21858100000.0,1498800000.0,1285000000.0,,4600500000.0,,,,455000000.0,14035600000.0,9832800000.0,-1801400000.0,7795800000.0,21858100000.0,,73400000.0,14600000.0,88900000.0,-266400000.0,,-25200000.0,-245700000.0,,-17900000.0,1559300000.0,,,,,,512200000.0,,32600000.0,-642100000.0,,,-469200000.0,402700000.0,
2023-12-31,15320200000.0,9154900000.0,,192000000.0,4061600000.0,,1992300000.0,59900000.0,1755500000.0,362500000.0,1372300000.0,4.82,4.79,285000000.0,286500000.0,919500000.0,,2834200000.0,1497200000.0,831900000.0,,393200000.0,5644100000.0,,3474600000.0,8148200000.0,3493500000.0,532700000.0,21846600000.0,1566300000.0,1334900000.0,,4345800000.0,,,,381800000.0,13774400000.0,10075400000.0,-1850400000.0,8044700000.0,21846600000.0,,95100000.0,-55100000.0,84300000.0,-320300000.0,,-72200000.0,-232300000.0,,86800000.0,2411800000.0,,,,,,774800000.0,,45200000.0,-990500000.0,,,-1054700000.0,320900000.0,
2024-03-31,3751900000.0,2128100000.0,,,1077700000.0,,517900000.0,12600000.0,458900000.0,42300000.0,412100000.0,1.44,1.43,285700000.0,287800000.0,479900000.0,,2786600000.0,1565900000.0,,,379300000.0,5211700000.0,,3451100000.0,8111400000.0,3413600000.0,544400000.0,21298500000.0,1607100000.0,1354100000.0,,3701100000.0,,,,416800000.0,13072900000.0,10324500000.0,-1881200000.0,8205600000.0,21298500000.0,,47000000.0,,-49000000.0,65500000.0,,-21300000.0,82700000.0,,-52500000.0,649400000.0,,,,,,201500000.0,,200000.0,-201000000.0,,,-889300000.0,-439600000.0,
2024-06-30,7737700000.0,4369100000.0,,,2153400000.0,,1174800000.0,25200000.0,1049600000.0,138000000.0,903000000.0,3.17,3.14,285200000.0,287400000.0,384000000.0,,2876300000.0,1505900000.0,,,420500000.0,5752300000.0,,3416900000.0,7821900000.0,3334000000.0,563700000.0,21461800000.0,1690700000.0,1410800000.0,,3847600000.0,,,,411100000.0,13153900000.0,10653300000.0,-1899400000.0,8287400000.0,21461800000.0,,82900000.0,,110100000.0,92300000.0,,9100000.0,210100000.0,,-45600000.0,1260500000.0,,,,,,398400000.0,,11800000.0,-445400000.0,,,-1335700000.0,,
2024-09-30,11736200000.0,6630600000.0,,,3178200000.0,,2219600000.0,38100000.0,2036900000.0,384500000.0,1639500000.0,5.76,5.72,284600000.0,286800000.0,1261100000.0,,2883000000.0,1572400000.0,,,401800000.0,6118300000.0,,3545500000.0,7898700000.0,3282100000.0,568800000.0,22101600000.0,1812300000.0,1413800000.0,,4709100000.0,,,,401500000.0,13526100000.0,11228400000.0,-1853800000.0,8547800000.0,22101600000.0,,109500000.0,,109300000.0,163600000.0,,41100000.0,277700000.0,,180300000.0,2047200000.0,,,,,,634800000.0,,8100000.0,193700000.0,,,-1884000000.0,,
