Date,Net sales,Cost of sales,Gross margin,Research and development,"Selling, general and administrative",Total operating expenses,Operating income,"Other income/(expense), net",Income before provision for income taxes,Provision for income taxes,Net income,Earnings per share basic,Earnings per share diluted,Weighted-average basic,Weighted-average diluted,Cash and cash equivalents,Short-term marketable securities,"Accounts receivable, net",Inventories,Deferred tax assets,Vendor non-trade receivables,Other current assets,Total current assets,Long-term marketable securities,"Property, Plant and Equipment, Net",Goodwill,"Acquired intangible assets, net","Other Assets, Noncurrent",Total assets,accounts payable,Accrued expenses,Deferred revenue,Total current liabilities,Deferred revenue - non-current,deferred tax liabilities,long term taxes payable,Total other non-current liabilities,Total liabilities,Retained Earnings (Accumulated Deficit),Accumulated other comprehensive (loss)/income,Total shareholders equity,Total liabilities and shareholders' equity,"Depreciation, amortization and accretion",Stock-based compensation expense,Deferred income tax expense,"Increase (Decrease) in Accounts receivable, net",Increase (Decrease) in Inventories,Increase (Decrease) in Other Receivables,Increase (Decrease) in Other Operating Assets,Increase (Decrease) in Accounts Payable,Increase (Decrease) in Deferred Revenue,Increase (Decrease) Other liabilities,Cash generated by operating activities,Purchases of marketable securities,Proceeds from maturities of marketable securities,Proceeds from sales of marketable securities,Purchases of other long-term investments,"Business acquisitions, net of cash acquired",Cash payments for capital asset purchases,Payments for acquisition of intangible assets,Payments for (Proceeds from) Other Investing Activities,Cash used in investing activities,Proceeds from issuance of common stock,Excess tax benefits from stock-based compensation,Cash generated/used in financing activities,Increase/(decrease) in cash and cash equivalents,"Cash paid for income taxes, net"
2010-06-30,6478000000.0,,,,,5557000000.0,921000000.0,21000000.0,643000000.0,228000000.0,415000000.0,1.45,1.44,282000000.0,283500000.0,178000000.0,,1075000000.0,,,,152000000.0,3158000000.0,,23097000000.0,420000000.0,3000000.0,283000000.0,34389000000.0,1094000000.0,397000000.0,,2675000000.0,,,,100000000.0,,,,10593000000.0,34389000000.0,415000000.0,,46000000.0,28000000.0,-27000000.0,-79000000.0,7000000.0,-79000000.0,,66000000.0,795000000.0,,,,,,4000000.0,,,-1007000000.0,25000000.0,,130000000.0,-82000000.0,
2010-09-30,,,,,,,,,,,,2.69,2.68,283000000.0,284600000.0,,,,,64000000.0,,,,,,,,,,,,,,,,,,,,,,,,,,,,,,,,,,,,,,,,,,,,,,,
2010-12-31,,,,23000000.0,,,,,,,,,,,,,,,,6541000000.0,,,,,,,,,,,,633000000.0,,,,,,,,,,,,,,,,,,,,,,,,,,,,,,,,,,,
2011-03-31,3349000000.0,,,,,2723000000.0,626000000.0,9000000.0,483000000.0,169000000.0,314000000.0,1.07,1.06,292000000.0,293600000.0,516000000.0,,1178000000.0,,,,202000000.0,3590000000.0,,24068000000.0,429000000.0,3000000.0,309000000.0,36186000000.0,967000000.0,457000000.0,,2676000000.0,,,,121000000.0,,,,11444000000.0,36186000000.0,218000000.0,,232000000.0,5000000.0,-103000000.0,-66000000.0,1000000.0,-154000000.0,,-2000000.0,362000000.0,,,,,,23000000.0,,,-496000000.0,25000000.0,,312000000.0,178000000.0,
2011-06-30,6342000000.0,,,,,5318000000.0,1024000000.0,15000000.0,735000000.0,252000000.0,483000000.0,1.63,1.62,292700000.0,294300000.0,492000000.0,,1101000000.0,,,,176000000.0,3209000000.0,,24414000000.0,429000000.0,3000000.0,277000000.0,36019000000.0,1033000000.0,622000000.0,,2473000000.0,,,,124000000.0,,,,11464000000.0,36019000000.0,437000000.0,,181000000.0,-72000000.0,-38000000.0,-69000000.0,,-76000000.0,,-18000000.0,1589000000.0,,,,,,50000000.0,,-4000000.0,-1129000000.0,58000000.0,,-306000000.0,154000000.0,
2011-09-30,9972000000.0,,,,,8191000000.0,1781000000.0,13000000.0,1346000000.0,477000000.0,869000000.0,2.94,2.92,292900000.0,294600000.0,398000000.0,,1177000000.0,,,,153000000.0,3458000000.0,,24698000000.0,429000000.0,3000000.0,267000000.0,36535000000.0,1062000000.0,460000000.0,,2959000000.0,,,,118000000.0,,,,11667000000.0,36535000000.0,659000000.0,,368000000.0,4000000.0,27000000.0,-70000000.0,,-50000000.0,,10000000.0,2161000000.0,,,,,,57000000.0,,-4000000.0,-1611000000.0,81000000.0,,-490000000.0,60000000.0,
2011-12-31,12938000000.0,,,23000000.0,,10699000000.0,2239000000.0,17000000.0,1662000000.0,600000000.0,1062000000.0,3.59,3.57,292600000.0,294400000.0,648000000.0,,1123000000.0,,7297000000.0,,159000000.0,3638000000.0,,25093000000.0,429000000.0,3000000.0,259000000.0,39214000000.0,961000000.0,468000000.0,474000000.0,2987000000.0,,,,131000000.0,,,-58000000.0,11649000000.0,39214000000.0,884000000.0,,491000000.0,-50000000.0,8000000.0,-51000000.0,,-195000000.0,,62000000.0,3137000000.0,,,,,,80000000.0,,-4000000.0,-2150000000.0,118000000.0,,-677000000.0,310000000.0,
2012-03-31,3078000000.0,,,,,2517000000.0,561000000.0,3000000.0,414000000.0,134000000.0,280000000.0,0.95,0.94,292900000.0,294500000.0,769000000.0,,1069000000.0,,285000000.0,,205000000.0,3904000000.0,,25353000000.0,429000000.0,3000000.0,296000000.0,39701000000.0,844000000.0,405000000.0,,3840000000.0,,,,131000000.0,,,,11545000000.0,39701000000.0,233000000.0,,68000000.0,-54000000.0,-31000000.0,2000000.0,,-78000000.0,,-48000000.0,402000000.0,,,,,,9000000.0,,-6000000.0,-490000000.0,-8000000.0,,209000000.0,121000000.0,
2012-06-30,5849000000.0,,,,,4813000000.0,1036000000.0,2000000.0,734000000.0,240000000.0,494000000.0,1.68,1.67,292900000.0,294400000.0,1381000000.0,,1034000000.0,,136000000.0,,215000000.0,4102000000.0,,25734000000.0,429000000.0,3000000.0,252000000.0,40049000000.0,813000000.0,461000000.0,,4380000000.0,,,,119000000.0,,,,11579000000.0,40049000000.0,469000000.0,,146000000.0,-89000000.0,-19000000.0,-17000000.0,,-89000000.0,,-4000000.0,1247000000.0,,,,,,43000000.0,,-25000000.0,-1105000000.0,-12000000.0,,591000000.0,733000000.0,
2012-09-30,9287000000.0,,,,,7401000000.0,1886000000.0,4000000.0,1435000000.0,501000000.0,934000000.0,3.18,3.16,292900000.0,294600000.0,69000000.0,,1319000000.0,,113000000.0,,207000000.0,3240000000.0,,26324000000.0,429000000.0,3000000.0,278000000.0,39633000000.0,968000000.0,489000000.0,,3724000000.0,,,,124000000.0,,,,11842000000.0,39633000000.0,709000000.0,,344000000.0,196000000.0,-1000000.0,-54000000.0,,18000000.0,,16000000.0,1638000000.0,,,,,,68000000.0,,-27000000.0,-1867000000.0,-16000000.0,,-350000000.0,-579000000.0,
2012-12-31,12188000000.0,,,21000000.0,,9849000000.0,2339000000.0,6000000.0,1741000000.0,600000000.0,1141000000.0,3.88,3.86,292900000.0,294500000.0,394000000.0,,1222000000.0,,8076000000.0,,232000000.0,3451000000.0,,26939000000.0,429000000.0,2000000.0,216000000.0,41209000000.0,1215000000.0,542000000.0,,3945000000.0,,,,125000000.0,,,-53000000.0,11869000000.0,41209000000.0,955000000.0,,584000000.0,99000000.0,-26000000.0,-27000000.0,31000000.0,111000000.0,,84000000.0,2599000000.0,,,,,,152000000.0,,-30000000.0,-2523000000.0,-9000000.0,,-330000000.0,-254000000.0,
2013-03-31,3184000000.0,,,,,2658000000.0,526000000.0,2000000.0,249000000.0,57000000.0,192000000.0,0.66,0.65,292900000.0,294200000.0,132000000.0,,1357000000.0,,440000000.0,,161000000.0,3934000000.0,,27283000000.0,429000000.0,2000000.0,253000000.0,41736000000.0,1065000000.0,483000000.0,,4243000000.0,,,,125000000.0,,,3000000.0,,41736000000.0,251000000.0,,-87000000.0,135000000.0,-60000000.0,-85000000.0,-10000000.0,-84000000.0,,-9000000.0,-84000000.0,,,,,,91000000.0,,-13000000.0,-663000000.0,-1000000.0,,485000000.0,-262000000.0,
2013-06-30,6003000000.0,,,,,5091000000.0,912000000.0,3000000.0,486000000.0,122000000.0,364000000.0,1.24,1.24,292900000.0,294300000.0,747000000.0,,1211000000.0,,283000000.0,,164000000.0,4103000000.0,,27542000000.0,429000000.0,4000000.0,227000000.0,41922000000.0,997000000.0,490000000.0,,4504000000.0,,,,117000000.0,,,-48000000.0,,41922000000.0,506000000.0,,-134000000.0,-11000000.0,-9000000.0,-2000000.0,-66000000.0,-121000000.0,,-17000000.0,973000000.0,,,,,,129000000.0,,-18000000.0,-1212000000.0,-2000000.0,,592000000.0,353000000.0,
2013-09-30,9487000000.0,,,,,7720000000.0,1767000000.0,9000000.0,1201000000.0,373000000.0,828000000.0,2.83,2.81,292900000.0,294300000.0,74000000.0,,1273000000.0,,186000000.0,,179000000.0,3704000000.0,,27955000000.0,429000000.0,4000000.0,238000000.0,41964000000.0,925000000.0,491000000.0,,4373000000.0,,,,120000000.0,,,-46000000.0,,41964000000.0,,,116000000.0,51000000.0,38000000.0,8000000.0,-51000000.0,-193000000.0,,47000000.0,1238000000.0,,,,,,149000000.0,,-88000000.0,-1895000000.0,,,337000000.0,-320000000.0,
2013-12-31,12354000000.0,,,18000000.0,,10110000000.0,2244000000.0,13000000.0,1538000000.0,476000000.0,1062000000.0,3.62,3.61,292900000.0,294400000.0,674000000.0,,1251000000.0,,8344000000.0,,235000000.0,3891000000.0,,28436000000.0,429000000.0,4000000.0,225000000.0,40647000000.0,1017000000.0,478000000.0,,4730000000.0,,,,,,,-25000000.0,,40647000000.0,,,40000000.0,29000000.0,33000000.0,-34000000.0,-61000000.0,-118000000.0,,44000000.0,2552000000.0,,,,,,199000000.0,,-93000000.0,-2659000000.0,,,387000000.0,280000000.0,
2014-03-31,3789000000.0,,,,,3104000000.0,685000000.0,10000000.0,559000000.0,198000000.0,361000000.0,1.23,1.23,292900000.0,294100000.0,102000000.0,,1566000000.0,,82000000.0,,265000000.0,3484000000.0,,28682000000.0,429000000.0,4000000.0,253000000.0,40481000000.0,1079000000.0,404000000.0,,3576000000.0,,,,,,,-21000000.0,,40481000000.0,,,195000000.0,315000000.0,-60000000.0,-8000000.0,-27000000.0,113000000.0,,-40000000.0,224000000.0,,,,,,61000000.0,,-36000000.0,-634000000.0,,,-162000000.0,-572000000.0,
2014-06-30,6700000000.0,,,,,5605000000.0,1140000000.0,20000000.0,874000000.0,300000000.0,574000000.0,1.96,1.95,292900000.0,294000000.0,774000000.0,,1221000000.0,,43000000.0,,224000000.0,3457000000.0,,28754000000.0,429000000.0,3000000.0,193000000.0,40311000000.0,967000000.0,371000000.0,,3839000000.0,,,,,,,-20000000.0,12455000000.0,40311000000.0,,,162000000.0,-24000000.0,-40000000.0,-2000000.0,9000000.0,21000000.0,,-39000000.0,1257000000.0,,,,,,113000000.0,,-36000000.0,-1233000000.0,,,76000000.0,100000000.0,
2014-09-30,10091000000.0,,,,,8177000000.0,1959000000.0,45000000.0,1569000000.0,559000000.0,1010000000.0,3.45,3.44,292900000.0,294000000.0,205000000.0,,1280000000.0,,33000000.0,,338000000.0,3519000000.0,,29239000000.0,429000000.0,3000000.0,185000000.0,40667000000.0,972000000.0,418000000.0,,3873000000.0,,,,,,,-19000000.0,12707000000.0,40667000000.0,,,424000000.0,35000000.0,-19000000.0,7000000.0,3000000.0,54000000.0,,-15000000.0,1751000000.0,,,,,,152000000.0,,-36000000.0,-1996000000.0,,,-224000000.0,-469000000.0,
2014-12-31,12919000000.0,,,22000000.0,,10755000000.0,2209000000.0,42000000.0,1660000000.0,568000000.0,1092000000.0,3.73,3.71,292900000.0,294000000.0,699000000.0,,1201000000.0,,8948000000.0,,278000000.0,3854000000.0,,29827000000.0,429000000.0,3000000.0,9811000000.0,44308000000.0,1019000000.0,508000000.0,,3781000000.0,,,,,,,-45000000.0,12576000000.0,44308000000.0,,,518000000.0,-44000000.0,10000000.0,-4000000.0,,-9000000.0,,7000000.0,2831000000.0,,,,,,180000000.0,,-36000000.0,-2759000000.0,,,-47000000.0,25000000.0,
2015-03-31,3616000000.0,,,,,2890000000.0,726000000.0,4000000.0,569000000.0,199000000.0,370000000.0,1.26,1.26,292900000.0,293900000.0,117000000.0,,1444000000.0,,95000000.0,,263000000.0,3398000000.0,,30212000000.0,429000000.0,3000000.0,9553000000.0,43977000000.0,937000000.0,473000000.0,,3407000000.0,,,,,,,-40000000.0,12761000000.0,43977000000.0,,,178000000.0,243000000.0,-40000000.0,5000000.0,,-58000000.0,,-33000000.0,559000000.0,,,,,,42000000.0,,,-667000000.0,,,-474000000.0,-582000000.0,-197000000.0
2015-06-30,6404000000.0,,,,,5206000000.0,1198000000.0,14000000.0,889000000.0,300000000.0,589000000.0,2.01,2.01,292900000.0,294000000.0,709000000.0,,1084000000.0,,173000000.0,,223000000.0,3679000000.0,,30923000000.0,429000000.0,3000000.0,9301000000.0,44751000000.0,845000000.0,489000000.0,,3935000000.0,,,,,,,-39000000.0,12788000000.0,44751000000.0,,,202000000.0,-35000000.0,-48000000.0,21000000.0,,-158000000.0,,31000000.0,1486000000.0,,,,,,178000000.0,,0.0,-1725000000.0,,,249000000.0,10000000.0,-9000000.0
2015-09-30,9847000000.0,,,,,7819000000.0,2028000000.0,23000000.0,1565000000.0,548000000.0,1017000000.0,3.47,3.46,292900000.0,294200000.0,91000000.0,,1194000000.0,,60000000.0,,178000000.0,3505000000.0,,31473000000.0,429000000.0,3000000.0,9119000000.0,44971000000.0,1092000000.0,463000000.0,,4429000000.0,,,,,,,-38000000.0,13040000000.0,44971000000.0,,,466000000.0,82000000.0,-32000000.0,-39000000.0,,83000000.0,,48000000.0,2199000000.0,,,,,,366000000.0,,18000000.0,-2687000000.0,,,-118000000.0,-606000000.0,-7000000.0
2015-12-31,12554000000.0,,,23000000.0,,10127000000.0,2427000000.0,24000000.0,1798000000.0,605000000.0,1193000000.0,4.07,4.05,293000000.0,294400000.0,944000000.0,,1052000000.0,,2857000000.0,,191000000.0,3836000000.0,,32209000000.0,429000000.0,2000000.0,8713000000.0,45642000000.0,1008000000.0,525000000.0,,4720000000.0,,,,,,,-34000000.0,13052000000.0,45642000000.0,,,653000000.0,-96000000.0,-22000000.0,32000000.0,,-79000000.0,,104000000.0,3277000000.0,,,,,,492000000.0,,72000000.0,-3657000000.0,,,629000000.0,249000000.0,
2016-03-31,3156000000.0,,,,,2514000000.0,642000000.0,1000000.0,474000000.0,164000000.0,310000000.0,1.05,1.05,293700000.0,294800000.0,61000000.0,,1085000000.0,,,,157000000.0,3185000000.0,,32971000000.0,429000000.0,2000000.0,8559000000.0,45580000000.0,909000000.0,529000000.0,,4436000000.0,,,,,,,,13193000000.0,45580000000.0,,,174000000.0,30000000.0,-8000000.0,40000000.0,,-84000000.0,,9000000.0,524000000.0,,,,,,210000000.0,,13000000.0,-1118000000.0,,,-287000000.0,-881000000.0,-143000000.0
2016-06-30,5950000000.0,,,,,4793000000.0,1157000000.0,12000000.0,830000000.0,288000000.0,542000000.0,1.83,1.82,299100000.0,300400000.0,862000000.0,,951000000.0,,,,269000000.0,3499000000.0,,33459000000.0,429000000.0,2000000.0,8399000000.0,47270000000.0,969000000.0,594000000.0,,3903000000.0,,,,,,,,13950000000.0,47270000000.0,,,268000000.0,-101000000.0,-29000000.0,38000000.0,,-21000000.0,,79000000.0,1631000000.0,,,,,,331000000.0,,82000000.0,-2986000000.0,,,1273000000.0,-82000000.0,-142000000.0
2016-09-30,9368000000.0,,,,,7375000000.0,2097000000.0,61000000.0,1641000000.0,602000000.0,1039000000.0,3.47,3.46,304500000.0,305900000.0,150000000.0,,1157000000.0,,,,206000000.0,3154000000.0,,33906000000.0,429000000.0,0.0,8325000000.0,47316000000.0,1113000000.0,638000000.0,,3591000000.0,,,,,,,,14267000000.0,47316000000.0,,,524000000.0,138000000.0,-15000000.0,-90000000.0,,142000000.0,,114000000.0,2336000000.0,,,,,,436000000.0,,145000000.0,-3717000000.0,,,583000000.0,,-144000000.0
2016-12-31,12075000000.0,,,24000000.0,,9604000000.0,2575000000.0,64000000.0,1943000000.0,698000000.0,1245000000.0,4.15,4.12,300400000.0,301900000.0,776000000.0,,1106000000.0,,2650000000.0,,205000000.0,3406000000.0,,35216000000.0,428000000.0,124000000.0,7712000000.0,48255000000.0,1147000000.0,297000000.0,,3843000000.0,,,,,,,-27000000.0,14298000000.0,48255000000.0,,,783000000.0,69000000.0,-13000000.0,-54000000.0,,29000000.0,,-57000000.0,3459000000.0,,,,,,845000000.0,,-31000000.0,-4976000000.0,702000000.0,,1345000000.0,-172000000.0,-180000000.0
2017-03-31,3228000000.0,,,,,2457000000.0,771000000.0,25000000.0,615000000.0,227000000.0,388000000.0,1.27,1.27,305100000.0,306300000.0,67000000.0,,1175000000.0,,,,122000000.0,3017000000.0,,35663000000.0,428000000.0,122000000.0,7771000000.0,48365000000.0,963000000.0,216000000.0,,3441000000.0,,,,,,,,14498000000.0,48365000000.0,,,256000000.0,66000000.0,-26000000.0,-30000000.0,,-78000000.0,,-69000000.0,448000000.0,,,,,,113000000.0,,-16000000.0,-837000000.0,,,-320000000.0,-709000000.0,-39000000.0
2018-09-30,9117000000.0,,,,,7381000000.0,2007000000.0,-29000000.0,1381000000.0,330000000.0,1051000000.0,3.38,3.37,311100000.0,312300000.0,199000000.0,,1350000000.0,,,,91000000.0,3356000000.0,,39383000000.0,439000000.0,132000000.0,4674000000.0,49544000000.0,1173000000.0,295000000.0,,5401000000.0,,,,,,,,15887000000.0,49544000000.0,,,308000000.0,246000000.0,4000000.0,31000000.0,,-8000000.0,,-194000000.0,1600000000.0,,,,,,193000000.0,,-29000000.0,-2947000000.0,39000000.0,,748000000.0,-599000000.0,-1000000.0
2019-06-30,5932000000.0,,,,,5014000000.0,1244000000.0,17000000.0,751000000.0,127000000.0,576000000.0,1.77,1.77,328300000.0,329200000.0,831000000.0,,1099000000.0,,,,120000000.0,3707000000.0,,42745000000.0,440000000.0,1605000000.0,7251000000.0,55602000000.0,994000000.0,327000000.0,,5969000000.0,,,,,,,,17709000000.0,55602000000.0,,,126000000.0,-165000000.0,-14000000.0,-125000000.0,,-156000000.0,,-55000000.0,1538000000.0,,,,,,92000000.0,,-11000000.0,-1876000000.0,27000000.0,,302000000.0,-36000000.0,-15000000.0
2019-09-30,9264000000.0,,,,,7512000000.0,2111000000.0,31000000.0,1370000000.0,243000000.0,1048000000.0,3.2,3.19,332200000.0,333200000.0,78000000.0,,1254000000.0,,,,151000000.0,3581000000.0,,43234000000.0,446000000.0,1580000000.0,7142000000.0,55940000000.0,1082000000.0,341000000.0,,6219000000.0,,,,,,,,17959000000.0,55940000000.0,,,257000000.0,-8000000.0,0.0,-103000000.0,,-67000000.0,,-25000000.0,1960000000.0,,,,,,143000000.0,,-17000000.0,-2884000000.0,40000000.0,,171000000.0,-753000000.0,-28000000.0
2019-12-31,12144000000.0,,,24000000.0,,9898000000.0,2676000000.0,51000000.0,1736000000.0,296000000.0,1343000000.0,4.09,4.08,328500000.0,329500000.0,981000000.0,,1236000000.0,,3263000000.0,,200000000.0,4272000000.0,,43889000000.0,446000000.0,1557000000.0,7853000000.0,58079000000.0,1164000000.0,371000000.0,,6287000000.0,,,,,,,-19000000.0,18022000000.0,58079000000.0,,,308000000.0,-23000000.0,-6000000.0,-54000000.0,,10000000.0,,-21000000.0,3134000000.0,,,,,0.0,3676000000.0,,-22000000.0,-3782000000.0,825000000.0,,859000000.0,211000000.0,-26000000.0
2020-03-31,3157000000.0,,,,,2426000000.0,808000000.0,-39000000.0,447000000.0,55000000.0,375000000.0,1.13,1.12,333600000.0,334600000.0,1395000000.0,,1318000000.0,,,,166000000.0,5026000000.0,,44435000000.0,446000000.0,1532000000.0,7687000000.0,59159000000.0,1015000000.0,285000000.0,,6311000000.0,,,,,,,,18261000000.0,59159000000.0,,,60000000.0,87000000.0,-26000000.0,-28000000.0,,-156000000.0,,-79000000.0,412000000.0,,,,,,,,-5000000.0,-968000000.0,14000000.0,,913000000.0,357000000.0,2000000.0
2020-06-30,5784000000.0,,,,,4666000000.0,1287000000.0,-59000000.0,658000000.0,64000000.0,565000000.0,1.69,1.69,334100000.0,335000000.0,1144000000.0,,1332000000.0,,,,230000000.0,4564000000.0,,44897000000.0,446000000.0,1510000000.0,7540000000.0,59081000000.0,1018000000.0,338000000.0,,6705000000.0,,,,,,,,18225000000.0,59081000000.0,,,61000000.0,113000000.0,-16000000.0,10000000.0,,-168000000.0,,-37000000.0,1180000000.0,,,,,,,,-10000000.0,-1932000000.0,28000000.0,,880000000.0,128000000.0,22000000.0
2020-09-30,9123000000.0,,,,,7139000000.0,2147000000.0,-72000000.0,1278000000.0,183000000.0,1058000000.0,3.17,3.16,334500000.0,335400000.0,153000000.0,,1510000000.0,,,,208000000.0,4204000000.0,,45564000000.0,446000000.0,1485000000.0,7703000000.0,59595000000.0,1279000000.0,394000000.0,,7160000000.0,,,,,,,,18494000000.0,59595000000.0,,,184000000.0,322000000.0,1000000.0,32000000.0,,19000000.0,,35000000.0,1368000000.0,,,,,,,,-16000000.0,-2984000000.0,43000000.0,,713000000.0,-903000000.0,31000000.0
2020-12-31,12026000000.0,,,24000000.0,,9592000000.0,2654000000.0,-401000000.0,1234000000.0,90000000.0,1101000000.0,3.29,3.28,334800000.0,335700000.0,1272000000.0,,1701000000.0,,3630000000.0,,231000000.0,5301000000.0,,46555000000.0,446000000.0,1460000000.0,9223000000.0,62895000000.0,1475000000.0,426000000.0,,7354000000.0,,,,,,,-25000000.0,18847000000.0,62895000000.0,,,85000000.0,543000000.0,4000000.0,134000000.0,,170000000.0,,60000000.0,2198000000.0,,,,,0.0,4085000000.0,,-22000000.0,-4224000000.0,640000000.0,,2245000000.0,219000000.0,38000000.0
2021-03-31,3602000000.0,,,,,2817000000.0,860000000.0,-186000000.0,498000000.0,78000000.0,419000000.0,1.23,1.22,342200000.0,343000000.0,76000000.0,,1949000000.0,,,,210000000.0,4587000000.0,,47069000000.0,446000000.0,1434000000.0,8989000000.0,62299000000.0,1208000000.0,358000000.0,,6559000000.0,,,,,,,,19033000000.0,62299000000.0,,,77000000.0,281000000.0,-17000000.0,-56000000.0,,-178000000.0,,-82000000.0,289000000.0,,,,,,,,-4000000.0,-1096000000.0,16000000.0,,-472000000.0,-1279000000.0,-15000000.0
2021-06-30,6552000000.0,,,,,5369000000.0,1279000000.0,-237000000.0,606000000.0,68000000.0,584000000.0,1.7,1.7,345400000.0,346200000.0,1067000000.0,,1709000000.0,,,,326000000.0,5110000000.0,,47339000000.0,446000000.0,1340000000.0,8782000000.0,62919000000.0,1217000000.0,369000000.0,,5557000000.0,,,,,,,,19743000000.0,62919000000.0,,,30000000.0,135000000.0,5000000.0,-33000000.0,,-145000000.0,,-93000000.0,1393000000.0,,,,,,,,-10000000.0,-2000000000.0,30000000.0,,349000000.0,-258000000.0,-13000000.0
2021-09-30,10212000000.0,,,,,8132000000.0,2129000000.0,-259000000.0,1201000000.0,194000000.0,1122000000.0,3.23,3.23,353400000.0,354100000.0,66000000.0,,1923000000.0,,,,372000000.0,5096000000.0,,47947000000.0,446000000.0,1317000000.0,8817000000.0,62938000000.0,1370000000.0,389000000.0,,5255000000.0,,,,,,,,20037000000.0,62938000000.0,,,167000000.0,387000000.0,50000000.0,-81000000.0,,-15000000.0,,-96000000.0,1712000000.0,,,,,,,,-10000000.0,-2437000000.0,45000000.0,,-496000000.0,-1221000000.0,-9000000.0
2021-12-31,13456000000.0,,,25000000.0,,10850000000.0,2826000000.0,-538000000.0,1383000000.0,190000000.0,1346000000.0,3.86,3.85,348400000.0,349400000.0,992000000.0,,1943000000.0,,3237000000.0,,361000000.0,5551000000.0,,48596000000.0,439000000.0,1293000000.0,8116000000.0,63116000000.0,1497000000.0,461000000.0,,5427000000.0,,,,,,,5000000.0,20037000000.0,63116000000.0,,,133000000.0,411000000.0,82000000.0,103000000.0,,44000000.0,,36000000.0,2733000000.0,,,,,,3964000000.0,,-10000000.0,-3484000000.0,775000000.0,,461000000.0,-290000000.0,9000000.0
2022-03-31,3953000000.0,,,,,3261000000.0,799000000.0,90000000.0,707000000.0,153000000.0,602000000.0,1.7,1.7,354100000.0,355100000.0,108000000.0,,2176000000.0,,,,229000000.0,5462000000.0,,49018000000.0,439000000.0,1268000000.0,8424000000.0,63737000000.0,1308000000.0,365000000.0,,5415000000.0,,,,,,,,20378000000.0,63737000000.0,,,167000000.0,252000000.0,-33000000.0,198000000.0,,-156000000.0,,-101000000.0,473000000.0,,,,,,,,0.0,-952000000.0,14000000.0,,-470000000.0,-949000000.0,-1000000.0
2022-06-30,7341000000.0,,,,,6290000000.0,1185000000.0,181000000.0,979000000.0,171000000.0,857000000.0,2.42,2.41,354300000.0,355500000.0,1127000000.0,,2042000000.0,,,,208000000.0,6016000000.0,,49660000000.0,439000000.0,1244000000.0,8602000000.0,65072000000.0,1547000000.0,395000000.0,,6823000000.0,,,,,,,,20387000000.0,65072000000.0,,,150000000.0,118000000.0,12000000.0,143000000.0,,44000000.0,,-48000000.0,1957000000.0,,,,,,,,-2000000.0,-2118000000.0,29000000.0,,255000000.0,94000000.0,19000000.0
2022-09-30,11503000000.0,,,,,9565000000.0,2074000000.0,269000000.0,1757000000.0,330000000.0,1470000000.0,4.15,4.13,354600000.0,355900000.0,78000000.0,,2095000000.0,,,,288000000.0,5733000000.0,,50392000000.0,439000000.0,1222000000.0,8833000000.0,65763000000.0,1587000000.0,464000000.0,,6890000000.0,,,,,,,,20748000000.0,65763000000.0,,,317000000.0,140000000.0,,193000000.0,,61000000.0,,0.0,2618000000.0,,,,,,,,-3000000.0,-3346000000.0,43000000.0,,-177000000.0,-905000000.0,30000000.0
2022-12-31,15455000000.0,,,27000000.0,,13046000000.0,2624000000.0,326000000.0,2098000000.0,498000000.0,1660000000.0,4.68,4.66,354500000.0,355800000.0,1282000000.0,,2192000000.0,,3504000000.0,,176000000.0,12972000000.0,,46766000000.0,408000000.0,0.0,8486000000.0,69065000000.0,1955000000.0,444000000.0,,11336000000.0,,,,,,,22000000.0,20687000000.0,69065000000.0,,,435000000.0,285000000.0,111000000.0,-31000000.0,,558000000.0,,84000000.0,3935000000.0,,,,,,4465000000.0,,-4000000.0,-4565000000.0,0.0,,1014000000.0,384000000.0,47000000.0
2023-03-31,4222000000.0,,,,,3519000000.0,1739000000.0,196000000.0,1673000000.0,243000000.0,1433000000.0,4.06,4.05,352900000.0,354200000.0,771000000.0,,2040000000.0,,,,137000000.0,5868000000.0,,47290000000.0,407000000.0,,8741000000.0,62804000000.0,1363000000.0,374000000.0,,4895000000.0,,,,,,,,20843000000.0,62804000000.0,,,-81000000.0,-219000000.0,,-88000000.0,,-543000000.0,,11000000.0,92000000.0,,,,,,,,,2618000000.0,15000000.0,,-3466000000.0,-756000000.0,10000000.0
2023-06-30,6996000000.0,,,,,6192000000.0,2022000000.0,404000000.0,1927000000.0,272000000.0,1658000000.0,4.74,4.72,349800000.0,351300000.0,1955000000.0,,1684000000.0,,,,133000000.0,6203000000.0,,47927000000.0,408000000.0,,8699000000.0,63771000000.0,1320000000.0,388000000.0,,6072000000.0,,,,,,,,20805000000.0,63771000000.0,,,-149000000.0,-544000000.0,-74000000.0,-68000000.0,,-565000000.0,,36000000.0,1164000000.0,,,,,,,,0.0,1452000000.0,27000000.0,,-2190000000.0,426000000.0,221000000.0
2023-09-30,10850000000.0,,,,,9340000000.0,2745000000.0,611000000.0,2598000000.0,416000000.0,2185000000.0,6.27,6.24,348400000.0,349900000.0,539000000.0,,2048000000.0,,,,119000000.0,5939000000.0,,48535000000.0,408000000.0,,8998000000.0,64405000000.0,1306000000.0,417000000.0,,6050000000.0,,,,,,,,21078000000.0,64405000000.0,,,99000000.0,-179000000.0,-53000000.0,-144000000.0,,-573000000.0,,110000000.0,1181000000.0,,,,,,,,0.0,352000000.0,41000000.0,,-2517000000.0,-984000000.0,360000000.0
2023-12-31,14476000000.0,,,,,12332000000.0,3196000000.0,830000000.0,3003000000.0,487000000.0,2519000000.0,7.25,7.21,347700000.0,349300000.0,1189000000.0,,2418000000.0,,2810000000.0,,124000000.0,6537000000.0,,49608000000.0,408000000.0,,9187000000.0,66331000000.0,1775000000.0,411000000.0,,6462000000.0,,,,,,,22000000.0,21158000000.0,66331000000.0,,,132000000.0,275000000.0,-38000000.0,-141000000.0,,-285000000.0,,213000000.0,2156000000.0,,,,,,,,49000000.0,-1003000000.0,0.0,,-1488000000.0,-335000000.0,397000000.0
2024-03-31,4279000000.0,,,,,3239000000.0,1011000000.0,182000000.0,904000000.0,184000000.0,720000000.0,2.08,2.08,345500000.0,346800000.0,169000000.0,,2618000000.0,,,,102000000.0,6166000000.0,,49854000000.0,408000000.0,,9619000000.0,66680000000.0,1439000000.0,387000000.0,,6244000000.0,,,,,,,,21615000000.0,66680000000.0,,,188000000.0,215000000.0,-27000000.0,-98000000.0,,-178000000.0,,-147000000.0,573000000.0,,,,,,,,0.0,-1344000000.0,15000000.0,,-249000000.0,-1020000000.0,3000000.0
2024-06-30,7551000000.0,,,,,6134000000.0,1331000000.0,342000000.0,1096000000.0,174000000.0,922000000.0,2.67,2.66,345900000.0,347100000.0,1500000000.0,,2424000000.0,,,,136000000.0,6487000000.0,,50625000000.0,408000000.0,,9727000000.0,67920000000.0,1496000000.0,363000000.0,,6216000000.0,,,,,,,,21560000000.0,67920000000.0,,,161000000.0,61000000.0,-18000000.0,-167000000.0,,-166000000.0,,-141000000.0,1912000000.0,,,,,,,,12000000.0,-2622000000.0,30000000.0,,1022000000.0,312000000.0,4000000.0
2024-09-30,11777000000.0,,,,,9364000000.0,2193000000.0,507000000.0,1817000000.0,307000000.0,1510000000.0,4.37,4.35,346200000.0,347500000.0,93000000.0,,2567000000.0,,,,139000000.0,6080000000.0,,51357000000.0,408000000.0,,10072000000.0,68645000000.0,1472000000.0,389000000.0,,6027000000.0,,,,,,,,21898000000.0,68645000000.0,,,448000000.0,129000000.0,3000000.0,-209000000.0,,-199000000.0,,-70000000.0,2304000000.0,,,,,,,,21000000.0,-3889000000.0,45000000.0,,492000000.0,-1093000000.0,6000000.0
,,,,,,,,,,,,,,,,,,,,,,,,,,,,,,,,,,,,,,,,,,,,,,,,,,,,,,,,,,,,,,,,,,,
,,,,,,,,,,,,,,,,,,,,,,,,,,,,,,,,,,,,,,,,,,,,,,,,,,,,,,,,,,,,,,,,,,,
