Date,Net sales,Cost of sales,Gross margin,Research and development,"Selling, general and administrative",Total operating expenses,Operating income,"Other income/(expense), net",Income before provision for income taxes,Provision for income taxes,Net income,Earnings per share basic,Earnings per share diluted,Weighted-average basic,Weighted-average diluted,Cash and cash equivalents,Short-term marketable securities,"Accounts receivable, net",Inventories,Deferred tax assets,Vendor non-trade receivables,Other current assets,Total current assets,Long-term marketable securities,"Property, Plant and Equipment, Net",Goodwill,"Acquired intangible assets, net","Other Assets, Noncurrent",Total assets,accounts payable,Accrued expenses,Deferred revenue,Total current liabilities,Deferred revenue - non-current,deferred tax liabilities,long term taxes payable,Total other non-current liabilities,Total liabilities,Retained Earnings (Accumulated Deficit),Accumulated other comprehensive (loss)/income,Total shareholders equity,Total liabilities and shareholders' equity,"Depreciation, amortization and accretion",Stock-based compensation expense,Deferred income tax expense,"Increase (Decrease) in Accounts receivable, net",Increase (Decrease) in Inventories,Increase (Decrease) in Other Receivables,Increase (Decrease) in Other Operating Assets,Increase (Decrease) in Accounts Payable,Increase (Decrease) in Deferred Revenue,Increase (Decrease) Other liabilities,Cash generated by operating activities,Purchases of marketable securities,Proceeds from maturities of marketable securities,Proceeds from sales of marketable securities,Purchases of other long-term investments,"Business acquisitions, net of cash acquired",Cash payments for capital asset purchases,Payments for acquisition of intangible assets,Payments for (Proceeds from) Other Investing Activities,Cash used in investing activities,Proceeds from issuance of common stock,Excess tax benefits from stock-based compensation,Cash generated/used in financing activities,Increase/(decrease) in cash and cash equivalents,"Cash paid for income taxes, net"
2010-03-31,,,,,112400000.0,353600000.0,107700000.0,,,35000000.0,56700000.0,0.45,0.44,126300000.0,128100000.0,77100000.0,,258500000.0,,,,73500000.0,446800000.0,,309500000.0,1916200000.0,,91800000.0,3505600000.0,26000000.0,62600000.0,68600000.0,429400000.0,,248200000.0,,54300000.0,1842400000.0,2545800000.0,-330100000.0,1647900000.0,3505600000.0,42500000.0,4400000.0,,-5800000.0,,,3500000.0,,,-23400000.0,37700000.0,,,,,6000000.0,50000000.0,,,-56000000.0,,1400000.0,-5500000.0,-26000000.0,
2010-06-30,,,,,236400000.0,693600000.0,210100000.0,,,66400000.0,128000000.0,1.02,1.0,126000000.0,127700000.0,70100000.0,,260500000.0,,,,110200000.0,473000000.0,,300900000.0,1855400000.0,,96800000.0,3432100000.0,26200000.0,62600000.0,62900000.0,369700000.0,,236500000.0,,50300000.0,1753200000.0,2612100000.0,-332200000.0,1663700000.0,3432100000.0,84300000.0,10900000.0,,-8400000.0,,,4000000.0,,,-29400000.0,138900000.0,,,,,14700000.0,66900000.0,,,-13900000.0,,1400000.0,-154300000.0,-33000000.0,
2010-09-30,,,,,370400000.0,1057200000.0,320300000.0,,,99700000.0,204500000.0,1.63,1.61,125400000.0,127100000.0,115600000.0,,266200000.0,,,,22600000.0,437100000.0,,300200000.0,1871200000.0,,107000000.0,3400000000.0,19700000.0,64700000.0,56500000.0,305300000.0,,241800000.0,,53500000.0,1671600000.0,2683500000.0,-309700000.0,1711500000.0,3400000000.0,125700000.0,15000000.0,,10800000.0,,,700000.0,,,-50400000.0,207400000.0,,,,,15300000.0,82400000.0,,,85500000.0,,1600000.0,-278700000.0,12500000.0,
2010-12-31,,,,,507400000.0,1429500000.0,430000000.0,,,131900000.0,266700000.0,2.14,2.11,124800000.0,126500000.0,119400000.0,,262600000.0,,,,21100000.0,429200000.0,,298400000.0,1914700000.0,,101800000.0,3433600000.0,24600000.0,61900000.0,58700000.0,319500000.0,,244200000.0,,53600000.0,1725200000.0,2725700000.0,-344500000.0,1691400000.0,3433600000.0,167800000.0,21800000.0,,3600000.0,,,1400000.0,,,-50000000.0,352600000.0,,,,,82600000.0,99800000.0,,,1000000.0,,3500000.0,-335300000.0,16300000.0,
2011-03-31,,,,,126500000.0,363500000.0,109100000.0,,,36300000.0,57300000.0,0.47,0.46,122800000.0,124700000.0,86900000.0,,283500000.0,,,,22400000.0,427200000.0,,306400000.0,1946100000.0,,106800000.0,3468800000.0,22400000.0,58700000.0,59500000.0,303500000.0,,250200000.0,,54100000.0,1699000000.0,2763100000.0,-331300000.0,1750600000.0,3468800000.0,42700000.0,4700000.0,,17000000.0,,,-100000.0,,,-8700000.0,23100000.0,,,,,30700000.0,26200000.0,,,-59600000.0,,500000.0,1600000.0,-32500000.0,
2011-06-30,,,,,267000000.0,736000000.0,223700000.0,,186900000.0,90500000.0,91800000.0,0.75,0.74,122800000.0,124600000.0,108700000.0,,273000000.0,,,,21700000.0,436500000.0,,300900000.0,1919100000.0,,177300000.0,3489300000.0,26700000.0,62300000.0,52600000.0,298700000.0,,252500000.0,,58300000.0,1686700000.0,2777600000.0,-295900000.0,1784300000.0,3489300000.0,83500000.0,11800000.0,,15200000.0,,,-8100000.0,,,-10800000.0,147000000.0,,,,,30700000.0,43900000.0,,,-74800000.0,,600000.0,-83900000.0,-10700000.0,
2011-09-30,,,,,406200000.0,1104800000.0,345300000.0,,295400000.0,129700000.0,158500000.0,1.29,1.28,122500000.0,124200000.0,102000000.0,,275800000.0,,,,20200000.0,430200000.0,,296000000.0,1953900000.0,,169400000.0,3512500000.0,21900000.0,65700000.0,50500000.0,344200000.0,,250700000.0,,56100000.0,1728400000.0,2824500000.0,-321300000.0,1766100000.0,3512500000.0,123800000.0,17300000.0,,18700000.0,,,-10400000.0,,,-11700000.0,259000000.0,,,,,112200000.0,59200000.0,,,-173100000.0,,600000.0,-98900000.0,-17400000.0,
2011-12-31,,,,,554800000.0,1488800000.0,471000000.0,,408200000.0,168000000.0,232900000.0,1.91,1.88,121900000.0,123700000.0,127700000.0,,284400000.0,,-219700000.0,,15600000.0,452300000.0,,292900000.0,1961200000.0,,156400000.0,3508600000.0,27500000.0,56300000.0,55800000.0,362800000.0,,227800000.0,,53500000.0,1786500000.0,2879200000.0,-391800000.0,1702400000.0,3508600000.0,164900000.0,24400000.0,,26600000.0,,,-15000000.0,,,-43100000.0,408700000.0,,,,,127400000.0,75000000.0,,,-204100000.0,,1200000.0,-195900000.0,8300000.0,
2012-03-31,,,,,151100000.0,393700000.0,129000000.0,,116600000.0,42900000.0,71500000.0,0.6,0.58,120000000.0,122400000.0,132700000.0,,297800000.0,,,,15000000.0,475100000.0,,291400000.0,1969000000.0,,158300000.0,3518400000.0,23100000.0,63900000.0,56800000.0,272900000.0,,230000000.0,,52800000.0,1693800000.0,2929100000.0,-373500000.0,1802500000.0,3518400000.0,41300000.0,9300000.0,,11000000.0,,,1200000.0,,,100000.0,48300000.0,,,,,,20200000.0,,,-20200000.0,,500000.0,-30700000.0,5000000.0,
2012-06-30,,,,,309400000.0,796800000.0,261700000.0,,237800000.0,85300000.0,147900000.0,1.23,1.21,120300000.0,122800000.0,183100000.0,,293900000.0,,,,9800000.0,517000000.0,,288700000.0,1961300000.0,,152600000.0,3521100000.0,30200000.0,64100000.0,54300000.0,293800000.0,,228700000.0,,51000000.0,1693200000.0,2983600000.0,-390900000.0,1805300000.0,3521100000.0,82400000.0,15000000.0,,9800000.0,,,-900000.0,,,-900000.0,200400000.0,,,,,,34500000.0,,,-35600000.0,,500000.0,-108900000.0,55400000.0,
2013-06-30,,,,,361000000.0,846300000.0,307100000.0,,275400000.0,98900000.0,191600000.0,1.59,1.55,121000000.0,123600000.0,104900000.0,,318500000.0,,,,55300000.0,512600000.0,,279300000.0,2248300000.0,,160700000.0,4373600000.0,17800000.0,83800000.0,57100000.0,375800000.0,,220900000.0,,53300000.0,2253600000.0,3202800000.0,-379800000.0,2096300000.0,4373600000.0,92300000.0,16700000.0,,14500000.0,,,-4600000.0,,,7400000.0,206800000.0,,,,,,36200000.0,,,4900000.0,,7600000.0,-247400000.0,-41900000.0,
2013-09-30,,,,,534400000.0,1268300000.0,457100000.0,,408500000.0,145900000.0,275100000.0,2.27,2.23,121600000.0,123900000.0,131900000.0,,306200000.0,,,,53100000.0,526500000.0,,285700000.0,2356000000.0,,160300000.0,4390400000.0,19900000.0,82600000.0,57400000.0,332400000.0,,211400000.0,,54000000.0,2197000000.0,3259400000.0,-370700000.0,2174000000.0,4390400000.0,144600000.0,23100000.0,,1400000.0,,,-4500000.0,,,8500000.0,374400000.0,,,,,27500000.0,61500000.0,,,-47900000.0,,11100000.0,-333900000.0,-14900000.0,
2013-12-31,,,,,715800000.0,1692700000.0,611200000.0,,530400000.0,188900000.0,351800000.0,2.9,2.84,121200000.0,123700000.0,235900000.0,,309700000.0,,-244100000.0,,68300000.0,648400000.0,,288900000.0,2395100000.0,,138800000.0,4539900000.0,19900000.0,95400000.0,61800000.0,662500000.0,,263700000.0,,54800000.0,2198900000.0,3309200000.0,-312600000.0,2300700000.0,4539900000.0,190300000.0,32200000.0,-9700000.0,2400000.0,,,-4400000.0,,,10300000.0,566300000.0,,,,,91400000.0,83300000.0,,,-133600000.0,,14600000.0,-333100000.0,89100000.0,
2014-03-31,,,,,175400000.0,432600000.0,151900000.0,,132500000.0,46200000.0,83900000.0,0.69,0.67,122000000.0,124400000.0,101400000.0,,337200000.0,,,,48700000.0,524500000.0,,291000000.0,2634600000.0,,144700000.0,4750100000.0,27500000.0,102000000.0,66600000.0,794600000.0,,287200000.0,,55400000.0,2354600000.0,3362300000.0,-316600000.0,2355200000.0,4750100000.0,50500000.0,11100000.0,,20400000.0,,,6800000.0,,,-100000.0,65000000.0,,,,,333700000.0,18500000.0,,,-347900000.0,,4400000.0,154900000.0,-134500000.0,
2014-06-30,,,,,358900000.0,879100000.0,319300000.0,,283000000.0,102200000.0,176700000.0,1.45,1.42,122000000.0,124400000.0,91700000.0,,345300000.0,,,,73900000.0,554200000.0,,292300000.0,2646000000.0,,147700000.0,4766300000.0,40900000.0,98000000.0,68000000.0,759800000.0,,290500000.0,,56600000.0,2325100000.0,3424400000.0,-299500000.0,2403200000.0,4766300000.0,101200000.0,19600000.0,,27800000.0,,,3600000.0,,,2200000.0,217800000.0,,,,,333700000.0,37700000.0,,,-367600000.0,,10400000.0,10500000.0,-144200000.0,
2014-09-30,,,,,556700000.0,1338800000.0,473000000.0,,422800000.0,147600000.0,269400000.0,2.21,2.17,121700000.0,124100000.0,115000000.0,,324000000.0,,,,66700000.0,550400000.0,,297900000.0,2624600000.0,,147100000.0,4707100000.0,35100000.0,89700000.0,67000000.0,766100000.0,,293700000.0,,57300000.0,2336100000.0,3486900000.0,-333900000.0,2334000000.0,4707100000.0,152100000.0,29000000.0,,11100000.0,,,-100000.0,,,5300000.0,413400000.0,,,,,333700000.0,63900000.0,,,-399500000.0,,11900000.0,-126700000.0,-120900000.0,
2014-12-31,,,,,751700000.0,1798200000.0,638200000.0,,574200000.0,200200000.0,367400000.0,3.03,2.97,121200000.0,123500000.0,128300000.0,,337200000.0,,-221800000.0,,103900000.0,605100000.0,,300600000.0,2606800000.0,,112600000.0,4674200000.0,20300000.0,85500000.0,73400000.0,823100000.0,,241500000.0,,56300000.0,2439600000.0,3554800000.0,-435400000.0,2200100000.0,4674200000.0,204200000.0,38100000.0,-9600000.0,27800000.0,,,600000.0,,,6500000.0,616200000.0,,,,,341000000.0,86400000.0,,,-429300000.0,,17700000.0,-283400000.0,-107600000.0,
2015-03-31,,,,,232900000.0,497600000.0,154200000.0,,137600000.0,48000000.0,88300000.0,0.74,0.73,119400000.0,121700000.0,95000000.0,,362700000.0,,,,81000000.0,585000000.0,,304000000.0,2587400000.0,,100900000.0,4595000000.0,42100000.0,102900000.0,76000000.0,790800000.0,,244100000.0,,54700000.0,2405300000.0,3600100000.0,-469800000.0,2147300000.0,4595000000.0,50300000.0,18200000.0,,30600000.0,,,-4900000.0,,,0.0,102900000.0,,,,,4400000.0,21600000.0,,,-26100000.0,,14000000.0,-103600000.0,-33300000.0,
2015-06-30,,,,,451600000.0,987200000.0,342700000.0,,296000000.0,93900000.0,199300000.0,1.67,1.64,119000000.0,121300000.0,84200000.0,,368200000.0,,,,92600000.0,591200000.0,,315600000.0,2600400000.0,,87800000.0,4585500000.0,35800000.0,111500000.0,74100000.0,784500000.0,,226400000.0,,54100000.0,2378900000.0,3676100000.0,-448200000.0,2167600000.0,4585500000.0,100800000.0,24500000.0,,34800000.0,,,-4400000.0,,,1400000.0,289600000.0,,,,,4400000.0,55200000.0,,,-59700000.0,,17100000.0,-268100000.0,-44100000.0,
2015-09-30,,,,,668800000.0,1480300000.0,517000000.0,,468900000.0,147100000.0,317200000.0,2.67,2.62,118800000.0,121000000.0,108500000.0,,357700000.0,,,,69000000.0,582100000.0,,339000000.0,2581000000.0,,84800000.0,4541400000.0,43400000.0,116500000.0,79700000.0,690700000.0,,219900000.0,,52300000.0,2273900000.0,3758500000.0,-477100000.0,2227900000.0,4541400000.0,150400000.0,32200000.0,,29000000.0,,,-3900000.0,,,-100000.0,536800000.0,,,,,4400000.0,93600000.0,,,-95200000.0,,22100000.0,-451000000.0,-19800000.0,
2015-12-31,,,,,884300000.0,1969700000.0,693900000.0,,636600000.0,201800000.0,429100000.0,3.61,3.55,118700000.0,120900000.0,93300000.0,,349800000.0,,291400000.0,,79200000.0,561600000.0,,366800000.0,2571000000.0,,87000000.0,4509000000.0,40600000.0,112700000.0,96800000.0,603800000.0,,205500000.0,,57000000.0,2158600000.0,3834400000.0,-484800000.0,2310900000.0,4509000000.0,200000000.0,38400000.0,-28700000.0,26900000.0,,,-5100000.0,,,5300000.0,742100000.0,,,,,4400000.0,146200000.0,,,-147800000.0,,30000000.0,-612000000.0,-35000000.0,
2016-03-31,,,,,243100000.0,552100000.0,176200000.0,,154000000.0,51600000.0,102100000.0,0.86,0.85,118800000.0,120800000.0,96800000.0,,424700000.0,,,,52900000.0,630100000.0,,397400000.0,4022300000.0,,116400000.0,6732900000.0,55900000.0,155600000.0,108000000.0,1729400000.0,,364400000.0,,77800000.0,4200100000.0,3896200000.0,-384000000.0,2487300000.0,6732900000.0,56800000.0,16300000.0,,45400000.0,,,500000.0,,,-900000.0,90300000.0,,,,,1727800000.0,40200000.0,,,-1778800000.0,,10900000.0,1664200000.0,3500000.0,
2016-06-30,,,,,474800000.0,1137700000.0,401900000.0,,355300000.0,119900000.0,233000000.0,1.96,1.93,119200000.0,121100000.0,96800000.0,,418000000.0,,,,56500000.0,627200000.0,,418200000.0,3971600000.0,,124000000.0,6640800000.0,43400000.0,129900000.0,98600000.0,961900000.0,,365900000.0,,87700000.0,4057400000.0,3988300000.0,-447800000.0,2541500000.0,6640800000.0,124700000.0,22200000.0,,42500000.0,,,4900000.0,,,15300000.0,279500000.0,,,,,1727800000.0,82800000.0,,,-1821400000.0,,20000000.0,1518200000.0,3500000.0,
2016-09-30,,,,,708200000.0,1729800000.0,614000000.0,,545600000.0,175300000.0,365800000.0,3.07,3.02,119500000.0,121300000.0,111500000.0,,436400000.0,,,,49500000.0,661800000.0,,443300000.0,4071500000.0,,128700000.0,6806600000.0,46000000.0,136600000.0,112200000.0,1297700000.0,,358200000.0,,85800000.0,4019200000.0,4081900000.0,-363300000.0,2746100000.0,6806600000.0,195400000.0,30200000.0,,54500000.0,,,7900000.0,,,22200000.0,524500000.0,,,,,1792400000.0,131000000.0,,,-1934200000.0,,29600000.0,1392400000.0,18200000.0,
2016-12-31,,,,,948200000.0,2327000000.0,817900000.0,,728200000.0,233100000.0,488800000.0,4.1,4.04,119300000.0,121100000.0,129300000.0,,433300000.0,,252000000.0,,50100000.0,672900000.0,,466900000.0,3974300000.0,,131300000.0,6664000000.0,81000000.0,149300000.0,110700000.0,1259600000.0,,325400000.0,,86500000.0,3942700000.0,4153200000.0,-528900000.0,2662700000.0,6664000000.0,268700000.0,37100000.0,-13000000.0,55700000.0,,,-300000.0,,,,795800000.0,,,,,1791600000.0,173500000.0,,,-1975900000.0,,35900000.0,1187500000.0,36000000.0,
2017-03-31,,,,,243300000.0,615400000.0,216800000.0,,195700000.0,40300000.0,153300000.0,1.28,1.26,120000000.0,121900000.0,123200000.0,,459700000.0,,,,46100000.0,705200000.0,,479000000.0,4057500000.0,,140200000.0,6789000000.0,79600000.0,133700000.0,113500000.0,1201300000.0,,330300000.0,,86800000.0,3836800000.0,4255900000.0,-414400000.0,2888100000.0,6789000000.0,72100000.0,18700000.0,,22700000.0,,,29200000.0,,,,103700000.0,,,,,7300000.0,50300000.0,,,-49000000.0,,0.0,-63300000.0,-6100000.0,
2017-06-30,,,,,471700000.0,1208100000.0,480900000.0,,438300000.0,115300000.0,318700000.0,2.65,2.61,120300000.0,121900000.0,403900000.0,,462400000.0,,,,63000000.0,1000700000.0,,498100000.0,4063900000.0,,128000000.0,7058300000.0,66500000.0,127000000.0,104700000.0,1343400000.0,,,,91700000.0,3976900000.0,4376300000.0,-405500000.0,3021000000.0,7058300000.0,143500000.0,25300000.0,,24100000.0,,,30300000.0,,,,329100000.0,,,,,9600000.0,99900000.0,,,-100900000.0,,0.0,44300000.0,274600000.0,
2017-09-30,,,,,783900000.0,1890000000.0,633800000.0,,574300000.0,150800000.0,415000000.0,3.45,3.41,120100000.0,121600000.0,315400000.0,,458300000.0,,,,48700000.0,899300000.0,,528700000.0,4178400000.0,,137500000.0,7115700000.0,82500000.0,135700000.0,117400000.0,1336300000.0,,,,95900000.0,3950000000.0,4424700000.0,-311800000.0,3100400000.0,7115700000.0,216700000.0,34600000.0,,14900000.0,,,24400000.0,,,,608700000.0,,,,,77300000.0,157500000.0,,,-226200000.0,,0.0,-202800000.0,186100000.0,
2017-12-31,,,,,1039100000.0,2537600000.0,824600000.0,,746600000.0,148600000.0,587300000.0,4.89,4.83,120100000.0,121500000.0,336400000.0,,444800000.0,,158100000.0,,122900000.0,998400000.0,,567000000.0,4184000000.0,,142000000.0,7233400000.0,110300000.0,160900000.0,108400000.0,1673500000.0,,305100000.0,,101000000.0,3994400000.0,4600600000.0,-412000000.0,3174400000.0,7233400000.0,290900000.0,38300000.0,-44100000.0,1300000.0,,,120100000.0,,,,816000000.0,,,,,139900000.0,218200000.0,,,-349500000.0,,0.0,-263700000.0,207100000.0,
2018-03-31,,,,,300500000.0,721500000.0,144200000.0,,123200000.0,29400000.0,90900000.0,0.76,0.75,120200000.0,121300000.0,249300000.0,,487500000.0,,,,83000000.0,917400000.0,,590900000.0,4221400000.0,,152300000.0,7196100000.0,106700000.0,181000000.0,110700000.0,1538900000.0,,,,103400000.0,3859200000.0,4653100000.0,-366800000.0,3274700000.0,7196100000.0,79000000.0,12800000.0,,39600000.0,,,-37900000.0,,,,119600000.0,,,,,13900000.0,56200000.0,,,-70100000.0,,,-138300000.0,-87100000.0,
2018-06-30,1742600000.0,,,,558000000.0,1404800000.0,337800000.0,,292600000.0,52600000.0,235800000.0,1.96,1.94,120300000.0,121400000.0,327400000.0,,473500000.0,,,,60200000.0,948800000.0,,636500000.0,4135900000.0,,146000000.0,7116900000.0,121400000.0,171600000.0,101500000.0,677600000.0,,,,84400000.0,3837200000.0,4748300000.0,-522000000.0,3222600000.0,7116900000.0,157500000.0,20700000.0,,36300000.0,,,-64500000.0,,,,354800000.0,,,,,30700000.0,118700000.0,,,-149400000.0,,,-205000000.0,-9000000.0,
2018-09-30,2576800000.0,,,,875400000.0,2174900000.0,401900000.0,,331300000.0,51700000.0,274200000.0,2.28,2.26,120500000.0,121600000.0,253400000.0,,467900000.0,,,,75600000.0,887500000.0,,695200000.0,4162800000.0,,160800000.0,7134000000.0,139600000.0,179800000.0,104900000.0,744200000.0,,,,84600000.0,3892500000.0,4740100000.0,-561400000.0,3184500000.0,7134000000.0,235300000.0,32800000.0,,32100000.0,,,-33700000.0,,,,507400000.0,,,,,115800000.0,208100000.0,,,-325200000.0,,,-256000000.0,-83000000.0,
2018-12-31,3412100000.0,,,,1213300000.0,2964100000.0,448000000.0,,356300000.0,50000000.0,299800000.0,2.49,2.47,120400000.0,121400000.0,223600000.0,,469100000.0,,178500000.0,,109600000.0,902300000.0,,764800000.0,4129700000.0,,162400000.0,7153200000.0,175700000.0,213200000.0,98000000.0,826800000.0,,316200000.0,,84600000.0,3997500000.0,4717800000.0,-626300000.0,3107800000.0,7153200000.0,315900000.0,42500000.0,-2300000.0,37400000.0,,,15400000.0,,,,672200000.0,,,,,138300000.0,321900000.0,,,-461500000.0,,0.0,-311000000.0,-112800000.0,
2019-03-31,846100000.0,,,,998900000.0,1464000000.0,-617900000.0,,-642500000.0,-88100000.0,-555900000.0,-4.6,-4.57,120700000.0,121600000.0,133200000.0,,514000000.0,,,,110500000.0,864700000.0,,818100000.0,4170200000.0,,304300000.0,7335700000.0,170700000.0,217600000.0,107800000.0,1523000000.0,,,,178800000.0,4724800000.0,4115400000.0,-585900000.0,2561700000.0,7335700000.0,79200000.0,18100000.0,,42800000.0,,,-200000.0,,,,31000000.0,,,,,24800000.0,114800000.0,,,-164600000.0,,,40100000.0,-90400000.0,
2019-06-30,1726100000.0,,,,1305600000.0,2230100000.0,-504000000.0,,-553400000.0,-67300000.0,-489100000.0,-4.05,-4.02,120800000.0,122000000.0,135800000.0,,502600000.0,,,,77500000.0,813800000.0,,872500000.0,4282500000.0,,305700000.0,7473500000.0,156900000.0,213400000.0,97100000.0,1497900000.0,,,,170100000.0,4885600000.0,4135500000.0,-640000000.0,2543400000.0,7473500000.0,163100000.0,29800000.0,,30200000.0,,,-34800000.0,,,,248000000.0,,,,,234800000.0,208500000.0,,,-468300000.0,,,129800000.0,-87800000.0,
2019-09-30,2601800000.0,,,,1601200000.0,2984300000.0,-382500000.0,,-456900000.0,-53300000.0,-408000000.0,-3.38,-3.35,121000000.0,122300000.0,167500000.0,,516600000.0,,,,76200000.0,853000000.0,,904500000.0,4227300000.0,,299100000.0,7430700000.0,135400000.0,184400000.0,97900000.0,1491800000.0,,,,164200000.0,4871600000.0,4170400000.0,-717500000.0,2515800000.0,7430700000.0,248800000.0,40600000.0,,49900000.0,,,-32600000.0,,,,83100000.0,,,,,234800000.0,305700000.0,,,-565500000.0,,,426400000.0,-56100000.0,
2019-12-31,3507600000.0,,,,1990200000.0,3843000000.0,-335400000.0,,-433000000.0,-40200000.0,-398800000.0,-3.3,-3.27,120900000.0,122000000.0,401300000.0,,532100000.0,,341100000.0,,187900000.0,1209400000.0,,947600000.0,4308300000.0,,304200000.0,7909000000.0,148300000.0,163500000.0,104000000.0,1359100000.0,,248000000.0,,180600000.0,5286100000.0,4131800000.0,-631600000.0,2578600000.0,7909000000.0,337300000.0,49700000.0,-87200000.0,61300000.0,,,78800000.0,,,,313800000.0,,,,,272900000.0,399600000.0,,,-697500000.0,,,557900000.0,177700000.0,-2500000.0
2020-03-31,957900000.0,,,,316000000.0,822000000.0,135900000.0,,150500000.0,36000000.0,112600000.0,0.93,0.92,121300000.0,122600000.0,369900000.0,,605500000.0,,,,53700000.0,1149000000.0,,962100000.0,4157400000.0,,259000000.0,7622800000.0,170900000.0,180900000.0,111100000.0,1143800000.0,,,,166400000.0,5193000000.0,4196900000.0,-918900000.0,2386500000.0,7622800000.0,94300000.0,18800000.0,,83900000.0,,,-29600000.0,,,,30800000.0,,,,,48100000.0,88000000.0,,,-136100000.0,,,92700000.0,-31400000.0,
2020-06-30,1940800000.0,,,,626000000.0,1638100000.0,302700000.0,,273200000.0,62600000.0,208500000.0,1.72,1.7,121400000.0,122700000.0,1347400000.0,,592500000.0,,,,43900000.0,2104900000.0,,1017200000.0,4322900000.0,,280300000.0,8832800000.0,149400000.0,178000000.0,98600000.0,1656400000.0,,,,171500000.0,6098500000.0,4248000000.0,-681700000.0,2694100000.0,8832800000.0,192100000.0,31700000.0,,65300000.0,,,-29300000.0,,,,282000000.0,,,,,48100000.0,192800000.0,,,-250900000.0,,,916300000.0,946100000.0,
2020-09-30,3009100000.0,,,,955900000.0,2501900000.0,507200000.0,,573600000.0,138000000.0,432700000.0,3.56,3.53,121500000.0,123000000.0,1535600000.0,,605900000.0,,,,46800000.0,2311600000.0,,1070600000.0,4366000000.0,,405400000.0,9249800000.0,159500000.0,186400000.0,103500000.0,2391000000.0,,,,170700000.0,6283000000.0,4423100000.0,-628500000.0,2929000000.0,9249800000.0,295200000.0,43900000.0,,76100000.0,,,-29600000.0,,,,649000000.0,,,,,61400000.0,309500000.0,,,-380900000.0,,,865300000.0,1134300000.0,
2020-12-31,4127500000.0,,,,1322500000.0,3450900000.0,676600000.0,,685200000.0,159000000.0,520100000.0,4.28,4.24,121500000.0,122800000.0,1684600000.0,,630600000.0,,326500000.0,,59000000.0,2478300000.0,,1139400000.0,4495800000.0,,405600000.0,9611800000.0,159100000.0,251800000.0,108300000.0,2483100000.0,,,,178100000.0,6401500000.0,4185400000.0,-171400000.0,3168400000.0,9611800000.0,399300000.0,54700000.0,66500000.0,93700000.0,,,-35800000.0,,,,946200000.0,,,,,61400000.0,421300000.0,,,-492700000.0,,,810800000.0,1283300000.0,62000000.0
2021-03-31,1213000000.0,,,,308800000.0,906400000.0,306600000.0,,268500000.0,65600000.0,201600000.0,1.66,1.64,121800000.0,123200000.0,765900000.0,,708800000.0,,,,51500000.0,1665000000.0,,1174800000.0,5089300000.0,,379600000.0,9669400000.0,173000000.0,224100000.0,117100000.0,2341700000.0,,,,184300000.0,6312400000.0,4342000000.0,-161300000.0,3318000000.0,9669400000.0,116700000.0,20700000.0,,65800000.0,,,-14700000.0,,,,143400000.0,,,,,862000000.0,113000000.0,,,-973500000.0,,,-88600000.0,-918700000.0,
2021-06-30,2447800000.0,,,,637300000.0,1835200000.0,612600000.0,,545600000.0,126800000.0,416700000.0,3.42,3.38,121800000.0,123500000.0,458100000.0,,694000000.0,,,,47700000.0,1329500000.0,,1215600000.0,5085100000.0,,393000000.0,9340300000.0,171300000.0,219100000.0,110200000.0,1875200000.0,,,,184900000.0,5841700000.0,4505700000.0,-156800000.0,3460500000.0,9340300000.0,236400000.0,33900000.0,,51300000.0,,,-5300000.0,,,,551100000.0,,,,,861600000.0,235500000.0,,,-1095600000.0,,,-680300000.0,-1226500000.0,
2021-09-30,3670700000.0,,,,981400000.0,2784900000.0,885800000.0,,811000000.0,185500000.0,622100000.0,5.11,5.04,121900000.0,123700000.0,2025500000.0,,694600000.0,,,,49700000.0,2890300000.0,,1252900000.0,5169200000.0,,404300000.0,11083300000.0,192500000.0,213900000.0,108100000.0,1886900000.0,,,,185000000.0,7528200000.0,4677400000.0,-255700000.0,3539200000.0,11083300000.0,354900000.0,44800000.0,,54900000.0,,,-5100000.0,,,,949500000.0,,,,,1108900000.0,332900000.0,,,-1440300000.0,,,842400000.0,340900000.0,
2021-12-31,4923900000.0,,,,1324600000.0,3785900000.0,1138000000.0,,949200000.0,200700000.0,744200000.0,6.11,6.02,121900000.0,123600000.0,224700000.0,,727600000.0,,358600000.0,,60200000.0,1120900000.0,,1315900000.0,6258100000.0,,353100000.0,11040900000.0,211600000.0,237500000.0,121300000.0,2291300000.0,,,,190000000.0,7439700000.0,4751600000.0,-295400000.0,3584400000.0,11040900000.0,489600000.0,54900000.0,9300000.0,66200000.0,,,-16400000.0,,,,1334800000.0,,,,,2935600000.0,469000000.0,,,-3398200000.0,,,617700000.0,-1459900000.0,192300000.0
2022-03-31,1363200000.0,,,,340300000.0,1030800000.0,332400000.0,,303800000.0,81000000.0,221800000.0,1.82,1.8,122200000.0,123500000.0,200900000.0,,856800000.0,,,,58800000.0,1264200000.0,,1383300000.0,6378100000.0,,363300000.0,11391700000.0,187100000.0,264500000.0,127700000.0,2343400000.0,,,,188800000.0,7540600000.0,4925500000.0,-217700000.0,3834100000.0,11391700000.0,139300000.0,22300000.0,,124900000.0,,,600000.0,,,,-198500000.0,,,,,111700000.0,156500000.0,,,-268200000.0,,,444300000.0,-23800000.0,
2022-06-30,2680000000.0,,,,670500000.0,2042900000.0,637100000.0,,568600000.0,144400000.0,422400000.0,3.45,3.42,122400000.0,123400000.0,223600000.0,,892900000.0,,,,82900000.0,1353300000.0,,1433900000.0,6238700000.0,,273000000.0,11221200000.0,190400000.0,224600000.0,109400000.0,2633200000.0,,,,176800000.0,7400200000.0,5078100000.0,-414400000.0,3805000000.0,11221200000.0,281200000.0,36700000.0,,170500000.0,,,43400000.0,,,,76800000.0,,,,,111400000.0,315400000.0,,,-328700000.0,,,265000000.0,-1100000.0,
2022-09-30,3924300000.0,,,,988500000.0,3044300000.0,880000000.0,,788300000.0,197200000.0,588000000.0,4.81,4.77,122400000.0,123300000.0,241700000.0,,845000000.0,,,,67000000.0,1294900000.0,,1487000000.0,6304300000.0,,269600000.0,11308000000.0,172900000.0,221500000.0,107200000.0,2018700000.0,,,,170800000.0,7532400000.0,5195800000.0,-596200000.0,3759000000.0,11308000000.0,424100000.0,50400000.0,,133600000.0,,,32000000.0,,,,431700000.0,,,,,437500000.0,468400000.0,,,-807100000.0,,,416500000.0,17000000.0,
2022-12-31,5122200000.0,,,,1328900000.0,4066200000.0,1056000000.0,,929700000.0,229500000.0,696200000.0,5.69,5.65,122400000.0,123300000.0,285200000.0,,857700000.0,,216300000.0,,93300000.0,1370500000.0,,1587000000.0,6383900000.0,,293200000.0,11547900000.0,250800000.0,229000000.0,132900000.0,2015200000.0,,,,178600000.0,7574600000.0,5256000000.0,-473700000.0,3956500000.0,11547900000.0,568600000.0,62600000.0,88100000.0,138600000.0,,,22400000.0,,,,757100000.0,,,,,433800000.0,624500000.0,,,-959500000.0,,,273700000.0,60500000.0,152400000.0
2023-03-31,1302000000.0,,,,366100000.0,1096600000.0,205400000.0,,152200000.0,38700000.0,112400000.0,0.92,0.91,122600000.0,123500000.0,232500000.0,,919500000.0,,,,67900000.0,1383600000.0,,1654500000.0,6396300000.0,,294800000.0,11583900000.0,146400000.0,282900000.0,134900000.0,1792100000.0,,,,172100000.0,7501700000.0,5320300000.0,-461100000.0,4064000000.0,11583900000.0,152200000.0,39700000.0,,60800000.0,,,25000000.0,,,,150900000.0,,,,,4300000.0,158300000.0,,,-162600000.0,,,-43300000.0,-52700000.0,
2023-06-30,2619600000.0,,,,709200000.0,2177400000.0,442200000.0,,344300000.0,91400000.0,250600000.0,2.04,2.03,122700000.0,123800000.0,164100000.0,,935900000.0,,,,66700000.0,1315400000.0,,1722000000.0,6401200000.0,,305300000.0,11537900000.0,148300000.0,271100000.0,109700000.0,1092200000.0,,,,176500000.0,7329600000.0,5410500000.0,-445900000.0,4191200000.0,11537900000.0,304300000.0,52200000.0,,75300000.0,,,10000000.0,,,,413000000.0,,,,,4300000.0,321300000.0,,,-318700000.0,,,-217200000.0,-121100000.0,
2023-09-30,3938700000.0,,,,1042300000.0,3250200000.0,688500000.0,,535100000.0,117900000.0,412900000.0,3.36,3.34,123000000.0,123900000.0,412600000.0,,967900000.0,,,,74900000.0,1597400000.0,,1763600000.0,6730800000.0,,258100000.0,12348900000.0,190700000.0,267100000.0,115200000.0,1581800000.0,,,,215600000.0,7864300000.0,5524500000.0,-563900000.0,4293300000.0,12348900000.0,461000000.0,61300000.0,,86400000.0,,,16000000.0,,,,794700000.0,,,,,276000000.0,455600000.0,,,-724700000.0,,,63500000.0,127400000.0,
2023-12-31,5265200000.0,,,,1385700000.0,4331600000.0,933600000.0,,717900000.0,166200000.0,545300000.0,4.44,4.4,122900000.0,123900000.0,216800000.0,,908200000.0,,229400000.0,,88800000.0,1356300000.0,,1834000000.0,6829900000.0,,306200000.0,12280000000.0,197600000.0,245100000.0,109500000.0,2019000000.0,,,,250700000.0,7592500000.0,5608600000.0,-431200000.0,4534100000.0,12280000000.0,619800000.0,71800000.0,-70200000.0,23300000.0,,,13000000.0,,,,1116800000.0,,,,,283800000.0,601300000.0,,,-878200000.0,,,-306200000.0,-68400000.0,203200000.0
2024-03-31,1389400000.0,,,,372600000.0,1164700000.0,224700000.0,,166600000.0,40500000.0,124900000.0,1.01,1.0,123500000.0,124800000.0,201000000.0,,1006100000.0,,,,71700000.0,1449500000.0,,1850200000.0,6761300000.0,,322000000.0,12251300000.0,198100000.0,306200000.0,113200000.0,1973800000.0,,,,268200000.0,7539100000.0,5685000000.0,-526500000.0,4561500000.0,12251300000.0,166600000.0,41200000.0,,102500000.0,,,15200000.0,,,,252700000.0,,,,,0.0,131900000.0,,,-131900000.0,,,-131900000.0,-15800000.0,
2024-06-30,2819900000.0,,,,725200000.0,2313000000.0,506900000.0,,391100000.0,99900000.0,288700000.0,2.34,2.31,123700000.0,124800000.0,181900000.0,,1012400000.0,,,,74800000.0,1417600000.0,,1885300000.0,6746500000.0,,317800000.0,12152300000.0,201900000.0,238400000.0,104600000.0,1786900000.0,,,,266700000.0,7318700000.0,5800400000.0,-544300000.0,4696000000.0,12152300000.0,333500000.0,60300000.0,,111000000.0,,,-3800000.0,,,,520200000.0,,,,,0.0,268600000.0,,,-268600000.0,,,-280700000.0,-34900000.0,
2024-09-30,4261700000.0,,,,1105700000.0,3507700000.0,754000000.0,,584900000.0,151000000.0,430100000.0,3.48,3.44,123900000.0,125200000.0,468200000.0,,953600000.0,,,,97600000.0,1653100000.0,,1915900000.0,6730000000.0,,318400000.0,12344300000.0,152800000.0,263000000.0,111700000.0,1874400000.0,,,,264500000.0,7297700000.0,5893200000.0,-465100000.0,4909000000.0,12344300000.0,506900000.0,71900000.0,,47800000.0,,,13300000.0,,,,999700000.0,,,,,0.0,392600000.0,,,-392600000.0,,,-345000000.0,251400000.0,
,,,,,,,,,,,,,,,,,,,,,,,,,,,,,,,,,,,,,,,,,,,,,,,,,,,,,,,,,,,,,,,,,,,
