Date,Net sales,Cost of sales,Gross margin,Research and development,"Selling, general and administrative",Total operating expenses,Operating income,"Other income/(expense), net",Income before provision for income taxes,Provision for income taxes,Net income,Earnings per share basic,Earnings per share diluted,Weighted-average basic,Weighted-average diluted,Cash and cash equivalents,Short-term marketable securities,"Accounts receivable, net",Inventories,Deferred tax assets,Vendor non-trade receivables,Other current assets,Total current assets,Long-term marketable securities,"Property, Plant and Equipment, Net",Goodwill,"Acquired intangible assets, net","Other Assets, Noncurrent",Total assets,accounts payable,Accrued expenses,Deferred revenue,Total current liabilities,Deferred revenue - non-current,deferred tax liabilities,long term taxes payable,Total other non-current liabilities,Total liabilities,Retained Earnings (Accumulated Deficit),Accumulated other comprehensive (loss)/income,Total shareholders equity,Total liabilities and shareholders' equity,"Depreciation, amortization and accretion",Stock-based compensation expense,Deferred income tax expense,"Increase (Decrease) in Accounts receivable, net",Increase (Decrease) in Inventories,Increase (Decrease) in Other Receivables,Increase (Decrease) in Other Operating Assets,Increase (Decrease) in Accounts Payable,Increase (Decrease) in Deferred Revenue,Increase (Decrease) Other liabilities,Cash generated by operating activities,Purchases of marketable securities,Proceeds from maturities of marketable securities,Proceeds from sales of marketable securities,Purchases of other long-term investments,"Business acquisitions, net of cash acquired",Cash payments for capital asset purchases,Payments for acquisition of intangible assets,Payments for (Proceeds from) Other Investing Activities,Cash used in investing activities,Proceeds from issuance of common stock,Excess tax benefits from stock-based compensation,Cash generated/used in financing activities,Increase/(decrease) in cash and cash equivalents,"Cash paid for income taxes, net"
2010-09-30,2091700000.0,488100000.0,1603600000.0,,1301800000.0,1305600000.0,298000000.0,,281900000.0,92300000.0,191100000.0,0.97,0.95,196700000.0,200400000.0,693500000.0,,1155400000.0,905200000.0,,,,3198400000.0,,1043800000.0,896700000.0,245000000.0,239900000.0,5637500000.0,379200000.0,1200700000.0,,1686900000.0,,,163500000.0,444600000.0,,3755100000.0,-121100000.0,2121000000.0,5637500000.0,68800000.0,30600000.0,6100000.0,369200000.0,34600000.0,,12900000.0,,,65800000.0,-39100000.0,,,,,258500000.0,57700000.0,,,-316200000.0,,900000.0,-83400000.0,-427200000.0,
2010-12-31,4583700000.0,1029200000.0,3554500000.0,,2721000000.0,2738800000.0,815700000.0,,783500000.0,248000000.0,535000000.0,2.72,2.67,196700000.0,200900000.0,1043100000.0,,1172500000.0,866900000.0,,,,3514100000.0,,1066900000.0,900000000.0,241600000.0,245300000.0,5981800000.0,349300000.0,1258000000.0,,1751400000.0,,,166500000.0,453100000.0,,3950700000.0,-111900000.0,2387000000.0,5981800000.0,135300000.0,54400000.0,12900000.0,387900000.0,-200000.0,,27400000.0,,,129200000.0,508000000.0,,,,,256100000.0,144800000.0,,,-400900000.0,,17300000.0,-199400000.0,-77600000.0,
2011-03-31,6749400000.0,1511800000.0,5237600000.0,,4136900000.0,4212800000.0,1024800000.0,,976800000.0,316200000.0,659700000.0,3.35,3.28,197700000.0,202000000.0,1099000000.0,,1249600000.0,889300000.0,,,,3710500000.0,,1087200000.0,874400000.0,232200000.0,292200000.0,6196500000.0,373500000.0,1339500000.0,,1974500000.0,,,160600000.0,449800000.0,,4075400000.0,-49700000.0,2508300000.0,6196500000.0,212600000.0,74500000.0,-8100000.0,433900000.0,400000.0,,57700000.0,,,189500000.0,727600000.0,,,,,256100000.0,223900000.0,,,-479800000.0,,38100000.0,-288800000.0,-21700000.0,
2011-06-30,8810000000.0,1936900000.0,6873100000.0,85700000.0,5696700000.0,5783700000.0,1089400000.0,,1025500000.0,321700000.0,700800000.0,3.56,3.48,197000000.0,201200000.0,1253000000.0,,945600000.0,995600000.0,321800000.0,,,3686500000.0,,1143100000.0,877300000.0,227500000.0,339500000.0,6273900000.0,446700000.0,1296300000.0,,1943300000.0,,,130000000.0,473500000.0,,4116500000.0,17700000.0,2629400000.0,6273900000.0,294400000.0,94800000.0,-24500000.0,124700000.0,95100000.0,,52500000.0,,,152600000.0,1027000000.0,,,,,256100000.0,351000000.0,,,-606900000.0,,49700000.0,-313100000.0,132300000.0,
2011-09-30,2476700000.0,534300000.0,1942400000.0,,1507700000.0,1512400000.0,430000000.0,,414000000.0,135400000.0,,1.43,1.4,195300000.0,199600000.0,719500000.0,,1378500000.0,982200000.0,,,,3562100000.0,,1125100000.0,876700000.0,222100000.0,349400000.0,6135400000.0,424200000.0,1239700000.0,,1969600000.0,,,131600000.0,469400000.0,,4395100000.0,-66200000.0,2475300000.0,6135400000.0,69600000.0,45400000.0,-9600000.0,482100000.0,21400000.0,,9100000.0,,,-11900000.0,-36200000.0,,,,,7700000.0,80800000.0,,,-88500000.0,,11000000.0,-390900000.0,,
2011-12-31,5214200000.0,1085300000.0,4128900000.0,,3084400000.0,3101900000.0,1027000000.0,,1004900000.0,327900000.0,,1.74,1.7,388700000.0,397300000.0,999100000.0,,1383700000.0,898900000.0,,,,3753300000.0,,1151400000.0,879000000.0,211800000.0,346700000.0,6342200000.0,384800000.0,1286400000.0,,2022100000.0,,,139400000.0,468300000.0,,4584900000.0,-84200000.0,2625900000.0,6342200000.0,141000000.0,76600000.0,-13600000.0,494400000.0,-59200000.0,,12300000.0,,,26900000.0,610200000.0,,,,,7700000.0,181500000.0,,,-189200000.0,,34100000.0,-657700000.0,,
2012-03-31,7462400000.0,1554600000.0,5907800000.0,,4623400000.0,4669300000.0,1238500000.0,,1201900000.0,393600000.0,,2.07,2.03,388500000.0,397000000.0,1192800000.0,,1304800000.0,898700000.0,,,,3899900000.0,,1181800000.0,881900000.0,208600000.0,429300000.0,6601500000.0,406600000.0,1327200000.0,,2058200000.0,,,141200000.0,480700000.0,,4715300000.0,-48900000.0,2835900000.0,6601500000.0,215400000.0,101000000.0,-28700000.0,397000000.0,-66000000.0,,100800000.0,,,68200000.0,869700000.0,,,,,7600000.0,271900000.0,,,-279500000.0,,48200000.0,-640700000.0,,
2012-06-30,9713600000.0,1995800000.0,7717800000.0,96500000.0,6324800000.0,6406100000.0,1311700000.0,,1261100000.0,400600000.0,856900000.0,2.2,2.16,388700000.0,397000000.0,1347700000.0,,1060300000.0,983600000.0,350900000.0,,,3855100000.0,,1231800000.0,882600000.0,190100000.0,433400000.0,6593000000.0,493800000.0,1315800000.0,,2125800000.0,,,106300000.0,544300000.0,,4764900000.0,-212900000.0,2733200000.0,6593000000.0,295800000.0,124700000.0,-22100000.0,178400000.0,41200000.0,,63100000.0,,,60200000.0,1126700000.0,,,,,7600000.0,420700000.0,,,-428300000.0,,57800000.0,-585100000.0,,
2012-09-30,2549500000.0,539200000.0,2010300000.0,,1527900000.0,1528300000.0,482000000.0,,448900000.0,149300000.0,,0.77,0.76,387800000.0,395500000.0,1053700000.0,,1604700000.0,1067900000.0,,,,4213100000.0,,1268900000.0,885900000.0,187500000.0,452200000.0,7007600000.0,,1343100000.0,,1972400000.0,,,107200000.0,556800000.0,,5064400000.0,-144400000.0,3025200000.0,7007600000.0,77500000.0,54500000.0,-18800000.0,518100000.0,59200000.0,,26900000.0,,,34800000.0,-125200000.0,,,,,8700000.0,95500000.0,,,-104200000.0,,15600000.0,-70800000.0,,
2012-12-31,5482500000.0,1107200000.0,4375300000.0,,3226500000.0,3240200000.0,1135100000.0,,1109900000.0,360900000.0,,1.93,1.89,387600000.0,395100000.0,1323600000.0,,1531700000.0,994100000.0,,,,4341000000.0,,1301600000.0,889100000.0,184600000.0,453800000.0,7170100000.0,,1380100000.0,,2052200000.0,,,100000000.0,564700000.0,,5231600000.0,-133600000.0,3110200000.0,7170100000.0,156800000.0,88800000.0,-22300000.0,444900000.0,-11700000.0,,31500000.0,,,76700000.0,655100000.0,,,,,8700000.0,205400000.0,,,-216200000.0,,33400000.0,-472500000.0,,
2013-03-31,7774300000.0,1550300000.0,6224000000.0,,4831800000.0,4843800000.0,1380200000.0,,1342400000.0,414500000.0,,2.39,2.35,387500000.0,394700000.0,1438600000.0,,1361900000.0,989300000.0,,,,4286200000.0,,1296000000.0,890300000.0,181200000.0,441400000.0,7095100000.0,,1338900000.0,,1915900000.0,,,88200000.0,555000000.0,,5340300000.0,-198300000.0,3193800000.0,7095100000.0,247200000.0,118400000.0,-43300000.0,297000000.0,4200000.0,,24000000.0,,,7800000.0,934200000.0,,,,,8700000.0,305500000.0,,,-310800000.0,,47700000.0,-536500000.0,,
2013-06-30,10181700000.0,2025900000.0,8155800000.0,103600000.0,6597000000.0,6629800000.0,1526000000.0,,1475200000.0,451400000.0,1019800000.0,2.63,2.58,387600000.0,394900000.0,1495700000.0,,1171700000.0,1113900000.0,346300000.0,,,4297200000.0,,1350700000.0,881500000.0,169600000.0,446200000.0,7145200000.0,,1353300000.0,,1934600000.0,,,80600000.0,502100000.0,,5364100000.0,-157500000.0,3286900000.0,7145200000.0,336900000.0,145800000.0,-76100000.0,113000000.0,134500000.0,,3200000.0,,,17100000.0,1226300000.0,,,,,8700000.0,461000000.0,,,-465500000.0,,53900000.0,-611500000.0,,
2013-09-30,2675000000.0,544100000.0,2130900000.0,,1680200000.0,1681400000.0,449500000.0,,436000000.0,134200000.0,,0.78,0.76,387800000.0,394900000.0,1322200000.0,,1566700000.0,1196300000.0,306300000.0,,,4632400000.0,,1364400000.0,885400000.0,166500000.0,471800000.0,7520500000.0,,1509800000.0,,1987600000.0,,,,595700000.0,,5594700000.0,-96300000.0,3595800000.0,7520500000.0,88900000.0,56300000.0,-23400000.0,375100000.0,58100000.0,,37600000.0,,,100800000.0,29900000.0,,,,,9200000.0,85700000.0,,,-94900000.0,,9800000.0,-114900000.0,,
2013-12-31,5693700000.0,1125700000.0,4568000000.0,,3464400000.0,3462200000.0,1105800000.0,,1079900000.0,342900000.0,,1.89,1.86,388300000.0,395400000.0,1748000000.0,,1501000000.0,1145900000.0,288400000.0,,,4925600000.0,,1395400000.0,890100000.0,163200000.0,466900000.0,7841200000.0,,1529900000.0,,2039100000.0,,,,596100000.0,,5949100000.0,-106300000.0,3868600000.0,7841200000.0,184400000.0,94900000.0,-18300000.0,318400000.0,12900000.0,,44800000.0,,,152300000.0,782400000.0,,,,,9200000.0,216900000.0,,,-226700000.0,,25300000.0,-303100000.0,,
2014-03-31,8243500000.0,1624400000.0,6619100000.0,,5173900000.0,5171700000.0,1447400000.0,,1409200000.0,458500000.0,,2.44,2.4,387300000.0,394100000.0,1530200000.0,,1399000000.0,1215400000.0,294800000.0,,,4691800000.0,,1434900000.0,891500000.0,160200000.0,467600000.0,7646000000.0,,1508400000.0,,2039300000.0,,,,596600000.0,,6085100000.0,-109500000.0,3667300000.0,7646000000.0,280000000.0,124800000.0,-33700000.0,226700000.0,87400000.0,,65100000.0,,,156600000.0,1169400000.0,,,,,9200000.0,342800000.0,,,-344200000.0,,31900000.0,-744700000.0,,
2014-06-30,10968800000.0,2158200000.0,8810600000.0,157900000.0,6985900000.0,6983000000.0,1827600000.0,,1776800000.0,567700000.0,1204100000.0,3.12,3.06,386200000.0,393100000.0,1629100000.0,,1379300000.0,1294000000.0,380600000.0,,,4825200000.0,,1502600000.0,893200000.0,157300000.0,490500000.0,7868800000.0,,1513800000.0,,2056700000.0,,,,618000000.0,,6265800000.0,-100300000.0,3854900000.0,7868800000.0,384600000.0,152600000.0,-56400000.0,196200000.0,156800000.0,,45200000.0,,,168900000.0,1535200000.0,,,,,9200000.0,510200000.0,,,-511600000.0,,40200000.0,-856900000.0,133400000.0,
2014-09-30,2631000000.0,536600000.0,2094400000.0,,1746400000.0,1746400000.0,348000000.0,,334800000.0,105600000.0,,0.6,0.59,381800000.0,388200000.0,1395400000.0,,1502100000.0,1257000000.0,282300000.0,,,4727900000.0,,1444300000.0,893900000.0,154000000.0,444200000.0,7664300000.0,,1411600000.0,,1941700000.0,,,,609400000.0,,6417400000.0,-204100000.0,3780200000.0,7664300000.0,100600000.0,62100000.0,-18300000.0,167900000.0,9700000.0,,37100000.0,,,-50300000.0,127700000.0,,,,,10000000.0,78700000.0,,,-80300000.0,,7400000.0,-272600000.0,-233700000.0,
2014-12-31,5675500000.0,1109700000.0,4565800000.0,,3585000000.0,3585000000.0,980800000.0,,956400000.0,289500000.0,,1.74,1.71,380900000.0,387100000.0,1241200000.0,,1399000000.0,1112300000.0,273700000.0,,,4426000000.0,,1434200000.0,993300000.0,215500000.0,399700000.0,7856600000.0,,1480700000.0,,2044200000.0,,,,662400000.0,,6761500000.0,-295300000.0,3818000000.0,7856600000.0,198600000.0,100900000.0,-32800000.0,109800000.0,-107100000.0,,-2900000.0,,,49600000.0,993700000.0,,,,,104200000.0,187400000.0,,,-790900000.0,,14100000.0,-568100000.0,-387900000.0,
2015-03-31,8256000000.0,1612600000.0,6643400000.0,,5265400000.0,5265400000.0,1378000000.0,,1341500000.0,401900000.0,,2.46,2.42,380100000.0,386300000.0,1288300000.0,,1350200000.0,1073100000.0,262300000.0,,,4429200000.0,,1398200000.0,1147000000.0,330400000.0,396600000.0,8095100000.0,,1464400000.0,,2097400000.0,,,,815300000.0,,6942100000.0,-408900000.0,3855100000.0,8095100000.0,298600000.0,133900000.0,-56200000.0,94200000.0,-104900000.0,,14400000.0,,,55800000.0,1385000000.0,,,,,242000000.0,279800000.0,,,-1032200000.0,,40700000.0,-654400000.0,-340800000.0,
2015-06-30,10780400000.0,2100600000.0,8679800000.0,,7073500000.0,7073500000.0,1606300000.0,,1560600000.0,467200000.0,1088900000.0,2.87,2.82,379300000.0,385700000.0,1021400000.0,,1174500000.0,1215800000.0,351100000.0,,,4468500000.0,,1490200000.0,1144800000.0,326600000.0,388800000.0,8239200000.0,,1470400000.0,,2135600000.0,,,,841800000.0,,7004100000.0,-381500000.0,3643200000.0,8239200000.0,409300000.0,165000000.0,-52600000.0,-103200000.0,26200000.0,,-7800000.0,,,116900000.0,1943300000.0,,,,,241000000.0,473000000.0,,,-1616200000.0,,47600000.0,-894800000.0,-607700000.0,
2015-09-30,2834700000.0,577200000.0,2257500000.0,,1804300000.0,,453200000.0,,439100000.0,128300000.0,,0.83,0.82,372500000.0,379000000.0,408500000.0,,1539200000.0,1176700000.0,274700000.0,,,4383300000.0,,1468500000.0,1144800000.0,321900000.0,396800000.0,8425400000.0,,1486000000.0,,2454300000.0,,,,856600000.0,,7223700000.0,-449400000.0,3490400000.0,8425400000.0,98100000.0,68700000.0,-20800000.0,389000000.0,-17000000.0,,21900000.0,,,31700000.0,8200000.0,,,,,19300000.0,89900000.0,,,-564500000.0,,3800000.0,-44000000.0,-612900000.0,
2015-12-31,5959500000.0,1166200000.0,4793300000.0,,3692200000.0,3710700000.0,1082600000.0,,1054700000.0,295500000.0,,2.04,2.0,371100000.0,377500000.0,868100000.0,,1410600000.0,1077400000.0,275100000.0,,,4475800000.0,,1496800000.0,1147000000.0,317400000.0,372900000.0,8582100000.0,,1577600000.0,,2479400000.0,,,,879900000.0,,7557900000.0,-497200000.0,3603800000.0,8582100000.0,201600000.0,111200000.0,-32000000.0,276800000.0,-101800000.0,,32500000.0,,,173300000.0,962300000.0,,,,,19300000.0,223400000.0,,,-644200000.0,,12700000.0,-453300000.0,-153300000.0,
2016-03-31,8616000000.0,1670400000.0,6945600000.0,,5445300000.0,5479000000.0,1466600000.0,,1424900000.0,399100000.0,,2.76,2.71,370400000.0,376900000.0,556300000.0,,1416600000.0,1150500000.0,,,,4252300000.0,,1510500000.0,1225300000.0,352300000.0,400600000.0,8816300000.0,,1548400000.0,,2433700000.0,,,,947700000.0,,7711600000.0,-439300000.0,3811800000.0,8816300000.0,304900000.0,147300000.0,-51400000.0,251100000.0,-52900000.0,,81700000.0,,,160000000.0,1316200000.0,,,501500000.0,,101200000.0,334400000.0,,,-1096900000.0,,18100000.0,-665300000.0,-465100000.0,
2016-06-30,11262300000.0,2181100000.0,9081200000.0,,7337800000.0,7470900000.0,1610300000.0,,1555200000.0,434400000.0,1114600000.0,3.01,2.96,370000000.0,376600000.0,914100000.0,,1258300000.0,1263400000.0,422300000.0,,,4225100000.0,,1583300000.0,1227800000.0,344500000.0,734900000.0,9223300000.0,,1632300000.0,,2680500000.0,,,,1045500000.0,,7693300000.0,-544800000.0,3571900000.0,9223300000.0,414700000.0,183500000.0,-94100000.0,100900000.0,69000000.0,,72000000.0,,,285500000.0,1788700000.0,,,794300000.0,,101300000.0,525300000.0,,,-1269300000.0,,23100000.0,-604900000.0,-107300000.0,
2016-09-30,2865000000.0,596000000.0,2269000000.0,,1825000000.0,1851000000.0,418000000.0,,403000000.0,107000000.0,,0.8,0.79,366400000.0,373300000.0,664000000.0,,1624000000.0,1296000000.0,,,,4401000000.0,,1569000000.0,1229000000.0,340000000.0,759000000.0,9348000000.0,,1574000000.0,,2712000000.0,,,,1053000000.0,,7876000000.0,-548000000.0,3657000000.0,9348000000.0,106000000.0,88000000.0,-32000000.0,365000000.0,31000000.0,,-4000000.0,,,-46000000.0,-150000000.0,,,181000000.0,,10000000.0,85000000.0,,,-66000000.0,,10000000.0,-36000000.0,-250000000.0,
2016-12-31,6073000000.0,1233000000.0,4840000000.0,,3742000000.0,3805000000.0,1035000000.0,,1003000000.0,277000000.0,,1.97,1.94,366900000.0,372900000.0,1262000000.0,,1508000000.0,1278000000.0,,,,4789000000.0,,1563000000.0,1938000000.0,1349000000.0,577000000.0,11212000000.0,,747000000.0,,4458000000.0,,,,1056000000.0,,8178000000.0,-639000000.0,3793000000.0,11212000000.0,218000000.0,134000000.0,-55000000.0,243000000.0,-78000000.0,,32000000.0,,,134000000.0,824000000.0,,,332000000.0,,1690000000.0,208000000.0,,,-1727000000.0,,14000000.0,1270000000.0,348000000.0,
2017-03-31,8930000000.0,1824000000.0,7106000000.0,,5522000000.0,5644000000.0,1462000000.0,,1410000000.0,384000000.0,,2.78,2.74,367000000.0,372700000.0,1139000000.0,,1528000000.0,1310000000.0,,,,4972000000.0,,1576000000.0,1942000000.0,1337000000.0,625000000.0,11445000000.0,,786000000.0,,2860000000.0,,,,1073000000.0,,8350000000.0,-599000000.0,4119000000.0,11445000000.0,337000000.0,175000000.0,-84000000.0,242000000.0,-59000000.0,,30000000.0,,,193000000.0,1252000000.0,,,532000000.0,,1690000000.0,316000000.0,,,-2106000000.0,,37000000.0,1083000000.0,225000000.0,
2017-06-30,11824000000.0,2437000000.0,9387000000.0,,7469000000.0,7695000000.0,1692000000.0,,1617000000.0,361000000.0,1249000000.0,3.4,3.35,367100000.0,373000000.0,1136000000.0,,1395000000.0,1479000000.0,322000000.0,,,4964000000.0,,1671000000.0,1916000000.0,1327000000.0,664000000.0,11568000000.0,,768000000.0,,2823000000.0,,,,960000000.0,,8452000000.0,-484000000.0,4384000000.0,11568000000.0,464000000.0,219000000.0,-118000000.0,92000000.0,85000000.0,,80000000.0,,,224000000.0,1800000000.0,,,687000000.0,,1681000000.0,504000000.0,,,-2214000000.0,,45000000.0,630000000.0,222000000.0,
2017-09-30,3274000000.0,711000000.0,2563000000.0,,1961000000.0,1995000000.0,568000000.0,,549000000.0,119000000.0,,1.16,1.14,368400000.0,375400000.0,1444000000.0,,1799000000.0,1518000000.0,,,,5507000000.0,,1695000000.0,1921000000.0,1316000000.0,676000000.0,12202000000.0,,921000000.0,,3142000000.0,,,,924000000.0,,8752000000.0,-435000000.0,4731000000.0,12202000000.0,127000000.0,57000000.0,-3000000.0,390000000.0,16000000.0,,-13000000.0,,,30000000.0,93000000.0,,,130000000.0,,11000000.0,116000000.0,,,36000000.0,,,173000000.0,308000000.0,
2017-12-31,7018000000.0,1464000000.0,5554000000.0,,4175000000.0,4276000000.0,1278000000.0,,1239000000.0,684000000.0,,1.49,1.46,368700000.0,376100000.0,2105000000.0,,1699000000.0,1445000000.0,,,,5975000000.0,,1728000000.0,1924000000.0,1304000000.0,561000000.0,12604000000.0,,821000000.0,,3403000000.0,,,,1238000000.0,,8733000000.0,-407000000.0,4565000000.0,12604000000.0,256000000.0,132000000.0,106000000.0,281000000.0,-66000000.0,,-12000000.0,,,692000000.0,1450000000.0,,,296000000.0,,11000000.0,263000000.0,,,-144000000.0,,,-362000000.0,969000000.0,
2018-03-31,10388000000.0,2147000000.0,8241000000.0,,6268000000.0,6466000000.0,1775000000.0,,1719000000.0,790000000.0,,2.5,2.45,368300000.0,375700000.0,2140000000.0,,1761000000.0,1533000000.0,,,,6169000000.0,,1726000000.0,1931000000.0,1293000000.0,626000000.0,12772000000.0,,866000000.0,,3388000000.0,,,,1284000000.0,,8996000000.0,-386000000.0,4711000000.0,12772000000.0,389000000.0,196000000.0,84000000.0,325000000.0,,,-1000000.0,,,654000000.0,1931000000.0,,,317000000.0,,11000000.0,368000000.0,,,-155000000.0,,,-822000000.0,1004000000.0,
2018-06-30,13683000000.0,2844000000.0,10839000000.0,,8556000000.0,8787000000.0,2052000000.0,,1980000000.0,863000000.0,1108000000.0,3.01,2.95,368000000.0,375700000.0,2181000000.0,,1487000000.0,1618000000.0,120000000.0,,,6168000000.0,,1823000000.0,1926000000.0,1276000000.0,531000000.0,12567000000.0,,828000000.0,,3310000000.0,,,,1186000000.0,,9040000000.0,-434000000.0,4688000000.0,12567000000.0,531000000.0,236000000.0,175000000.0,105000000.0,147000000.0,,-12000000.0,,,466000000.0,2573000000.0,,,329000000.0,,11000000.0,629000000.0,,,-369000000.0,,,-1172000000.0,1045000000.0,
2018-09-30,3524000000.0,823000000.0,2701000000.0,,2008000000.0,2049000000.0,652000000.0,,633000000.0,131000000.0,,1.36,1.34,366800000.0,374400000.0,,,2214000000.0,1681000000.0,,,,6249000000.0,,1838000000.0,1929000000.0,1264000000.0,602000000.0,12543000000.0,,732000000.0,371000000.0,3563000000.0,,,,1189000000.0,8113000000.0,9170000000.0,-409000000.0,4406000000.0,12543000000.0,132000000.0,58000000.0,-9000000.0,546000000.0,36000000.0,,18000000.0,,-225000000.0,60000000.0,-119000000.0,,,12000000.0,,,128000000.0,,,31000000.0,,,-642000000.0,-738000000.0,
2018-12-31,7529000000.0,1733000000.0,5796000000.0,,4265000000.0,4373000000.0,1423000000.0,,1381000000.0,302000000.0,,2.94,2.88,365100000.0,372100000.0,,,2000000000.0,1651000000.0,,,,6440000000.0,,1859000000.0,1911000000.0,1233000000.0,633000000.0,12676000000.0,,770000000.0,425000000.0,3776000000.0,,,,1194000000.0,8343000000.0,9586000000.0,-430000000.0,4306000000.0,12676000000.0,269000000.0,131000000.0,-46000000.0,343000000.0,21000000.0,,53000000.0,,,387000000.0,1273000000.0,,,23000000.0,,,292000000.0,,,-35000000.0,,,-1536000000.0,-305000000.0,
2019-03-31,11273000000.0,2552000000.0,8721000000.0,,6435000000.0,6624000000.0,2097000000.0,,2108000000.0,472000000.0,,4.47,4.39,364000000.0,370900000.0,,,2036000000.0,1814000000.0,,,,7160000000.0,,1891000000.0,1865000000.0,1215000000.0,627000000.0,12931000000.0,,763000000.0,299000000.0,4231000000.0,,,,1200000000.0,8314000000.0,9984000000.0,-498000000.0,4588000000.0,12931000000.0,404000000.0,201000000.0,-46000000.0,377000000.0,184000000.0,,73000000.0,,,280000000.0,1756000000.0,,,933000000.0,,,441000000.0,,,774000000.0,,,-1814000000.0,721000000.0,
2019-06-30,14863000000.0,3387000000.0,11476000000.0,,8857000000.0,9163000000.0,2313000000.0,,2307000000.0,513000000.0,1785000000.0,4.91,4.82,363500000.0,370400000.0,,,1831000000.0,2006000000.0,295000000.0,,,7212000000.0,,2068000000.0,1868000000.0,1203000000.0,628000000.0,13156000000.0,,1359000000.0,314000000.0,4605000000.0,,,,1244000000.0,8745000000.0,9984000000.0,-563000000.0,4386000000.0,13156000000.0,557000000.0,243000000.0,-66000000.0,169000000.0,375000000.0,,62000000.0,,,285000000.0,2517000000.0,,,933000000.0,,,744000000.0,,,473000000.0,,,-2173000000.0,806000000.0,
2019-09-30,3895000000.0,908000000.0,2987000000.0,,2185000000.0,2208000000.0,779000000.0,,760000000.0,162000000.0,,1.65,1.61,361400000.0,368600000.0,,,2294000000.0,2055000000.0,,,,7022000000.0,,2018000000.0,1868000000.0,1191000000.0,816000000.0,15431000000.0,,1235000000.0,345000000.0,4590000000.0,,,,1053000000.0,,10393000000.0,-627000000.0,4530000000.0,15431000000.0,143000000.0,56000000.0,11000000.0,487000000.0,83000000.0,,48000000.0,,,31000000.0,-170000000.0,,,,,,125000000.0,,,-128000000.0,,,-416000000.0,-728000000.0,
2019-12-31,8519000000.0,1949000000.0,6570000000.0,,4723000000.0,5530000000.0,1040000000.0,,1571000000.0,412000000.0,,3.19,3.13,360800000.0,367700000.0,,,2225000000.0,2058000000.0,,,,8348000000.0,,2086000000.0,1920000000.0,2342000000.0,724000000.0,17937000000.0,,1113000000.0,378000000.0,4953000000.0,,,,1403000000.0,,10775000000.0,-569000000.0,4574000000.0,17937000000.0,287000000.0,139000000.0,7000000.0,347000000.0,-31000000.0,,120000000.0,,,252000000.0,1255000000.0,,,,,1040000000.0,291000000.0,,,-1350000000.0,,,687000000.0,609000000.0,
2020-03-31,11864000000.0,2785000000.0,9079000000.0,,6753000000.0,7930000000.0,1149000000.0,,1651000000.0,496000000.0,,3.18,3.12,360600000.0,367100000.0,,,1846000000.0,2087000000.0,,,,9233000000.0,,2092000000.0,1633000000.0,2190000000.0,769000000.0,18363000000.0,,1531000000.0,306000000.0,5681000000.0,,,,1362000000.0,,10595000000.0,-712000000.0,4329000000.0,18363000000.0,447000000.0,210000000.0,-65000000.0,48000000.0,41000000.0,,63000000.0,,,62000000.0,1945000000.0,,,,,1047000000.0,468000000.0,,,-1557000000.0,,,1525000000.0,1889000000.0,
2020-06-30,14294000000.0,3552000000.0,10742000000.0,,8637000000.0,10136000000.0,606000000.0,,1046000000.0,350000000.0,684000000.0,1.9,1.86,360600000.0,366900000.0,,,1194000000.0,2062000000.0,44000000.0,,,8892000000.0,,2055000000.0,1401000000.0,2338000000.0,813000000.0,17781000000.0,,1503000000.0,222000000.0,5179000000.0,,,,1448000000.0,,10134000000.0,-665000000.0,3935000000.0,17781000000.0,611000000.0,213000000.0,-143000000.0,-625000000.0,3000000.0,,212000000.0,,,-169000000.0,2280000000.0,,,,,1047000000.0,623000000.0,,,-1698000000.0,,,1461000000.0,2035000000.0,
2020-09-30,3562000000.0,825000000.0,2737000000.0,,2026000000.0,2032000000.0,705000000.0,,671000000.0,146000000.0,,1.44,1.42,362100000.0,367200000.0,,,1812000000.0,2204000000.0,,,,8795000000.0,,2077000000.0,1421000000.0,2358000000.0,930000000.0,17903000000.0,,821000000.0,353000000.0,4744000000.0,,,,1456000000.0,,10480000000.0,-594000000.0,4452000000.0,17903000000.0,156000000.0,64000000.0,-39000000.0,607000000.0,94000000.0,,-39000000.0,,,316000000.0,358000000.0,,,,,6000000.0,116000000.0,,,-242000000.0,,,-890000000.0,-755000000.0,
2020-12-31,8415000000.0,1909000000.0,6506000000.0,,4616000000.0,4738000000.0,1768000000.0,,1701000000.0,299000000.0,,3.84,3.79,363400000.0,368500000.0,,,1972000000.0,2116000000.0,,,,10291000000.0,,2142000000.0,1401000000.0,2424000000.0,1012000000.0,19595000000.0,,761000000.0,365000000.0,5420000000.0,,,,1492000000.0,,11159000000.0,-383000000.0,5421000000.0,19595000000.0,316000000.0,169000000.0,-49000000.0,720000000.0,-67000000.0,,110000000.0,,,750000000.0,1978000000.0,,,,,6000000.0,250000000.0,,,-397000000.0,,,-1119000000.0,523000000.0,
2021-03-31,12279000000.0,2848000000.0,9431000000.0,,6761000000.0,7047000000.0,2384000000.0,,2281000000.0,421000000.0,,5.1,5.03,363600000.0,369000000.0,,,1735000000.0,2134000000.0,,,,10997000000.0,,2106000000.0,1369000000.0,2294000000.0,922000000.0,19900000000.0,,1050000000.0,310000000.0,5197000000.0,,,,1460000000.0,,11420000000.0,-487000000.0,5528000000.0,19900000000.0,475000000.0,255000000.0,-103000000.0,506000000.0,-13000000.0,,122000000.0,,,629000000.0,2777000000.0,,,,,8000000.0,386000000.0,,,-577000000.0,,,-862000000.0,1377000000.0,
2021-06-30,16215000000.0,3834000000.0,12381000000.0,,9371000000.0,9763000000.0,2618000000.0,,3331000000.0,456000000.0,,7.91,7.79,362900000.0,368200000.0,,,1702000000.0,2505000000.0,1428000000.0,,,9768000000.0,,2280000000.0,2616000000.0,4095000000.0,1022000000.0,21971000000.0,,1181000000.0,322000000.0,5298000000.0,,,,2037000000.0,,12244000000.0,-470000000.0,6057000000.0,21971000000.0,651000000.0,327000000.0,-230000000.0,398000000.0,140000000.0,,-13000000.0,,,695000000.0,3631000000.0,,,,,1065000000.0,637000000.0,,,-1864000000.0,,,-1892000000.0,-64000000.0,
2021-09-30,4392000000.0,1057000000.0,3335000000.0,,2394000000.0,2400000000.0,935000000.0,,897000000.0,202000000.0,,1.91,1.88,362200000.0,367900000.0,,,2265000000.0,2633000000.0,,,,9486000000.0,,2358000000.0,2575000000.0,3923000000.0,1125000000.0,21580000000.0,,974000000.0,379000000.0,5319000000.0,,,,1964000000.0,,12864000000.0,-625000000.0,6081000000.0,21580000000.0,183000000.0,79000000.0,-57000000.0,583000000.0,178000000.0,,19000000.0,,,-15000000.0,-81000000.0,,,,,0.0,205000000.0,,,-153000000.0,,,-714000000.0,-963000000.0,
2021-12-31,9931000000.0,2280000000.0,7651000000.0,,5279000000.0,5298000000.0,2353000000.0,,2285000000.0,500000000.0,,4.93,4.85,361400000.0,367000000.0,,,2079000000.0,2612000000.0,,,,9955000000.0,,2451000000.0,2572000000.0,3883000000.0,1115000000.0,22078000000.0,,1140000000.0,377000000.0,5762000000.0,,,,1937000000.0,,13735000000.0,-646000000.0,6218000000.0,22078000000.0,364000000.0,192000000.0,-43000000.0,407000000.0,164000000.0,,57000000.0,,,213000000.0,1846000000.0,,,,,3000000.0,459000000.0,,,-414000000.0,,,-1775000000.0,-355000000.0,
2022-03-31,14176000000.0,3274000000.0,10902000000.0,,7554000000.0,7811000000.0,3091000000.0,,2988000000.0,630000000.0,,6.48,6.39,360700000.0,365800000.0,,,2209000000.0,2830000000.0,,,,9500000000.0,,2493000000.0,2591000000.0,3638000000.0,1103000000.0,21359000000.0,,1450000000.0,313000000.0,5414000000.0,,,,1758000000.0,,14076000000.0,-626000000.0,6150000000.0,21359000000.0,546000000.0,283000000.0,-90000000.0,548000000.0,398000000.0,,61000000.0,,,-132000000.0,1969000000.0,,,,,3000000.0,658000000.0,,,-563000000.0,,,-2516000000.0,-1122000000.0,
2022-06-30,17737000000.0,4305000000.0,13432000000.0,,9888000000.0,10262000000.0,3170000000.0,,3036000000.0,628000000.0,,6.64,6.55,360000000.0,364900000.0,,,1629000000.0,2920000000.0,3000000.0,,,9298000000.0,,2650000000.0,2521000000.0,3428000000.0,1064000000.0,20910000000.0,,1508000000.0,312000000.0,5815000000.0,,,,1651000000.0,,13912000000.0,-762000000.0,5590000000.0,20910000000.0,727000000.0,331000000.0,-149000000.0,10000000.0,602000000.0,,101000000.0,,,1000000.0,3040000000.0,,,,,3000000.0,1040000000.0,,,-945000000.0,,,-3036000000.0,-1001000000.0,
2022-09-30,3930000000.0,1023000000.0,2907000000.0,,2244000000.0,2246000000.0,661000000.0,,633000000.0,143000000.0,,1.37,1.35,357900000.0,361400000.0,,,2156000000.0,3018000000.0,,,,8866000000.0,,2654000000.0,2415000000.0,3190000000.0,1006000000.0,19989000000.0,,1566000000.0,313000000.0,5271000000.0,,,,1505000000.0,,14185000000.0,-1078000000.0,5517000000.0,19989000000.0,178000000.0,53000000.0,-53000000.0,579000000.0,229000000.0,,-3000000.0,,,-135000000.0,-650000000.0,,,,,,152000000.0,,,-14000000.0,,,-304000000.0,-1019000000.0,
2022-12-31,8550000000.0,2242000000.0,6308000000.0,,4874000000.0,5091000000.0,1217000000.0,,1165000000.0,278000000.0,,2.47,2.45,357800000.0,360900000.0,,,1932000000.0,3069000000.0,,,,9367000000.0,,2908000000.0,2473000000.0,3097000000.0,1039000000.0,20731000000.0,,1494000000.0,344000000.0,5655000000.0,,,,1487000000.0,,14342000000.0,-829000000.0,5902000000.0,20731000000.0,359000000.0,165000000.0,-31000000.0,295000000.0,156000000.0,,-33000000.0,,,-106000000.0,751000000.0,,,,,,419000000.0,,,-285000000.0,,,-685000000.0,-232000000.0,
2023-03-31,12301000000.0,3401000000.0,8900000000.0,,7155000000.0,7386000000.0,1514000000.0,,1445000000.0,403000000.0,,2.9,2.88,357900000.0,361200000.0,,,1904000000.0,3097000000.0,,,,11247000000.0,,3026000000.0,2468000000.0,3045000000.0,1086000000.0,22715000000.0,,1466000000.0,306000000.0,7700000000.0,,,,1457000000.0,,14261000000.0,-875000000.0,5877000000.0,22715000000.0,548000000.0,234000000.0,-70000000.0,254000000.0,154000000.0,,69000000.0,,,-151000000.0,1017000000.0,,,,,,652000000.0,8000000.0,,-527000000.0,,,1090000000.0,1574000000.0,
2023-06-30,15910000000.0,4564000000.0,11346000000.0,,9575000000.0,9837000000.0,1509000000.0,,1397000000.0,387000000.0,,2.81,2.79,357900000.0,360900000.0,,,1452000000.0,2979000000.0,240000000.0,,,9139000000.0,,3179000000.0,2486000000.0,5602000000.0,1212000000.0,23415000000.0,,2026000000.0,323000000.0,6240000000.0,,,,1943000000.0,,13991000000.0,-934000000.0,,23415000000.0,744000000.0,267000000.0,-186000000.0,-185000000.0,64000000.0,,-26000000.0,,,-129000000.0,1731000000.0,,,,,0.0,1003000000.0,2286000000.0,,-3217000000.0,,,1590000000.0,72000000.0,
2023-09-30,3518000000.0,1070000000.0,2448000000.0,,2349000000.0,2350000000.0,98000000.0,,46000000.0,10000000.0,,0.09,0.09,358400000.0,360500000.0,,,1909000000.0,2863000000.0,,,,8585000000.0,,3103000000.0,2455000000.0,5515000000.0,1205000000.0,22650000000.0,,1501000000.0,336000000.0,5914000000.0,,,,1793000000.0,,13784000000.0,-1063000000.0,5342000000.0,22650000000.0,203000000.0,80000000.0,-57000000.0,477000000.0,-62000000.0,,17000000.0,,,51000000.0,-408000000.0,,,,,,295000000.0,,,-295000000.0,,,-219000000.0,-939000000.0,
2023-12-31,7797000000.0,2224000000.0,5573000000.0,,4893000000.0,4901000000.0,672000000.0,,565000000.0,205000000.0,,0.96,0.95,358700000.0,360300000.0,,,1752000000.0,2603000000.0,,,,8915000000.0,,3220000000.0,2497000000.0,5554000000.0,1278000000.0,23283000000.0,,1529000000.0,370000000.0,6574000000.0,,,,1812000000.0,,13858000000.0,-856000000.0,5712000000.0,23283000000.0,408000000.0,189000000.0,-83000000.0,279000000.0,-405000000.0,,-44000000.0,,,175000000.0,937000000.0,,,,,,527000000.0,,,-557000000.0,,,-489000000.0,-90000000.0,
2024-03-31,11737000000.0,3331000000.0,8406000000.0,,7177000000.0,7203000000.0,1203000000.0,,1051000000.0,356000000.0,,1.88,1.87,359100000.0,360800000.0,,,1854000000.0,2307000000.0,,,,8534000000.0,,3133000000.0,2453000000.0,5438000000.0,1306000000.0,22700000000.0,,944000000.0,306000000.0,5416000000.0,,,,1728000000.0,,13950000000.0,-1014000000.0,5744000000.0,22700000000.0,614000000.0,276000000.0,-165000000.0,404000000.0,-653000000.0,,-19000000.0,,,106000000.0,1471000000.0,,,,,,702000000.0,0.0,,-735000000.0,,,-1059000000.0,-328000000.0,
2024-06-30,15608000000.0,4424000000.0,11184000000.0,,9621000000.0,10214000000.0,970000000.0,,772000000.0,363000000.0,,1.09,1.08,359000000.0,360800000.0,,,1727000000.0,2175000000.0,499000000.0,,,7922000000.0,,3136000000.0,2143000000.0,5183000000.0,1460000000.0,21677000000.0,,1407000000.0,327000000.0,5702000000.0,,,,1693000000.0,,13427000000.0,-1140000000.0,,21677000000.0,825000000.0,325000000.0,-265000000.0,285000000.0,-766000000.0,,-15000000.0,,,209000000.0,2360000000.0,,,,,0.0,919000000.0,0.0,,-960000000.0,,,-2035000000.0,-634000000.0,
2024-09-30,3361000000.0,928000000.0,2433000000.0,,2298000000.0,2554000000.0,-121000000.0,,-180000000.0,-24000000.0,,-0.43,-0.43,359600000.0,359600000.0,,,1977000000.0,2255000000.0,1107000000.0,,,7215000000.0,,3233000000.0,2162000000.0,5207000000.0,1527000000.0,21317000000.0,,1441000000.0,338000000.0,5486000000.0,,,,1634000000.0,,13031000000.0,-1057000000.0,5084000000.0,21317000000.0,208000000.0,74000000.0,-79000000.0,219000000.0,10000000.0,,47000000.0,,,-100000000.0,-670000000.0,,,,,,141000000.0,,,-160000000.0,,,-226000000.0,-1045000000.0,
,,,,,,,,,,,,,,,,,,,,,,,,,,,,,,,,,,,,,,,,,,,,,,,,,,,,,,,,,,,,,,,,,,,
,,,,,,,,,,,,,,,,,,,,,,,,,,,,,,,,,,,,,,,,,,,,,,,,,,,,,,,,,,,,,,,,,,,
,,,,,,,,,,,,,,,,,,,,,,,,,,,,,,,,,,,,,,,,,,,,,,,,,,,,,,,,,,,,,,,,,,,
