Date,Net sales,Cost of sales,Gross margin,Research and development,"Selling, general and administrative",Total operating expenses,Operating income,"Other income/(expense), net",Income before provision for income taxes,Provision for income taxes,Net income,Earnings per share basic,Earnings per share diluted,Weighted-average basic,Weighted-average diluted,Cash and cash equivalents,Short-term marketable securities,"Accounts receivable, net",Inventories,Deferred tax assets,Vendor non-trade receivables,Other current assets,Total current assets,Long-term marketable securities,"Property, Plant and Equipment, Net",Goodwill,"Acquired intangible assets, net","Other Assets, Noncurrent",Total assets,accounts payable,Accrued expenses,Deferred revenue,Total current liabilities,Deferred revenue - non-current,deferred tax liabilities,long term taxes payable,Total other non-current liabilities,Total liabilities,Retained Earnings (Accumulated Deficit),Accumulated other comprehensive (loss)/income,Total shareholders equity,Total liabilities and shareholders' equity,"Depreciation, amortization and accretion",Stock-based compensation expense,Deferred income tax expense,"Increase (Decrease) in Accounts receivable, net",Increase (Decrease) in Inventories,Increase (Decrease) in Other Receivables,Increase (Decrease) in Other Operating Assets,Increase (Decrease) in Accounts Payable,Increase (Decrease) in Deferred Revenue,Increase (Decrease) Other liabilities,Cash generated by operating activities,Purchases of marketable securities,Proceeds from maturities of marketable securities,Proceeds from sales of marketable securities,Purchases of other long-term investments,"Business acquisitions, net of cash acquired",Cash payments for capital asset purchases,Payments for acquisition of intangible assets,Payments for (Proceeds from) Other Investing Activities,Cash used in investing activities,Proceeds from issuance of common stock,Excess tax benefits from stock-based compensation,Cash generated/used in financing activities,Increase/(decrease) in cash and cash equivalents,"Cash paid for income taxes, net"
2009-12-31,65028100000.0,,,,9659100000.0,,,,7403000000.0,2657100000.0,4745900000.0,9.96,9.88,,,4816100000.0,15696900000.0,,,523800000.0,,1268600000.0,28070700000.0,230400000.0,1099600000.0,13264600000.0,8259300000.0,393000000.0,52125400000.0,,1775200000.0,,14673700000.0,,2470400000.0,,1115100000.0,27262100000.0,9598500000.0,68100000.0,24863300000.0,52125400000.0,,153600000.0,61300000.0,484200000.0,,,119300000.0,,,-248800000.0,3038900000.0,7186800000.0,1551700000.0,4096600000.0,49000000.0,66300000.0,378400000.0,,32000000.0,3002800000.0,,9600000.0,-3402800000.0,2632200000.0,
2010-03-31,15098500000.0,,,,2200600000.0,,,,1335300000.0,458500000.0,876800000.0,1.99,1.96,,,3526200000.0,15601100000.0,,,481600000.0,,1323800000.0,27116500000.0,229600000.0,1144500000.0,13265700000.0,8177800000.0,412500000.0,51180900000.0,,1800200000.0,,14810500000.0,,2501000000.0,,1056000000.0,26661700000.0,9795600000.0,166800000.0,24519200000.0,51180900000.0,,14100000.0,40200000.0,279800000.0,,,74500000.0,,,-21200000.0,-322900000.0,1642100000.0,1213700000.0,960600000.0,28800000.0,300000.0,120200000.0,,4300000.0,191900000.0,,21600000.0,-1157700000.0,-1289900000.0,
2010-09-30,44153900000.0,,,,6472100000.0,,3384400000.0,,3601700000.0,1263400000.0,2338300000.0,5.59,5.52,418.5,423.4,2246200000.0,16733900000.0,,,416000000.0,,1297100000.0,26939400000.0,231900000.0,1206700000.0,13265400000.0,8056500000.0,455100000.0,51032400000.0,,1652600000.0,,14141500000.0,,2621600000.0,,1036600000.0,26670700000.0,10581800000.0,372400000.0,24361700000.0,51032400000.0,,96600000.0,111000000.0,22800000.0,,,89900000.0,,,-116600000.0,829700000.0,8212600000.0,2542900000.0,5611500000.0,67900000.0,200000.0,333600000.0,,50200000.0,-1168900000.0,,25100000.0,-2229500000.0,-2569900000.0,
2010-12-31,58801800000.0,,,,8839400000.0,,4077500000.0,,4353800000.0,1466700000.0,2887100000.0,7.03,6.94,410900000.0,415800000.0,1788800000.0,16069500000.0,,,-2126000000.0,,1534100000.0,26140800000.0,221800000.0,1155500000.0,13264900000.0,7996800000.0,488300000.0,50166900000.0,,1617300000.0,,14009500000.0,,2586900000.0,,963400000.0,26354300000.0,10721600000.0,224600000.0,23812600000.0,50166900000.0,,136000000.0,101800000.0,-109700000.0,,,320100000.0,,,-208400000.0,1416700000.0,10567200000.0,3321700000.0,7413000000.0,91400000.0,-300000.0,451400000.0,,75500000.0,-1271500000.0,,28100000.0,-3169300000.0,-3027300000.0,
2011-03-31,14894300000.0,,,,2076500000.0,,1350300000.0,,1427100000.0,500500000.0,926600000.0,2.48,2.44,374000000.0,379300000.0,2402000000.0,15761300000.0,,,457400000.0,,1639300000.0,26819400000.0,220200000.0,1186100000.0,13264500000.0,7940100000.0,542200000.0,50918000000.0,,1550000000.0,,14160300000.0,,2637300000.0,,958200000.0,26939900000.0,11199900000.0,251400000.0,23978100000.0,50918000000.0,,22600000.0,44700000.0,268200000.0,,,160300000.0,,,-67300000.0,1114900000.0,2965000000.0,790800000.0,2620400000.0,34200000.0,,101900000.0,,13400000.0,282100000.0,,22600000.0,-785800000.0,613200000.0,
2011-06-30,29995000000.0,,,,4087600000.0,,2297000000.0,,2434500000.0,806300000.0,1628200000.0,4.4,4.34,370100000.0,375400000.0,1699800000.0,16462700000.0,,,347300000.0,,1601500000.0,26756800000.0,223000000.0,1212900000.0,13263700000.0,7883400000.0,557300000.0,50877200000.0,,1640000000.0,,14107300000.0,,2639300000.0,,1019200000.0,26695900000.0,11418100000.0,343700000.0,24181300000.0,50877200000.0,,60900000.0,111300000.0,58600000.0,,,137600000.0,,,-186200000.0,1886700000.0,6351100000.0,1204800000.0,5055300000.0,61300000.0,,206600000.0,,23100000.0,-470200000.0,,36100000.0,-1509300000.0,-89000000.0,
2011-09-30,45393000000.0,,,,6207200000.0,,3269600000.0,,3479700000.0,1168300000.0,2311400000.0,6.33,6.24,365300000.0,370300000.0,2508400000.0,16479400000.0,,,456700000.0,,1600500000.0,27552300000.0,267100000.0,1316900000.0,13846900000.0,7994200000.0,539100000.0,52549900000.0,,1582400000.0,,15786300000.0,,2754700000.0,,965100000.0,28831800000.0,11572800000.0,132200000.0,23718100000.0,52549900000.0,,98100000.0,151300000.0,357200000.0,,,107100000.0,,,-5100000.0,3316500000.0,10017200000.0,1561300000.0,8309200000.0,139900000.0,602300000.0,334400000.0,,29700000.0,-1323200000.0,,38400000.0,-1275200000.0,719600000.0,
2011-12-31,60710700000.0,,,,8435600000.0,,3782100000.0,,3957900000.0,1311200000.0,2646700000.0,7.35,7.25,360200000.0,365100000.0,2201600000.0,15913100000.0,,,-2299200000.0,,1859000000.0,27097400000.0,246800000.0,1418100000.0,13858700000.0,7931700000.0,433600000.0,52018800000.0,,1654100000.0,,15825700000.0,,2724000000.0,,1029300000.0,28730600000.0,11490700000.0,114900000.0,23288200000.0,52018800000.0,,134800000.0,74300000.0,401800000.0,,,259200000.0,,,-13600000.0,3374400000.0,11914800000.0,1891300000.0,10733600000.0,207900000.0,600000000.0,519500000.0,,31100000.0,-942000000.0,,42200000.0,-2019200000.0,412800000.0,
2012-03-31,15415200000.0,,,,2165700000.0,,1212600000.0,,1309800000.0,453300000.0,856500000.0,2.56,2.53,335000000.0,339000000.0,2279100000.0,16196500000.0,,,353300000.0,,1920600000.0,27543600000.0,245300000.0,1454600000.0,13858600000.0,7878100000.0,445700000.0,52496500000.0,,1660100000.0,,15955100000.0,,2773200000.0,,1025000000.0,28968100000.0,11921100000.0,235000000.0,23528400000.0,52496500000.0,,32500000.0,59900000.0,302300000.0,,,74300000.0,,,-2900000.0,1223100000.0,3252400000.0,477600000.0,2894500000.0,34700000.0,1200000.0,123800000.0,,600000.0,20100000.0,,19300000.0,-1167000000.0,77500000.0,
2012-06-30,30822500000.0,,,,4247500000.0,,2204300000.0,,2358400000.0,858300000.0,1500100000.0,4.53,4.48,331300000.0,335100000.0,1953100000.0,17206100000.0,,,347500000.0,,1913600000.0,28470100000.0,247100000.0,1478400000.0,14534300000.0,8126200000.0,458600000.0,54535000000.0,,1958300000.0,,16177800000.0,,2868400000.0,,1013300000.0,30891200000.0,12224000000.0,212200000.0,23643800000.0,54535000000.0,,71500000.0,87600000.0,466900000.0,,,77300000.0,,,187500000.0,1744600000.0,7278900000.0,875700000.0,5725500000.0,95800000.0,905300000.0,226000000.0,,900000.0,-1967200000.0,,22700000.0,-25200000.0,-248500000.0,
2012-09-30,46175600000.0,,,,6326100000.0,,3208100000.0,,3384100000.0,1192800000.0,2191300000.0,6.7,6.63,327200000.0,330700000.0,2442100000.0,18485500000.0,,,61100000.0,,1875500000.0,29640300000.0,244100000.0,1536500000.0,14469100000.0,8210500000.0,451900000.0,55817900000.0,,1766600000.0,,14083100000.0,,2841500000.0,,957900000.0,32001400000.0,12556800000.0,386900000.0,23816500000.0,55817900000.0,,123700000.0,255300000.0,133200000.0,,,33300000.0,,,-57500000.0,1984800000.0,11808800000.0,1347800000.0,8745700000.0,153700000.0,992300000.0,375100000.0,,900000.0,-3285100000.0,,23200000.0,1541100000.0,240500000.0,
2012-12-31,61711700000.0,,,,8738300000.0,,3639200000.0,,3865500000.0,1210000000.0,2655500000.0,8.26,8.18,321500000.0,324800000.0,2484600000.0,16912900000.0,,,-3137800000.0,,1829000000.0,28268400000.0,431500000.0,1738300000.0,17510500000.0,9102800000.0,486100000.0,58955400000.0,,1713500000.0,,15836900000.0,,3381000000.0,,1013200000.0,35152700000.0,12647100000.0,299100000.0,23802700000.0,58955400000.0,,146500000.0,127500000.0,-189900000.0,,,-79200000.0,,,-132800000.0,2744600000.0,15040400000.0,1781500000.0,13675900000.0,303700000.0,4597000000.0,544900000.0,,-3100000.0,-4551600000.0,,28800000.0,2088900000.0,283000000.0,
2013-03-31,17687200000.0,,,,2365000000.0,,1367600000.0,,1287100000.0,401900000.0,885200000.0,2.92,2.89,303200000.0,305900000.0,1665300000.0,17819100000.0,,,135400000.0,,1891000000.0,28660700000.0,468600000.0,1738100000.0,17489500000.0,9055800000.0,483300000.0,59408600000.0,,1848000000.0,,16030100000.0,,3287900000.0,,971800000.0,35090600000.0,13275100000.0,342500000.0,24318000000.0,59408600000.0,,21500000.0,9100000.0,397700000.0,,,58600000.0,,,35100000.0,956900000.0,3955500000.0,490800000.0,2619200000.0,127500000.0,0.0,107500000.0,,0.0,-1195600000.0,,4200000.0,-579100000.0,-819300000.0,
2013-06-30,35482800000.0,,,,4835500000.0,,2599300000.0,,2497600000.0,812300000.0,1685300000.0,5.59,5.53,301300000.0,304500000.0,1347300000.0,17679800000.0,,,356300000.0,,1823000000.0,28900800000.0,460000000.0,1769500000.0,17488600000.0,8988100000.0,464700000.0,59612300000.0,,1844900000.0,,16034100000.0,,3320800000.0,,945800000.0,35079800000.0,13817900000.0,-27200000.0,24532500000.0,59612300000.0,,63100000.0,14400000.0,619700000.0,,,-27700000.0,,,-15400000.0,1382100000.0,6821700000.0,802500000.0,5410000000.0,164400000.0,0.0,249500000.0,,3800000.0,-2063400000.0,,13800000.0,-455200000.0,-1137300000.0,
2013-09-30,53452600000.0,,,,7415500000.0,,3608700000.0,,3380400000.0,1038900000.0,2341500000.0,7.81,7.69,300000000.0,304500000.0,2185700000.0,17538000000.0,,,367900000.0,,1807800000.0,29596900000.0,437800000.0,1806500000.0,17497600000.0,8921600000.0,456000000.0,60263500000.0,,1828800000.0,,16042400000.0,,3322900000.0,,874200000.0,35455400000.0,14040500000.0,-4800000.0,24808100000.0,60263500000.0,,103700000.0,-12000000.0,368000000.0,,,-51600000.0,,,-78000000.0,2779500000.0,11494100000.0,1490000000.0,10821600000.0,207900000.0,0.0,408100000.0,,3800000.0,-2086800000.0,,23500000.0,-992000000.0,-298900000.0,
2013-12-31,71023500000.0,,,,9952900000.0,,4001400000.0,,3840200000.0,1205900000.0,2489700000.0,8.34,8.2,298500000.0,303800000.0,1582100000.0,17038200000.0,,,-2942200000.0,,1677500000.0,29745800000.0,449900000.0,1801500000.0,16917200000.0,8441000000.0,645200000.0,59574500000.0,,1674700000.0,,16351500000.0,,3325200000.0,,836000000.0,34809300000.0,13813900000.0,183200000.0,24765200000.0,59574500000.0,,146000000.0,59100000.0,418300000.0,,,33600000.0,,,-154600000.0,3052300000.0,13704500000.0,1836800000.0,13662800000.0,251500000.0,0.0,646500000.0,,-1300000.0,-2234400000.0,,30100000.0,-1717800000.0,-897700000.0,
2014-03-31,17859400000.0,,,,2861500000.0,,1118700000.0,,1130100000.0,438700000.0,701000000.0,2.46,2.4,284900000.0,292600000.0,1971200000.0,18004000000.0,,,234500000.0,,2417600000.0,31806800000.0,502400000.0,1811700000.0,16916700000.0,8387300000.0,635800000.0,61685500000.0,,1805900000.0,,18493700000.0,,3343100000.0,,832400000.0,37340200000.0,14011500000.0,327400000.0,24345300000.0,61685500000.0,,38800000.0,85200000.0,616000000.0,,,69500000.0,,,107400000.0,1387500000.0,3084800000.0,284300000.0,2401400000.0,35400000.0,,135700000.0,,100000.0,-744300000.0,,22400000.0,-258600000.0,384300000.0,
2014-06-30,36332800000.0,,,,5747300000.0,,2341600000.0,,2393800000.0,971300000.0,1432100000.0,5.1,4.95,280800000.0,289300000.0,1784600000.0,18329400000.0,,,162200000.0,,2165800000.0,32428200000.0,506700000.0,1829200000.0,17082900000.0,8071000000.0,675900000.0,62303600000.0,,1901900000.0,,19176300000.0,,3216900000.0,,852700000.0,37926700000.0,13744400000.0,475000000.0,24376900000.0,62303600000.0,,88900000.0,48700000.0,839000000.0,,,102900000.0,,,211500000.0,2458500000.0,5493100000.0,645600000.0,4961400000.0,81900000.0,,271200000.0,,100000.0,-1527300000.0,,29300000.0,-732700000.0,197700000.0,
2014-09-30,54889800000.0,,,,8715600000.0,,3532900000.0,,3481000000.0,1427600000.0,2063000000.0,7.42,7.18,278100000.0,287500000.0,1717900000.0,18284700000.0,,,244400000.0,,1922100000.0,32227100000.0,501300000.0,1848900000.0,17082000000.0,8010600000.0,664800000.0,62058200000.0,,1903600000.0,,18395000000.0,,3284200000.0,,891000000.0,37764200000.0,13863800000.0,333100000.0,24294000000.0,62058200000.0,,125700000.0,108100000.0,1020700000.0,,,309200000.0,,,231400000.0,3064200000.0,7498800000.0,1016400000.0,6999600000.0,138900000.0,,410600000.0,,100000.0,-1635000000.0,,39900000.0,-1293600000.0,131000000.0,
2014-12-31,73874100000.0,,,,11748400000.0,,4418400000.0,,4368100000.0,1808000000.0,2569700000.0,9.31,8.99,275900000.0,285900000.0,2151700000.0,17467400000.0,,,-2945600000.0,,1474600000.0,32228900000.0,504400000.0,1944300000.0,17082000000.0,7958100000.0,619900000.0,62065000000.0,,1861200000.0,,18753400000.0,,3226000000.0,,1035800000.0,37813700000.0,14014400000.0,171900000.0,24251300000.0,62065000000.0,,168900000.0,30700000.0,1899700000.0,,,-405500000.0,,,-7900000.0,3369300000.0,9613400000.0,1318700000.0,10255900000.0,205700000.0,0.0,714600000.0,,100000.0,-974900000.0,,46400000.0,-1822500000.0,564800000.0,
2015-03-31,19051500000.0,,,,3145200000.0,,1579300000.0,,1569100000.0,703900000.0,865200000.0,3.25,3.09,266600000.0,280400000.0,1397000000.0,18804700000.0,,,164100000.0,,2534100000.0,34740400000.0,529300000.0,1915900000.0,17570900000.0,8293600000.0,746000000.0,65546000000.0,,2171700000.0,,21305400000.0,,3357700000.0,,1099400000.0,41211700000.0,14150100000.0,237900000.0,24334300000.0,65546000000.0,,27100000.0,70600000.0,429600000.0,,,191000000.0,,,401100000.0,1650500000.0,3273300000.0,270400000.0,2925900000.0,48100000.0,635800000.0,88800000.0,,0.0,-2711600000.0,,68800000.0,311900000.0,-754700000.0,
2015-06-30,39067000000.0,,,,6186000000.0,,3091400000.0,,3127100000.0,1402800000.0,1724300000.0,6.51,6.22,264800000.0,277300000.0,1553000000.0,18236500000.0,,,295600000.0,,2178800000.0,33202200000.0,613700000.0,1931400000.0,17541700000.0,8275500000.0,864300000.0,64263800000.0,,2246300000.0,,20673200000.0,,3226200000.0,,1225800000.0,41201200000.0,14352200000.0,400000.0,23062600000.0,64263800000.0,,68600000.0,47500000.0,318500000.0,,,388900000.0,,,488100000.0,2823500000.0,5530600000.0,664900000.0,6160700000.0,161100000.0,641600000.0,229700000.0,,0.0,-2026700000.0,,89000000.0,-1391100000.0,-598700000.0,
2015-09-30,58968600000.0,,,,9266400000.0,,4313300000.0,,4256700000.0,1877600000.0,2379100000.0,9.03,8.66,263600000.0,274600000.0,1547800000.0,17898000000.0,,,428500000.0,,1878000000.0,31539400000.0,569400000.0,1930800000.0,17550600000.0,8215500000.0,661300000.0,62335600000.0,,2282800000.0,,18365800000.0,,3169400000.0,,1228700000.0,39099500000.0,14761800000.0,-216200000.0,23236100000.0,62335600000.0,,111000000.0,-12800000.0,-454000000.0,,,616800000.0,,,469300000.0,3166900000.0,7937800000.0,1017500000.0,8864000000.0,250600000.0,636200000.0,408300000.0,,6000000.0,-1782200000.0,,92500000.0,-1985000000.0,-603900000.0,
2015-12-31,79156500000.0,,,,12534800000.0,,4753100000.0,,4631000000.0,2071000000.0,2560000000.0,9.73,9.38,263000000.0,272900000.0,2113500000.0,16920000000.0,,,1343500000.0,,1555700000.0,30862100000.0,558200000.0,2019800000.0,17562200000.0,8158000000.0,485400000.0,61717800000.0,,2816100000.0,,19092600000.0,,2630600000.0,,994300000.0,38673700000.0,14778500000.0,-292600000.0,23044100000.0,61717800000.0,,148200000.0,-65900000.0,42900000.0,,,-33800000.0,,,686400000.0,4116000000.0,9792000000.0,1313600000.0,11779800000.0,505800000.0,638900000.0,638200000.0,,8200000.0,-1151500000.0,,95800000.0,-2997400000.0,-38200000.0,
2016-03-31,20288500000.0,,,,3200200000.0,,1570400000.0,,1312000000.0,609000000.0,703000000.0,2.69,2.63,261800000.0,267500000.0,1676000000.0,18355400000.0,,,,,2494100000.0,32965000000.0,507800000.0,1998300000.0,17562200000.0,8107600000.0,609800000.0,63858700000.0,,2883900000.0,,20810300000.0,,2663600000.0,,1319900000.0,40311600000.0,15310400000.0,-382400000.0,23547100000.0,63858700000.0,,37600000.0,73300000.0,170500000.0,,,117400000.0,,,39500000.0,1304300000.0,3287100000.0,249300000.0,3062100000.0,146400000.0,0.0,117500000.0,,,-1391000000.0,,39800000.0,-353200000.0,-437500000.0,
2016-06-30,41744700000.0,,,,6169300000.0,,3070600000.0,,2760300000.0,1276700000.0,1483600000.0,5.65,5.54,263000000.0,268200000.0,1582700000.0,18563200000.0,,,,,2083300000.0,32957700000.0,512000000.0,1989800000.0,17562200000.0,8059700000.0,862200000.0,64062600000.0,,2762100000.0,,20816800000.0,,2704900000.0,,1479800000.0,39829000000.0,15918400000.0,-364900000.0,24233600000.0,64062600000.0,,82400000.0,99700000.0,332800000.0,,,284500000.0,,,-17100000.0,1966300000.0,5509300000.0,590500000.0,5542600000.0,261100000.0,0.0,251200000.0,,,-1707800000.0,,46000000.0,-790300000.0,-530800000.0,
2016-09-30,63148600000.0,,,,9293900000.0,,4148700000.0,,3896800000.0,1795400000.0,2101400000.0,8.0,7.84,263200000.0,268100000.0,2546000000.0,18218600000.0,,,,,1906800000.0,32924300000.0,538900000.0,2006600000.0,17562200000.0,8012300000.0,1168500000.0,64399900000.0,,3129900000.0,,21036900000.0,,2688900000.0,,1040700000.0,39655700000.0,16364100000.0,-363900000.0,24744200000.0,64399900000.0,,124300000.0,81600000.0,176200000.0,,,925200000.0,,,381600000.0,2929800000.0,7624000000.0,979300000.0,8463800000.0,348300000.0,0.0,415600000.0,,3000000.0,-1184800000.0,,48700000.0,-1314400000.0,432500000.0,
2016-12-31,84863000000.0,,,,12557900000.0,,4801700000.0,,4555400000.0,2085600000.0,2469800000.0,9.39,9.21,262900000.0,268100000.0,4075300000.0,17163100000.0,,,,,1781800000.0,34314900000.0,524400000.0,1977900000.0,17561200000.0,7964900000.0,467900000.0,65083100000.0,,3581300000.0,,21294400000.0,,2779900000.0,,883800000.0,39982700000.0,16560600000.0,-267900000.0,25100400000.0,65083100000.0,,164600000.0,126900000.0,1380500000.0,,,127700000.0,,,605700000.0,3204500000.0,10157700000.0,1418600000.0,11952300000.0,433100000.0,0.0,583600000.0,,3000000.0,-513900000.0,,53500000.0,-732900000.0,1961800000.0,
2017-03-31,22525900000.0,,,,3191300000.0,,1585400000.0,,1515000000.0,505100000.0,1009900000.0,3.82,3.73,264400000.0,270400000.0,6772400000.0,17949700000.0,,,,,1823600000.0,37981800000.0,560000000.0,1957600000.0,17561200000.0,7923000000.0,640500000.0,68943500000.0,,3643100000.0,,23174200000.0,,2663900000.0,,889900000.0,42851600000.0,17357700000.0,-161800000.0,26091900000.0,68943500000.0,,42700000.0,-157200000.0,-276300000.0,,,205200000.0,,,40300000.0,2688200000.0,4030100000.0,522700000.0,3514000000.0,73700000.0,,127900000.0,,-11800000.0,-1227000000.0,,0.0,1234300000.0,2697100000.0,
2017-06-30,44933100000.0,,,,6245100000.0,,2812400000.0,,2720700000.0,855500000.0,1865200000.0,7.05,6.89,264600000.0,270800000.0,4561200000.0,18948200000.0,,,,,1774600000.0,37130700000.0,524800000.0,1975700000.0,17561200000.0,7882400000.0,778400000.0,68237600000.0,,3668900000.0,,22567900000.0,,2632700000.0,,898300000.0,41805900000.0,17667000000.0,-134900000.0,26431700000.0,68237600000.0,,87100000.0,-209900000.0,134700000.0,,,322400000.0,,,81500000.0,3081300000.0,7637000000.0,966400000.0,6455800000.0,162300000.0,,297500000.0,,-11800000.0,-2268800000.0,,0.0,-329500000.0,485900000.0,
2017-09-30,67359100000.0,,,,9256200000.0,,3794400000.0,,3839600000.0,1227500000.0,2612100000.0,9.92,9.7,263200000.0,269400000.0,6097200000.0,18697300000.0,,,,,1822000000.0,36973700000.0,533300000.0,2049200000.0,17587800000.0,7840600000.0,850900000.0,68309900000.0,,3788400000.0,,24412500000.0,,2609300000.0,,944000000.0,42361600000.0,17306600000.0,-126000000.0,25948300000.0,68309900000.0,,130700000.0,-237500000.0,-611600000.0,,,517000000.0,,,251000000.0,5486000000.0,10270500000.0,1387600000.0,9840400000.0,252800000.0,33900000.0,516200000.0,,-11900000.0,-1461700000.0,,0.0,-2006300000.0,2021900000.0,
2017-12-31,90039400000.0,,,,12649600000.0,,4175400000.0,,3963800000.0,121000000.0,3842800000.0,14.7,14.35,261500000.0,267800000.0,3608900000.0,17377300000.0,,,,,2249300000.0,36262800000.0,560800000.0,2174900000.0,19231200000.0,8368400000.0,565300000.0,70540000000.0,,3343000000.0,,23356000000.0,,1726500000.0,,925100000.0,44037100000.0,18054400000.0,-101500000.0,26502900000.0,70540000000.0,,169600000.0,-1272100000.0,22200000.0,,,629000000.0,,,-120200000.0,4184800000.0,9794600000.0,1847600000.0,13460800000.0,1163800000.0,2079600000.0,799500000.0,,-11900000.0,-5082400000.0,,0.0,426900000.0,-466400000.0,
2018-03-31,22537500000.0,,,,3428500000.0,,1867900000.0,,1780300000.0,467800000.0,1312500000.0,5.13,4.99,255800000.0,262800000.0,4630600000.0,17091500000.0,,,,,3552300000.0,36974100000.0,501500000.0,2237600000.0,20185500000.0,9076000000.0,832000000.0,73300400000.0,,3475500000.0,,24755900000.0,,1812900000.0,,942300000.0,46288000000.0,19241100000.0,-720600000.0,27012400000.0,73300400000.0,,42200000.0,-51500000.0,-36700000.0,,,391800000.0,,,147400000.0,2214900000.0,2235400000.0,362900000.0,2227300000.0,72300000.0,1346100000.0,218200000.0,,-3600000.0,-565900000.0,,,-627700000.0,1021700000.0,
2018-06-30,45481200000.0,,,,6856500000.0,,3426900000.0,,3283800000.0,917900000.0,2365900000.0,9.2,8.97,258700000.0,264500000.0,4682000000.0,17081600000.0,,,,,3106100000.0,37370400000.0,487500000.0,2392200000.0,20414500000.0,9224300000.0,950400000.0,74367400000.0,,3302800000.0,,24505700000.0,,1902200000.0,,1074400000.0,45642400000.0,19757300000.0,-782800000.0,28725000000.0,74367400000.0,,78100000.0,1900000.0,570100000.0,,,445200000.0,,,70100000.0,2757100000.0,4885800000.0,1016600000.0,4881100000.0,246700000.0,1722500000.0,532500000.0,,-15200000.0,-1344200000.0,1250000000.0,,-339400000.0,1073100000.0,
2018-09-30,68732000000.0,,,,10402000000.0,,4676000000.0,,4525000000.0,1200000000.0,3325000000.0,12.89,12.58,259500000.0,265400000.0,4260000000.0,17390000000.0,,,,,2875000000.0,37108000000.0,496000000.0,2592000000.0,20468000000.0,9101000000.0,1074000000.0,74445000000.0,,3306000000.0,,24174000000.0,,2063000000.0,,1145000000.0,45351000000.0,20182000000.0,-811000000.0,29094000000.0,74445000000.0,,135000000.0,141000000.0,823000000.0,,,734000000.0,,,190000000.0,3364000000.0,6790000000.0,1442000000.0,6413000000.0,324000000.0,1732000000.0,888000000.0,,-17000000.0,-2032000000.0,1250000000.0,,-680000000.0,651000000.0,
2018-12-31,92105000000.0,,,,14020000000.0,,5426000000.0,,5068000000.0,1318000000.0,3750000000.0,14.53,14.19,258100000.0,264200000.0,3934000000.0,16692000000.0,,,,,2104000000.0,34321000000.0,487000000.0,2735000000.0,20504000000.0,9007000000.0,758000000.0,71571000000.0,,3190000000.0,,21965000000.0,,1960000000.0,,1182000000.0,43030000000.0,19988000000.0,-986000000.0,28541000000.0,71571000000.0,,226000000.0,91000000.0,695000000.0,,,26000000.0,,,-25000000.0,3827000000.0,8244000000.0,1938000000.0,8380000000.0,531000000.0,1760000000.0,1208000000.0,,71000000.0,-1259000000.0,1250000000.0,0.0,-2241000000.0,325000000.0,
2019-03-31,24666000000.0,,,,3166000000.0,,1940000000.0,,1945000000.0,394000000.0,1551000000.0,6.03,5.91,257100000.0,262300000.0,4482000000.0,17795000000.0,,,,,2172000000.0,36611000000.0,492000000.0,2799000000.0,20500000000.0,8925000000.0,1453000000.0,74523000000.0,,4037000000.0,,22682000000.0,,2116000000.0,,1612000000.0,44525000000.0,21136000000.0,-623000000.0,29998000000.0,74523000000.0,,70000000.0,55000000.0,753000000.0,,,125000000.0,,,675000000.0,1630000000.0,2300000000.0,393000000.0,1468000000.0,78000000.0,0.0,234000000.0,,-8000000.0,-652000000.0,,,-429000000.0,548000000.0,
2019-06-30,50132000000.0,98000000.0,,,6444000000.0,,3373000000.0,,3398000000.0,708000000.0,2690000000.0,10.47,10.28,256900000.0,261600000.0,4078000000.0,19123000000.0,,,,,2151000000.0,37805000000.0,509000000.0,2837000000.0,20500000000.0,8840000000.0,1608000000.0,75851000000.0,,3935000000.0,,23090000000.0,,2211000000.0,,1666000000.0,45058000000.0,21679000000.0,-383000000.0,30793000000.0,75851000000.0,,140000000.0,79000000.0,589000000.0,,,258000000.0,,,632000000.0,3067000000.0,5023000000.0,894000000.0,3454000000.0,116000000.0,0.0,455000000.0,,18000000.0,-1817000000.0,0.0,,-1106000000.0,144000000.0,
2019-09-30,76806000000.0,843000000.0,,,9862000000.0,,4901000000.0,,4887000000.0,1014000000.0,3873000000.0,15.11,14.83,256300000.0,261100000.0,4190000000.0,19960000000.0,,,,,2113000000.0,39504000000.0,518000000.0,2921000000.0,20500000000.0,8756000000.0,1667000000.0,77809000000.0,,3867000000.0,,23234000000.0,,2140000000.0,,1622000000.0,46477000000.0,22104000000.0,-299000000.0,31332000000.0,77809000000.0,,226000000.0,-29000000.0,880000000.0,,,280000000.0,,,675000000.0,4734000000.0,7616000000.0,1583000000.0,5502000000.0,286000000.0,0.0,726000000.0,,33000000.0,-3515000000.0,0.0,,-962000000.0,256000000.0,
2019-12-31,104213000000.0,1992000000.0,,,13364000000.0,,5999000000.0,,5985000000.0,1178000000.0,4807000000.0,18.81,18.47,255500000.0,260300000.0,4937000000.0,19676000000.0,,,,,2319000000.0,39033000000.0,505000000.0,3133000000.0,20500000000.0,8674000000.0,1350000000.0,77453000000.0,,3692000000.0,,23617000000.0,,2227000000.0,,1420000000.0,45725000000.0,22573000000.0,-296000000.0,31728000000.0,77453000000.0,,294000000.0,81000000.0,1053000000.0,,,170000000.0,,,148000000.0,6061000000.0,10487000000.0,2437000000.0,8351000000.0,642000000.0,0.0,1077000000.0,,50000000.0,-2792000000.0,0.0,,-2266000000.0,1003000000.0,
2020-03-31,29621000000.0,1984000000.0,,,3781000000.0,,2194000000.0,,2089000000.0,566000000.0,1523000000.0,6.03,5.94,252400000.0,256400000.0,5345000000.0,19881000000.0,,,,,4135000000.0,41256000000.0,505000000.0,3350000000.0,21661000000.0,9613000000.0,1833000000.0,82399000000.0,,5202000000.0,,27039000000.0,,,,1695000000.0,50706000000.0,23360000000.0,-1008000000.0,31693000000.0,82399000000.0,270000000.0,67000000.0,57000000.0,639000000.0,,,525000000.0,,-109000000.0,,2515000000.0,,597000000.0,1931000000.0,,1908000000.0,204000000.0,,101000000.0,-2784000000.0,,,679000000.0,408000000.0,
2020-06-30,58885000000.0,4209000000.0,,,7827000000.0,,5554000000.0,,5238000000.0,1439000000.0,3799000000.0,15.06,14.85,252300000.0,255900000.0,6028000000.0,22018000000.0,,,,,4260000000.0,46764000000.0,520000000.0,3427000000.0,21641000000.0,9577000000.0,1950000000.0,87976000000.0,,7252000000.0,,28522000000.0,,,,1853000000.0,53521000000.0,25346000000.0,-254000000.0,34455000000.0,87976000000.0,556000000.0,134000000.0,60000000.0,313000000.0,,,486000000.0,,-110000000.0,,8025000000.0,,1836000000.0,4549000000.0,,1906000000.0,437000000.0,,800000000.0,-7718000000.0,,,784000000.0,1091000000.0,
2020-09-30,90043000000.0,6431000000.0,,,13132000000.0,,5755000000.0,,5627000000.0,1606000000.0,4021000000.0,15.96,15.75,251900000.0,255300000.0,3984000000.0,22707000000.0,,,,,4147000000.0,45450000000.0,558000000.0,3363000000.0,21687000000.0,9497000000.0,1849000000.0,86574000000.0,,6245000000.0,,28561000000.0,,,,1839000000.0,52653000000.0,24678000000.0,-112000000.0,33921000000.0,86574000000.0,864000000.0,214000000.0,-102000000.0,845000000.0,,,988000000.0,,-95000000.0,,6875000000.0,,3763000000.0,9146000000.0,,1973000000.0,743000000.0,,39000000.0,-7629000000.0,,,-200000000.0,-953000000.0,
2020-12-31,121867000000.0,8953000000.0,,,17450000000.0,,6360000000.0,,6238000000.0,1666000000.0,4572000000.0,18.23,17.98,250800000.0,254300000.0,5741000000.0,23433000000.0,,,1661000000.0,,4060000000.0,45751000000.0,562000000.0,3483000000.0,21691000000.0,9405000000.0,1438000000.0,86615000000.0,,6052000000.0,,29453000000.0,,,,1815000000.0,53416000000.0,23802000000.0,150000000.0,33199000000.0,86615000000.0,1154000000.0,283000000.0,-540000000.0,256000000.0,,,283000000.0,,202000000.0,,10688000000.0,,4741000000.0,,,1976000000.0,1021000000.0,,45000000.0,-7324000000.0,0.0,,-2567000000.0,804000000.0,
2021-03-31,32385000000.0,2313000000.0,,,3925000000.0,,2161000000.0,,2176000000.0,509000000.0,1665000000.0,6.8,6.71,245000000.0,248200000.0,9326000000.0,24555000000.0,,,,,4693000000.0,54495000000.0,558000000.0,3533000000.0,21708000000.0,9352000000.0,1563000000.0,95683000000.0,,10159000000.0,,34749000000.0,,,,1745000000.0,61765000000.0,24793000000.0,-195000000.0,33853000000.0,95683000000.0,282000000.0,64000000.0,31000000.0,1258000000.0,,,288000000.0,,-119000000.0,,2505000000.0,,998000000.0,5323000000.0,,27000000.0,204000000.0,,15000000.0,-2307000000.0,,,3388000000.0,3585000000.0,
2021-06-30,66236000000.0,4927000000.0,,,7746000000.0,,4242000000.0,,4529000000.0,1061000000.0,3458000000.0,14.13,13.95,244800000.0,247800000.0,5258000000.0,25848000000.0,,,,,4701000000.0,50238000000.0,581000000.0,3733000000.0,24399000000.0,10540000000.0,1689000000.0,96097000000.0,,7730000000.0,,33794000000.0,,,,1869000000.0,61051000000.0,25874000000.0,-17000000.0,34968000000.0,96097000000.0,591000000.0,133000000.0,-8000000.0,1632000000.0,,,247000000.0,,-180000000.0,,4188000000.0,,2246000000.0,,,3442000000.0,489000000.0,,29000000.0,-7232000000.0,,,2568000000.0,-483000000.0,
2021-09-30,102058000000.0,7825000000.0,,,11692000000.0,,6301000000.0,,6525000000.0,1555000000.0,4967000000.0,20.33,20.09,244300000.0,247200000.0,5490000000.0,26348000000.0,,,,,5140000000.0,51904000000.0,625000000.0,3835000000.0,24184000000.0,10749000000.0,1804000000.0,98060000000.0,,8461000000.0,,35162000000.0,,,,1912000000.0,62252000000.0,26700000000.0,-103000000.0,35737000000.0,98060000000.0,942000000.0,196000000.0,114000000.0,1751000000.0,,,470000000.0,,-308000000.0,,6692000000.0,,3388000000.0,,,3442000000.0,747000000.0,,50000000.0,-8672000000.0,,,1738000000.0,-251000000.0,
2021-12-31,138639000000.0,10895000000.0,,,15914000000.0,,7489000000.0,,7925000000.0,1830000000.0,6104000000.0,25.04,24.73,243800000.0,246800000.0,4880000000.0,26267000000.0,,,1530000000.0,,4654000000.0,51122000000.0,632000000.0,3919000000.0,24228000000.0,10615000000.0,1719000000.0,97460000000.0,,7849000000.0,,34885000000.0,,,,1683000000.0,61332000000.0,27088000000.0,-178000000.0,36060000000.0,97460000000.0,1302000000.0,255000000.0,326000000.0,2138000000.0,,,-37000000.0,,-113000000.0,,8364000000.0,,4344000000.0,,,3476000000.0,1087000000.0,,63000000.0,-9638000000.0,,,423000000.0,-861000000.0,
2022-03-31,38095000000.0,2883000000.0,,,4341000000.0,,2447000000.0,,2326000000.0,531000000.0,1805000000.0,7.48,7.39,241400000.0,244400000.0,6161000000.0,26219000000.0,,,,,5193000000.0,53897000000.0,596000000.0,3986000000.0,24251000000.0,10588000000.0,1803000000.0,100486000000.0,,9549000000.0,,39733000000.0,,,,1679000000.0,64455000000.0,28058000000.0,-1236000000.0,35975000000.0,100486000000.0,358000000.0,50000000.0,-92000000.0,1348000000.0,,,353000000.0,,57000000.0,,2541000000.0,,1209000000.0,,,61000000.0,254000000.0,,28000000.0,-1578000000.0,,,322000000.0,1281000000.0,
2022-06-30,76727000000.0,5952000000.0,,,8610000000.0,,4814000000.0,,4469000000.0,1024000000.0,3458000000.0,14.35,14.18,241000000.0,243900000.0,6456000000.0,25765000000.0,,,,,5661000000.0,53655000000.0,603000000.0,4090000000.0,24367000000.0,10762000000.0,2002000000.0,100877000000.0,,9360000000.0,,39308000000.0,,,,1694000000.0,65010000000.0,28825000000.0,-2149000000.0,35812000000.0,100877000000.0,751000000.0,122000000.0,-172000000.0,662000000.0,,,419000000.0,,-182000000.0,,4993000000.0,,4347000000.0,,,609000000.0,549000000.0,,58000000.0,-3602000000.0,,,195000000.0,1576000000.0,
2022-09-30,116666000000.0,9389000000.0,,,13124000000.0,,7084000000.0,,6615000000.0,1557000000.0,5076000000.0,21.11,20.86,240500000.0,243300000.0,8872000000.0,25526000000.0,,,,,5496000000.0,55603000000.0,622000000.0,4197000000.0,24381000000.0,10536000000.0,2171000000.0,103026000000.0,,9384000000.0,,41287000000.0,,,,1788000000.0,66983000000.0,29604000000.0,-2784000000.0,35991000000.0,103026000000.0,1202000000.0,191000000.0,-170000000.0,678000000.0,,,474000000.0,,2548000000.0,,9917000000.0,,7606000000.0,,,623000000.0,854000000.0,,91000000.0,-4849000000.0,,,-1060000000.0,3992000000.0,
2022-12-31,156595000000.0,13035000000.0,,,17686000000.0,,8452000000.0,,7769000000.0,1750000000.0,6025000000.0,25.1,24.81,240000000.0,242800000.0,7387000000.0,25952000000.0,,,1846000000.0,,5281000000.0,55617000000.0,752000000.0,4316000000.0,24383000000.0,10315000000.0,1704000000.0,102772000000.0,,9683000000.0,,39696000000.0,,,,1562000000.0,66378000000.0,29724000000.0,-2503000000.0,36307000000.0,102772000000.0,1675000000.0,264000000.0,-76000000.0,2510000000.0,,,-120000000.0,,-42000000.0,,8399000000.0,,10620000000.0,,,649000000.0,1152000000.0,,120000000.0,-4560000000.0,,,-1318000000.0,2507000000.0,
2023-03-31,42172000000.0,3481000000.0,,,4800000000.0,,2831000000.0,,2619000000.0,615000000.0,1989000000.0,8.37,8.3,237500000.0,239700000.0,10142000000.0,27636000000.0,,,,,4943000000.0,59823000000.0,783000000.0,4418000000.0,25273000000.0,10915000000.0,1857000000.0,109040000000.0,,10531000000.0,,41889000000.0,,,,1650000000.0,71580000000.0,30707000000.0,-2050000000.0,37356000000.0,109040000000.0,462000000.0,61000000.0,-255000000.0,29000000.0,,,348000000.0,,3282000000.0,,6469000000.0,,3533000000.0,,,1638000000.0,301000000.0,,28000000.0,-3184000000.0,,,-531000000.0,2755000000.0,
2023-06-30,85844000000.0,7808000000.0,,,9618000000.0,,5459000000.0,,5060000000.0,1200000000.0,3842000000.0,16.21,16.1,237000000.0,238700000.0,9991000000.0,28021000000.0,,,,,4936000000.0,59743000000.0,775000000.0,4547000000.0,25274000000.0,10703000000.0,2133000000.0,109168000000.0,,9696000000.0,,41571000000.0,,,,1777000000.0,70856000000.0,31608000000.0,-2166000000.0,38205000000.0,109168000000.0,895000000.0,139000000.0,-393000000.0,299000000.0,,,529000000.0,,3346000000.0,,8419000000.0,,10656000000.0,,,1651000000.0,651000000.0,,46000000.0,-3856000000.0,,,-1961000000.0,2604000000.0,
2023-09-30,128693000000.0,12456000000.0,,,15088000000.0,,7215000000.0,,6714000000.0,1554000000.0,5131000000.0,21.7,21.56,236400000.0,238000000.0,10919000000.0,27811000000.0,,,,,5358000000.0,61185000000.0,816000000.0,4248000000.0,25291000000.0,10491000000.0,2329000000.0,110478000000.0,,10366000000.0,,43337000000.0,,,,1971000000.0,71939000000.0,32103000000.0,-2512000000.0,38423000000.0,110478000000.0,1321000000.0,217000000.0,-361000000.0,727000000.0,,,936000000.0,,3220000000.0,,11032000000.0,,14531000000.0,,,1570000000.0,970000000.0,,82000000.0,-4543000000.0,,,-2955000000.0,3532000000.0,
2023-12-31,171340000000.0,17293000000.0,,,20087000000.0,,8499000000.0,,7715000000.0,1724000000.0,5987000000.0,25.38,25.22,235900000.0,237400000.0,6526000000.0,29614000000.0,,,1875000000.0,,5795000000.0,60029000000.0,876000000.0,4359000000.0,25317000000.0,10273000000.0,1967000000.0,108928000000.0,,9894000000.0,,41791000000.0,,,,1738000000.0,69523000000.0,31749000000.0,-1313000000.0,39306000000.0,108928000000.0,1745000000.0,289000000.0,-602000000.0,1762000000.0,,,675000000.0,,290000000.0,,8061000000.0,,2940000000.0,,,1552000000.0,1296000000.0,,102000000.0,-5572000000.0,,,-3349000000.0,-861000000.0,
2024-03-31,42577000000.0,3825000000.0,,,4886000000.0,,3016000000.0,,2939000000.0,690000000.0,2246000000.0,9.65,9.59,232700000.0,234200000.0,6226000000.0,29530000000.0,,,,,6388000000.0,60948000000.0,880000000.0,4451000000.0,25947000000.0,10710000000.0,2245000000.0,111894000000.0,,10970000000.0,,44334000000.0,,,,1908000000.0,71184000000.0,33088000000.0,-1365000000.0,40608000000.0,111894000000.0,331000000.0,62000000.0,136000000.0,282000000.0,,,1104000000.0,,72000000.0,,1978000000.0,,535000000.0,5401000000.0,,1120000000.0,279000000.0,,29000000.0,-2310000000.0,,,32000000.0,-300000000.0,
2024-06-30,86463000000.0,8645000000.0,,,9952000000.0,,5781000000.0,,5925000000.0,1375000000.0,4546000000.0,19.56,19.44,232400000.0,233800000.0,6497000000.0,28900000000.0,,,,,6464000000.0,62274000000.0,849000000.0,4450000000.0,25962000000.0,10447000000.0,2196000000.0,112988000000.0,,11139000000.0,,41813000000.0,,,,1985000000.0,70691000000.0,34575000000.0,-1387000000.0,42191000000.0,112988000000.0,666000000.0,154000000.0,-34000000.0,1341000000.0,,,789000000.0,,80000000.0,,2425000000.0,,1036000000.0,8414000000.0,,1124000000.0,602000000.0,,65000000.0,-3128000000.0,,,700000000.0,-8000000.0,
2024-09-30,131569000000.0,13738000000.0,,,15221000000.0,,7189000000.0,,7298000000.0,1740000000.0,5562000000.0,23.94,23.81,232300000.0,233600000.0,7866000000.0,28954000000.0,,,,,5949000000.0,62846000000.0,893000000.0,4505000000.0,25967000000.0,10325000000.0,2603000000.0,116533000000.0,,11614000000.0,,42033000000.0,,,,3593000000.0,72654000000.0,35157000000.0,-489000000.0,43775000000.0,116533000000.0,995000000.0,220000000.0,-258000000.0,490000000.0,,,934000000.0,,392000000.0,,5102000000.0,,1481000000.0,12284000000.0,,1124000000.0,934000000.0,,96000000.0,-3529000000.0,,,-215000000.0,1360000000.0,
,,,,,,,,,,,,,,,,,,,,,,,,,,,,,,,,,,,,,,,,,,,,,,,,,,,,,,,,,,,,,,,,,,,
