Date,Net sales,Cost of sales,Gross margin,Research and development,"Selling, general and administrative",Total operating expenses,Operating income,"Other income/(expense), net",Income before provision for income taxes,Provision for income taxes,Net income,Earnings per share basic,Earnings per share diluted,Weighted-average basic,Weighted-average diluted,Cash and cash equivalents,Short-term marketable securities,"Accounts receivable, net",Inventories,Deferred tax assets,Vendor non-trade receivables,Other current assets,Total current assets,Long-term marketable securities,"Property, Plant and Equipment, Net",Goodwill,"Acquired intangible assets, net","Other Assets, Noncurrent",Total assets,accounts payable,Accrued expenses,Deferred revenue,Total current liabilities,Deferred revenue - non-current,deferred tax liabilities,long term taxes payable,Total other non-current liabilities,Total liabilities,Retained Earnings (Accumulated Deficit),Accumulated other comprehensive (loss)/income,Total shareholders equity,Total liabilities and shareholders' equity,"Depreciation, amortization and accretion",Stock-based compensation expense,Deferred income tax expense,"Increase (Decrease) in Accounts receivable, net",Increase (Decrease) in Inventories,Increase (Decrease) in Other Receivables,Increase (Decrease) in Other Operating Assets,Increase (Decrease) in Accounts Payable,Increase (Decrease) in Deferred Revenue,Increase (Decrease) Other liabilities,Cash generated by operating activities,Purchases of marketable securities,Proceeds from maturities of marketable securities,Proceeds from sales of marketable securities,Purchases of other long-term investments,"Business acquisitions, net of cash acquired",Cash payments for capital asset purchases,Payments for acquisition of intangible assets,Payments for (Proceeds from) Other Investing Activities,Cash used in investing activities,Proceeds from issuance of common stock,Excess tax benefits from stock-based compensation,Cash generated/used in financing activities,Increase/(decrease) in cash and cash equivalents,"Cash paid for income taxes, net"
2010-03-31,,,321000000.0,36000000.0,103000000.0,,182000000.0,,151000000.0,50000000.0,101000000.0,1.39,1.37,,,483000000.0,,687000000.0,588000000.0,,,32000000.0,1877000000.0,,3167000000.0,314000000.0,,290000000.0,5648000000.0,,,,870000000.0,,261000000.0,,120000000.0,4079000000.0,2640000000.0,-388000000.0,1569000000.0,5648000000.0,,,16000000.0,-414000000.0,-58000000.0,,,,,,-225000000.0,,,,,,31000000.0,,,-47000000.0,,,-38000000.0,-310000000.0,
2010-06-30,,,725000000.0,72000000.0,211000000.0,,439000000.0,,375000000.0,126000000.0,249000000.0,3.44,3.38,,,435000000.0,,721000000.0,635000000.0,,,30000000.0,1909000000.0,,3155000000.0,376000000.0,,359000000.0,5799000000.0,,,,886000000.0,,285000000.0,,130000000.0,4122000000.0,2756000000.0,-389000000.0,1677000000.0,5799000000.0,,,12000000.0,-433000000.0,-90000000.0,,,,,,-19000000.0,,,,,,76000000.0,,0.0,-257000000.0,,,-83000000.0,-358000000.0,
2010-09-30,,,1170000000.0,115000000.0,333000000.0,,719000000.0,,633000000.0,214000000.0,419000000.0,5.81,5.7,,,642000000.0,,701000000.0,652000000.0,,,40000000.0,2101000000.0,,3166000000.0,377000000.0,,345000000.0,5989000000.0,,,,940000000.0,,297000000.0,,142000000.0,4179000000.0,2894000000.0,-392000000.0,1810000000.0,5989000000.0,,,52000000.0,-397000000.0,-100000000.0,,,,,,297000000.0,,,,,,133000000.0,,7000000.0,-323000000.0,,,-126000000.0,-151000000.0,
2010-12-31,,,1474000000.0,152000000.0,431000000.0,,862000000.0,,636000000.0,211000000.0,438000000.0,6.07,5.92,,,516000000.0,,545000000.0,619000000.0,,,19000000.0,2047000000.0,,3219000000.0,375000000.0,,322000000.0,5986000000.0,,,,1070000000.0,,284000000.0,,130000000.0,4359000000.0,2880000000.0,-432000000.0,1627000000.0,5986000000.0,,,59000000.0,-358000000.0,-160000000.0,,,,,,575000000.0,,,,,,243000000.0,,15000000.0,-442000000.0,,,-411000000.0,-277000000.0,
2011-03-31,,,433000000.0,36000000.0,113000000.0,,284000000.0,,271000000.0,89000000.0,220000000.0,3.11,3.04,,,640000000.0,,777000000.0,675000000.0,,,31000000.0,2434000000.0,,2886000000.0,378000000.0,,311000000.0,6009000000.0,,,,1055000000.0,,226000000.0,,133000000.0,4192000000.0,3066000000.0,-417000000.0,1817000000.0,6009000000.0,,,-52000000.0,-229000000.0,-49000000.0,,,,,,-146000000.0,,,,,,97000000.0,,11000000.0,307000000.0,,,-37000000.0,124000000.0,
2011-06-30,,,896000000.0,75000000.0,234000000.0,,602000000.0,,577000000.0,185000000.0,431000000.0,6.09,5.94,70.7,72.5,634000000.0,,769000000.0,748000000.0,,,42000000.0,2508000000.0,,2919000000.0,379000000.0,,308000000.0,6114000000.0,,,,1192000000.0,,245000000.0,,132000000.0,4207000000.0,3244000000.0,-423000000.0,1907000000.0,6114000000.0,,,-32000000.0,-212000000.0,-121000000.0,,28000000.0,,,,61000000.0,,,,,,206000000.0,,6000000.0,227000000.0,,,-170000000.0,118000000.0,
2011-09-30,,,1316000000.0,116000000.0,350000000.0,,858000000.0,,815000000.0,258000000.0,596000000.0,4.24,4.13,140600000.0,144100000.0,448000000.0,,711000000.0,850000000.0,,,49000000.0,2354000000.0,,3058000000.0,410000000.0,,361000000.0,6183000000.0,,,,1201000000.0,,241000000.0,,144000000.0,4274000000.0,3372000000.0,-447000000.0,1909000000.0,6183000000.0,,,-18000000.0,-147000000.0,-225000000.0,,3000000.0,,,,273000000.0,,,,,,333000000.0,,-27000000.0,-16000000.0,,,-326000000.0,-68000000.0,
2011-12-31,,,1640000000.0,158000000.0,469000000.0,,1021000000.0,,964000000.0,307000000.0,696000000.0,4.98,4.86,139700000.0,143100000.0,577000000.0,,632000000.0,779000000.0,-203000000.0,,42000000.0,2302000000.0,,3107000000.0,406000000.0,101000000.0,369000000.0,6184000000.0,,,,1114000000.0,,210000000.0,10000000.0,134000000.0,4314000000.0,3436000000.0,-538000000.0,1870000000.0,6184000000.0,,,11000000.0,73000000.0,156000000.0,,-16000000.0,,,,625000000.0,,,,,,457000000.0,,-29000000.0,-142000000.0,,,-423000000.0,61000000.0,261000000.0
2012-03-31,1821000000.0,,431000000.0,41000000.0,126000000.0,,264000000.0,,244000000.0,85000000.0,158000000.0,1.15,1.12,137300000.0,140700000.0,569000000.0,,740000000.0,768000000.0,,,39000000.0,2264000000.0,,3136000000.0,408000000.0,,383000000.0,6191000000.0,,,,997000000.0,,223000000.0,,107000000.0,4166000000.0,2882000000.0,153000000.0,2025000000.0,6191000000.0,,,13000000.0,103000000.0,-14000000.0,,-12000000.0,,,,19000000.0,,,,,,90000000.0,,35000000.0,-10000000.0,,,-17000000.0,-8000000.0,
2012-06-30,3674000000.0,,912000000.0,84000000.0,247000000.0,,581000000.0,,512000000.0,176000000.0,337000000.0,2.44,2.39,138100000.0,141200000.0,3000000000.0,,732000000.0,775000000.0,,,53000000.0,4630000000.0,,3135000000.0,404000000.0,,397000000.0,8566000000.0,,,,899000000.0,,229000000.0,,103000000.0,6443000000.0,3024000000.0,90000000.0,2123000000.0,8566000000.0,,,23000000.0,103000000.0,2000000.0,,-32000000.0,,,,335000000.0,,,,,,177000000.0,,35000000.0,-19000000.0,,,2107000000.0,2423000000.0,
2012-09-30,5933000000.0,,1437000000.0,136000000.0,420000000.0,,844000000.0,,730000000.0,240000000.0,491000000.0,3.44,3.35,152900000.0,156400000.0,237000000.0,,954000000.0,1269000000.0,,,95000000.0,2673000000.0,,4113000000.0,2367000000.0,1882000000.0,610000000.0,11645000000.0,,,,1464000000.0,,71000000.0,,591000000.0,8635000000.0,3139000000.0,109000000.0,3010000000.0,11645000000.0,,,63000000.0,63000000.0,-30000000.0,,-45000000.0,,,,688000000.0,,,,,,297000000.0,,33000000.0,-2795000000.0,,,1765000000.0,-340000000.0,
2012-12-31,8102000000.0,,1762000000.0,198000000.0,644000000.0,,800000000.0,,649000000.0,206000000.0,437000000.0,3.0,2.93,145500000.0,149100000.0,249000000.0,,846000000.0,1260000000.0,-30000000.0,,88000000.0,2594000000.0,,4181000000.0,2644000000.0,1849000000.0,351000000.0,11619000000.0,,,,1364000000.0,,91000000.0,68000000.0,501000000.0,8591000000.0,3038000000.0,123000000.0,2943000000.0,11619000000.0,360000000.0,,48000000.0,-48000000.0,-38000000.0,,-53000000.0,,,,1128000000.0,,,,,2669000000.0,465000000.0,,30000000.0,-2962000000.0,,,1504000000.0,-328000000.0,137000000.0
2013-03-31,2307000000.0,,616000000.0,49000000.0,171000000.0,,393000000.0,,345000000.0,97000000.0,247000000.0,1.6,1.57,154400000.0,156700000.0,178000000.0,,990000000.0,1301000000.0,,,86000000.0,2737000000.0,,4154000000.0,2635000000.0,1842000000.0,319000000.0,11687000000.0,,,,1293000000.0,,104000000.0,,483000000.0,8499000000.0,3239000000.0,85000000.0,3105000000.0,11687000000.0,,,26000000.0,155000000.0,53000000.0,,23000000.0,,,,5000000.0,,,,,0.0,87000000.0,,0.0,-83000000.0,,,10000000.0,-71000000.0,
2013-06-30,4747000000.0,,1293000000.0,100000000.0,351000000.0,,821000000.0,,727000000.0,213000000.0,511000000.0,3.31,3.26,154400000.0,156700000.0,234000000.0,,1053000000.0,1286000000.0,,,92000000.0,2838000000.0,,4177000000.0,2620000000.0,1820000000.0,307000000.0,11762000000.0,,,,1309000000.0,,97000000.0,,477000000.0,8389000000.0,3456000000.0,90000000.0,3290000000.0,11762000000.0,,,46000000.0,214000000.0,35000000.0,,-19000000.0,,,,367000000.0,,,,,0.0,187000000.0,,8000000.0,-191000000.0,,,-190000000.0,-15000000.0,
2013-09-30,7085000000.0,,1982000000.0,148000000.0,510000000.0,,1300000000.0,,1161000000.0,338000000.0,819000000.0,5.31,5.23,154300000.0,156700000.0,222000000.0,,967000000.0,1274000000.0,,,123000000.0,2767000000.0,,4217000000.0,2634000000.0,1801000000.0,308000000.0,11727000000.0,,,,1323000000.0,,204000000.0,,478000000.0,8058000000.0,3718000000.0,147000000.0,3588000000.0,11727000000.0,,,118000000.0,119000000.0,14000000.0,,-20000000.0,,,,794000000.0,,,,,0.0,312000000.0,,0.0,-308000000.0,,,-517000000.0,-27000000.0,
2013-12-31,9350000000.0,,2776000000.0,193000000.0,645000000.0,,1862000000.0,-3000000.0,1679000000.0,507000000.0,1165000000.0,7.57,7.44,154000000.0,156500000.0,237000000.0,,880000000.0,1264000000.0,-295000000.0,,251000000.0,2840000000.0,,4290000000.0,2637000000.0,1761000000.0,317000000.0,11845000000.0,,,,1470000000.0,,496000000.0,53000000.0,453000000.0,7970000000.0,4012000000.0,171000000.0,3796000000.0,11845000000.0,433000000.0,,331000000.0,38000000.0,6000000.0,,-102000000.0,,,,1297000000.0,,,,,0.0,483000000.0,,0.0,-457000000.0,,,-859000000.0,-12000000.0,224000000.0
2014-03-31,2305000000.0,,595000000.0,53000000.0,168000000.0,,361000000.0,,322000000.0,88000000.0,233000000.0,1.54,1.52,151400000.0,153000000.0,185000000.0,,998000000.0,1377000000.0,,,220000000.0,2949000000.0,,4301000000.0,2636000000.0,1738000000.0,323000000.0,11947000000.0,,,,1259000000.0,,546000000.0,,398000000.0,8139000000.0,4191000000.0,168000000.0,3729000000.0,11947000000.0,,,32000000.0,118000000.0,116000000.0,,-6000000.0,,,,-30000000.0,,,,,,122000000.0,,,-119000000.0,,,98000000.0,-52000000.0,
2014-06-30,4765000000.0,,1252000000.0,109000000.0,340000000.0,,797000000.0,,721000000.0,195000000.0,525000000.0,3.49,3.45,150400000.0,152200000.0,175000000.0,,1071000000.0,1354000000.0,,,231000000.0,2986000000.0,,4343000000.0,2701000000.0,1881000000.0,327000000.0,12238000000.0,,,,1274000000.0,,572000000.0,,388000000.0,8279000000.0,4431000000.0,173000000.0,3882000000.0,12238000000.0,,,61000000.0,191000000.0,54000000.0,,-16000000.0,,,,389000000.0,,,,,283000000.0,254000000.0,,-2000000.0,-524000000.0,,,71000000.0,-62000000.0,
2014-09-30,7178000000.0,,1888000000.0,165000000.0,511000000.0,,1135000000.0,,1019000000.0,281000000.0,735000000.0,4.9,4.85,149800000.0,151500000.0,212000000.0,,985000000.0,1358000000.0,,,194000000.0,2890000000.0,,4352000000.0,2716000000.0,1808000000.0,369000000.0,12135000000.0,,,,1398000000.0,,573000000.0,,380000000.0,8156000000.0,4588000000.0,78000000.0,3901000000.0,12135000000.0,,,58000000.0,118000000.0,76000000.0,,,,,,949000000.0,,,,,325000000.0,406000000.0,,-2000000.0,-718000000.0,,,-251000000.0,-25000000.0,
2014-12-31,9527000000.0,,2221000000.0,227000000.0,755000000.0,,1162000000.0,15000000.0,990000000.0,235000000.0,751000000.0,5.03,4.97,149500000.0,151100000.0,214000000.0,,936000000.0,1509000000.0,-747000000.0,,250000000.0,3173000000.0,,5087000000.0,4486000000.0,2905000000.0,421000000.0,16072000000.0,,,,2022000000.0,,946000000.0,24000000.0,768000000.0,12482000000.0,4545000000.0,-277000000.0,3510000000.0,16072000000.0,450000000.0,,99000000.0,-19000000.0,61000000.0,,,,,,1408000000.0,,,,,3509000000.0,593000000.0,,-1000000.0,-4091000000.0,,,2664000000.0,-23000000.0,152000000.0
2015-03-31,2443000000.0,,656000000.0,56000000.0,180000000.0,,311000000.0,,256000000.0,84000000.0,171000000.0,1.15,1.14,148700000.0,149700000.0,196000000.0,,998000000.0,1447000000.0,,,307000000.0,3166000000.0,,4957000000.0,4419000000.0,2821000000.0,471000000.0,15834000000.0,,,,1764000000.0,,1023000000.0,,744000000.0,12312000000.0,4656000000.0,-441000000.0,3443000000.0,15834000000.0,,,16000000.0,91000000.0,-21000000.0,,,,,,91000000.0,,,,,,125000000.0,,,-122000000.0,,,17000000.0,-18000000.0,
2015-06-30,4976000000.0,,1376000000.0,113000000.0,374000000.0,,780000000.0,,659000000.0,188000000.0,468000000.0,3.15,3.12,148600000.0,149800000.0,268000000.0,,1021000000.0,1439000000.0,,,272000000.0,3167000000.0,,5011000000.0,4474000000.0,2777000000.0,457000000.0,15886000000.0,,,,1821000000.0,,962000000.0,,696000000.0,12041000000.0,4893000000.0,-363000000.0,3764000000.0,15886000000.0,,,-30000000.0,103000000.0,-43000000.0,,,,,,682000000.0,,,,,0.0,266000000.0,,2000000.0,-265000000.0,,,-359000000.0,54000000.0,
2015-09-30,7423000000.0,,2071000000.0,177000000.0,552000000.0,,1212000000.0,,1012000000.0,283000000.0,724000000.0,4.87,4.83,148600000.0,149800000.0,309000000.0,,968000000.0,1484000000.0,,,269000000.0,3182000000.0,,5045000000.0,4482000000.0,2718000000.0,453000000.0,15880000000.0,,,,1800000000.0,,1004000000.0,,711000000.0,11924000000.0,5090000000.0,-446000000.0,3877000000.0,15880000000.0,,,29000000.0,54000000.0,23000000.0,,,,,,1050000000.0,,,,,45000000.0,426000000.0,,-2000000.0,-467000000.0,,,-481000000.0,95000000.0,
2016-03-31,2236000000.0,,634000000.0,54000000.0,183000000.0,,399000000.0,,323000000.0,72000000.0,251000000.0,1.7,1.69,147800000.0,148800000.0,202000000.0,,951000000.0,1493000000.0,,,62000000.0,2863000000.0,,5185000000.0,4527000000.0,2637000000.0,404000000.0,15616000000.0,,,,1847000000.0,,939000000.0,,686000000.0,11331000000.0,5330000000.0,-305000000.0,4204000000.0,15616000000.0,,,9000000.0,144000000.0,2000000.0,,,,,,47000000.0,,,,,21000000.0,110000000.0,,1000000.0,-126000000.0,,,-12000000.0,-91000000.0,
2016-06-30,4533000000.0,,1239000000.0,109000000.0,357000000.0,,775000000.0,,647000000.0,139000000.0,506000000.0,3.43,3.4,147800000.0,148900000.0,240000000.0,,951000000.0,1445000000.0,,,68000000.0,2930000000.0,,5162000000.0,4520000000.0,2585000000.0,385000000.0,15582000000.0,,,,2189000000.0,,1014000000.0,,568000000.0,11129000000.0,5517000000.0,-311000000.0,4375000000.0,15582000000.0,,,47000000.0,151000000.0,-41000000.0,,,,,,541000000.0,,,,,22000000.0,234000000.0,,-3000000.0,-212000000.0,,,-381000000.0,-53000000.0,
2016-09-30,6820000000.0,,1860000000.0,163000000.0,538000000.0,,1131000000.0,,936000000.0,195000000.0,738000000.0,5.0,4.96,147600000.0,148600000.0,207000000.0,,905000000.0,1471000000.0,,,59000000.0,2900000000.0,,5197000000.0,4474000000.0,2543000000.0,375000000.0,15489000000.0,,,,2206000000.0,,1022000000.0,,573000000.0,10973000000.0,5680000000.0,-348000000.0,4441000000.0,15489000000.0,,,89000000.0,105000000.0,-12000000.0,,,,,,991000000.0,,,,,26000000.0,375000000.0,,-1000000.0,-359000000.0,,,-717000000.0,-86000000.0,
2016-12-31,9008000000.0,,2350000000.0,219000000.0,703000000.0,,1383000000.0,6000000.0,1049000000.0,190000000.0,854000000.0,5.8,5.75,147300000.0,148400000.0,181000000.0,,812000000.0,1404000000.0,1040000000.0,,70000000.0,2866000000.0,,5276000000.0,4461000000.0,2469000000.0,385000000.0,15457000000.0,,,,1795000000.0,,1206000000.0,60000000.0,519000000.0,10849000000.0,5721000000.0,-281000000.0,4532000000.0,15457000000.0,580000000.0,,177000000.0,29000000.0,-54000000.0,,,,,,1385000000.0,,,,,26000000.0,626000000.0,,44000000.0,-655000000.0,,,-838000000.0,-112000000.0,120000000.0
2017-03-31,2303000000.0,,625000000.0,54000000.0,174000000.0,,397000000.0,,341000000.0,62000000.0,278000000.0,1.9,1.89,146200000.0,147200000.0,197000000.0,,982000000.0,1495000000.0,,,68000000.0,3165000000.0,,5321000000.0,4484000000.0,2434000000.0,351000000.0,15755000000.0,,,,1637000000.0,,1269000000.0,,535000000.0,11028000000.0,5925000000.0,-306000000.0,4651000000.0,15755000000.0,,,31000000.0,149000000.0,82000000.0,,,,,,52000000.0,,,,,4000000.0,133000000.0,,0.0,-136000000.0,,,102000000.0,16000000.0,
2017-06-30,4722000000.0,,1276000000.0,109000000.0,350000000.0,,817000000.0,,700000000.0,127000000.0,570000000.0,3.91,3.89,145700000.0,146800000.0,222000000.0,,1018000000.0,1540000000.0,,,63000000.0,3262000000.0,,5403000000.0,4507000000.0,2433000000.0,359000000.0,15964000000.0,,,,1596000000.0,,1286000000.0,,519000000.0,11074000000.0,6142000000.0,-286000000.0,4812000000.0,15964000000.0,,,36000000.0,166000000.0,108000000.0,,,,,,483000000.0,,,,,4000000.0,279000000.0,,1000000.0,-283000000.0,,,-158000000.0,41000000.0,
2017-09-30,7187000000.0,,1967000000.0,165000000.0,525000000.0,,1277000000.0,,1103000000.0,206000000.0,893000000.0,6.15,6.1,145200000.0,146500000.0,195000000.0,,1047000000.0,1576000000.0,,,49000000.0,3245000000.0,,5485000000.0,4520000000.0,2404000000.0,370000000.0,16024000000.0,,,,1771000000.0,,1349000000.0,,491000000.0,10925000000.0,6391000000.0,-238000000.0,5023000000.0,16024000000.0,,,70000000.0,188000000.0,143000000.0,,,,,,1011000000.0,,,,,4000000.0,438000000.0,,2000000.0,-430000000.0,,,-568000000.0,14000000.0,
2017-12-31,9549000000.0,,2454000000.0,215000000.0,699000000.0,,1532000000.0,-2000000.0,1289000000.0,-99000000.0,1384000000.0,9.56,9.47,144800000.0,146100000.0,191000000.0,,1026000000.0,1509000000.0,903000000.0,,57000000.0,3143000000.0,,5607000000.0,4527000000.0,2373000000.0,349000000.0,15999000000.0,,,,1982000000.0,,893000000.0,137000000.0,534000000.0,10519000000.0,6802000000.0,-209000000.0,5403000000.0,15999000000.0,587000000.0,,-394000000.0,53000000.0,71000000.0,,,,,,1657000000.0,,,,,4000000.0,649000000.0,,4000000.0,-643000000.0,,,-1006000000.0,10000000.0,97000000.0
2018-03-31,2607000000.0,,581000000.0,56000000.0,190000000.0,,,46000000.0,350000000.0,60000000.0,290000000.0,2.03,2.0,142800000.0,144800000.0,194000000.0,,1430000000.0,1476000000.0,,,64000000.0,3483000000.0,,5632000000.0,4540000000.0,2349000000.0,362000000.0,16366000000.0,,,,2029000000.0,,914000000.0,,541000000.0,10746000000.0,7026000000.0,-212000000.0,5545000000.0,16366000000.0,,,11000000.0,223000000.0,80000000.0,,,,,,-35000000.0,,,,,0.0,128000000.0,,,-78000000.0,,,116000000.0,3000000.0,
2018-06-30,5228000000.0,3943000000.0,1285000000.0,116000000.0,379000000.0,,,56000000.0,780000000.0,144000000.0,634000000.0,4.45,4.39,142300000.0,144400000.0,193000000.0,,1393000000.0,1532000000.0,,,66000000.0,3498000000.0,,5570000000.0,4514000000.0,2278000000.0,400000000.0,16260000000.0,,,,2068000000.0,,933000000.0,,528000000.0,10486000000.0,7292000000.0,-193000000.0,5697000000.0,16260000000.0,,,5000000.0,213000000.0,158000000.0,,,,,,408000000.0,,,,,0.0,244000000.0,,0.0,-179000000.0,,,-223000000.0,2000000.0,
2018-09-30,7775000000.0,5762000000.0,2013000000.0,176000000.0,554000000.0,,,50000000.0,1239000000.0,190000000.0,1046000000.0,7.38,7.28,141700000.0,143700000.0,193000000.0,,1404000000.0,1625000000.0,,,57000000.0,3647000000.0,,5570000000.0,4509000000.0,2231000000.0,405000000.0,16362000000.0,,,,2153000000.0,,944000000.0,,471000000.0,10367000000.0,7626000000.0,-194000000.0,5920000000.0,16362000000.0,,,15000000.0,229000000.0,261000000.0,,,,,,803000000.0,,,,,0.0,381000000.0,,-1000000.0,-315000000.0,,,-482000000.0,2000000.0,
2018-12-31,10151000000.0,7672000000.0,2479000000.0,235000000.0,721000000.0,,,53000000.0,1310000000.0,226000000.0,1080000000.0,7.65,7.56,141200000.0,142900000.0,226000000.0,,1154000000.0,1583000000.0,893000000.0,,73000000.0,3365000000.0,,5600000000.0,4467000000.0,2185000000.0,378000000.0,15995000000.0,,,,1851000000.0,,884000000.0,162000000.0,532000000.0,10117000000.0,7573000000.0,-245000000.0,5803000000.0,15995000000.0,604000000.0,,-51000000.0,-16000000.0,224000000.0,,,,,,1543000000.0,,,,,3000000.0,528000000.0,,2000000.0,-463000000.0,,,-1040000000.0,35000000.0,202000000.0
2019-03-31,2380000000.0,1806000000.0,574000000.0,58000000.0,187000000.0,,,2000000.0,264000000.0,55000000.0,209000000.0,1.5,1.49,139000000.0,140100000.0,195000000.0,,1297000000.0,1704000000.0,,,70000000.0,3551000000.0,,5576000000.0,4477000000.0,2130000000.0,627000000.0,16361000000.0,,,,2352000000.0,,892000000.0,,681000000.0,10442000000.0,7675000000.0,-194000000.0,5843000000.0,16361000000.0,,,4000000.0,149000000.0,122000000.0,,,,,,-5000000.0,,,,,19000000.0,106000000.0,,,-125000000.0,,,102000000.0,-31000000.0,
2019-06-30,4743000000.0,3580000000.0,1163000000.0,115000000.0,352000000.0,,,3000000.0,580000000.0,112000000.0,467000000.0,3.37,3.34,138400000.0,139700000.0,186000000.0,,1232000000.0,1730000000.0,,,82000000.0,3516000000.0,,5550000000.0,4481000000.0,2093000000.0,616000000.0,16256000000.0,,,,2226000000.0,,888000000.0,,680000000.0,10310000000.0,7848000000.0,-235000000.0,5869000000.0,16256000000.0,,,11000000.0,80000000.0,148000000.0,,,,,,417000000.0,,,,,19000000.0,198000000.0,,2000000.0,-219000000.0,,,-237000000.0,-40000000.0,
2019-09-30,7068000000.0,5331000000.0,1737000000.0,174000000.0,515000000.0,,,-3000000.0,893000000.0,158000000.0,733000000.0,5.31,5.27,137900000.0,138900000.0,207000000.0,,1191000000.0,1695000000.0,,,68000000.0,3440000000.0,,5534000000.0,4464000000.0,2034000000.0,665000000.0,16137000000.0,,,,2080000000.0,,887000000.0,,639000000.0,10040000000.0,8029000000.0,-203000000.0,6020000000.0,16137000000.0,,,13000000.0,50000000.0,122000000.0,,,,,,833000000.0,,,,,48000000.0,308000000.0,,4000000.0,-360000000.0,,,-487000000.0,-19000000.0,
2019-12-31,9273000000.0,7039000000.0,2234000000.0,234000000.0,691000000.0,,,-3000000.0,902000000.0,140000000.0,759000000.0,5.52,5.48,137400000.0,138500000.0,204000000.0,,980000000.0,1662000000.0,898000000.0,,80000000.0,3321000000.0,,5571000000.0,4431000000.0,2011000000.0,674000000.0,16008000000.0,,,,1789000000.0,,915000000.0,139000000.0,645000000.0,9976000000.0,7965000000.0,-214000000.0,5958000000.0,16008000000.0,611000000.0,,23000000.0,-170000000.0,80000000.0,,,,,,1504000000.0,,,,,48000000.0,425000000.0,,7000000.0,-480000000.0,,,-1043000000.0,-22000000.0,217000000.0
2020-03-31,2241000000.0,1664000000.0,577000000.0,61000000.0,160000000.0,,,-4000000.0,316000000.0,56000000.0,258000000.0,1.9,1.89,136000000.0,136500000.0,680000000.0,,1045000000.0,1659000000.0,,,76000000.0,3851000000.0,,5498000000.0,4417000000.0,1962000000.0,737000000.0,16465000000.0,,,,2315000000.0,,,,667000000.0,10273000000.0,8133000000.0,-197000000.0,6117000000.0,16465000000.0,,,12000000.0,72000000.0,18000000.0,,,,,,171000000.0,,,,,0.0,99000000.0,,2000000.0,-101000000.0,,,408000000.0,476000000.0,
2020-06-30,4165000000.0,3217000000.0,948000000.0,113000000.0,315000000.0,,,-3000000.0,315000000.0,-31000000.0,285000000.0,2.1,2.09,135600000.0,136400000.0,704000000.0,,904000000.0,1419000000.0,,,77000000.0,3526000000.0,,5478000000.0,4425000000.0,1817000000.0,727000000.0,15973000000.0,,,,1878000000.0,,,,683000000.0,9875000000.0,8071000000.0,-209000000.0,6021000000.0,15973000000.0,,,11000000.0,-73000000.0,-221000000.0,,,,,,607000000.0,,,,,0.0,196000000.0,,5000000.0,-201000000.0,,,94000000.0,500000000.0,
2020-09-30,6287000000.0,4838000000.0,1449000000.0,169000000.0,480000000.0,,,-10000000.0,505000000.0,50000000.0,446000000.0,3.29,3.27,135500000.0,136400000.0,650000000.0,,1077000000.0,1338000000.0,,,92000000.0,3534000000.0,,5489000000.0,4443000000.0,1802000000.0,741000000.0,16009000000.0,,,,1789000000.0,,,,702000000.0,9853000000.0,8142000000.0,-243000000.0,6075000000.0,16009000000.0,,,-14000000.0,90000000.0,-316000000.0,,,,,,1049000000.0,,,,,0.0,278000000.0,,4000000.0,-282000000.0,,,-322000000.0,446000000.0,
2020-12-31,8473000000.0,6498000000.0,1975000000.0,226000000.0,654000000.0,,,-8000000.0,530000000.0,41000000.0,478000000.0,3.53,3.5,135500000.0,136500000.0,564000000.0,,1033000000.0,1379000000.0,1025000000.0,,83000000.0,3541000000.0,,5549000000.0,4465000000.0,1792000000.0,736000000.0,16083000000.0,,,,2038000000.0,,,83000000.0,677000000.0,9975000000.0,8080000000.0,-273000000.0,6023000000.0,16083000000.0,574000000.0,,-111000000.0,31000000.0,-291000000.0,,,,,,1455000000.0,,,,,1000000.0,383000000.0,,10000000.0,-394000000.0,,,-704000000.0,360000000.0,179000000.0
2021-03-31,2409000000.0,1811000000.0,598000000.0,58000000.0,184000000.0,,,4000000.0,339000000.0,62000000.0,274000000.0,2.01,1.99,136100000.0,137600000.0,540000000.0,,1229000000.0,1505000000.0,,,83000000.0,3797000000.0,,5466000000.0,4446000000.0,1741000000.0,745000000.0,16195000000.0,,,,2016000000.0,,,,689000000.0,9876000000.0,8260000000.0,-248000000.0,6233000000.0,16195000000.0,,,2000000.0,211000000.0,144000000.0,,,,,,216000000.0,,,,,,91000000.0,,2000000.0,-99000000.0,,,-137000000.0,-24000000.0,
2021-06-30,5062000000.0,3783000000.0,1279000000.0,121000000.0,386000000.0,,,5000000.0,232000000.0,99000000.0,-146000000.0,-1.07,-1.07,136000000.0,137800000.0,609000000.0,,1293000000.0,1501000000.0,,,95000000.0,4738000000.0,,5181000000.0,4053000000.0,1390000000.0,736000000.0,16098000000.0,,,,2295000000.0,,,,670000000.0,10070000000.0,8020000000.0,-233000000.0,5944000000.0,16098000000.0,,,-28000000.0,361000000.0,214000000.0,,,,,,642000000.0,,,,,63000000.0,198000000.0,,4000000.0,-277000000.0,,,-315000000.0,45000000.0,
2021-09-30,7782000000.0,5841000000.0,1941000000.0,187000000.0,587000000.0,,,11000000.0,553000000.0,66000000.0,479000000.0,3.53,3.49,135800000.0,137600000.0,717000000.0,,1356000000.0,1630000000.0,,,68000000.0,4875000000.0,,5172000000.0,4044000000.0,1407000000.0,761000000.0,16259000000.0,,,,3113000000.0,,,,661000000.0,10052000000.0,8278000000.0,-185000000.0,6120000000.0,16259000000.0,,,-66000000.0,439000000.0,369000000.0,,,,,,1189000000.0,,,,,111000000.0,315000000.0,,3000000.0,-447000000.0,,,-584000000.0,153000000.0,
2021-12-31,10476000000.0,7976000000.0,2500000000.0,254000000.0,795000000.0,,,17000000.0,1082000000.0,215000000.0,857000000.0,6.35,6.25,134900000.0,137100000.0,459000000.0,,1091000000.0,1504000000.0,977000000.0,,96000000.0,4646000000.0,,4996000000.0,3641000000.0,1362000000.0,874000000.0,15519000000.0,,,,2971000000.0,,,130000000.0,727000000.0,9731000000.0,8557000000.0,-182000000.0,5704000000.0,15519000000.0,538000000.0,,-38000000.0,281000000.0,389000000.0,,,,,,1619000000.0,,,,,114000000.0,555000000.0,,4000000.0,-29000000.0,,,-1690000000.0,-105000000.0,122000000.0
2022-03-31,2714000000.0,2164000000.0,550000000.0,65000000.0,196000000.0,,,12000000.0,287000000.0,51000000.0,235000000.0,1.82,1.8,129000000.0,130700000.0,487000000.0,,1187000000.0,1671000000.0,,,93000000.0,4929000000.0,,4997000000.0,3665000000.0,1303000000.0,912000000.0,15806000000.0,,,,3136000000.0,,,,720000000.0,9829000000.0,8694000000.0,-145000000.0,5893000000.0,15806000000.0,,,-24000000.0,127000000.0,184000000.0,,,,,,17000000.0,,,,,,112000000.0,,2000000.0,-117000000.0,,,129000000.0,28000000.0,
2022-06-30,5498000000.0,4278000000.0,1220000000.0,132000000.0,381000000.0,,,-14000000.0,668000000.0,175000000.0,491000000.0,3.87,3.82,126900000.0,128600000.0,,,1210000000.0,1826000000.0,,,86000000.0,4003000000.0,,4959000000.0,3663000000.0,1248000000.0,1002000000.0,14875000000.0,,,,3148000000.0,,,,802000000.0,9468000000.0,8857000000.0,-143000000.0,5323000000.0,14875000000.0,,,-81000000.0,163000000.0,372000000.0,,,,,,262000000.0,,,,,1000000.0,247000000.0,,-13000000.0,756000000.0,,,-1010000000.0,-3000000.0,
2022-09-30,8207000000.0,6446000000.0,1761000000.0,200000000.0,554000000.0,,,-3000000.0,949000000.0,155000000.0,792000000.0,6.34,6.26,124900000.0,126400000.0,,,1137000000.0,1975000000.0,,,75000000.0,4105000000.0,,4982000000.0,3644000000.0,1206000000.0,1048000000.0,14985000000.0,,,,3207000000.0,,,,830000000.0,9518000000.0,9065000000.0,-152000000.0,5384000000.0,14985000000.0,,,-54000000.0,111000000.0,549000000.0,,,,,,518000000.0,,,,,1000000.0,408000000.0,,-19000000.0,598000000.0,,,-1098000000.0,2000000.0,
2022-12-31,10580000000.0,8443000000.0,2137000000.0,264000000.0,726000000.0,,,6000000.0,977000000.0,181000000.0,793000000.0,6.42,6.35,123500000.0,124900000.0,493000000.0,,957000000.0,1894000000.0,1215000000.0,,114000000.0,3778000000.0,,5160000000.0,3664000000.0,1210000000.0,855000000.0,14667000000.0,,,,3251000000.0,,,174000000.0,856000000.0,9431000000.0,8973000000.0,-205000000.0,5153000000.0,14667000000.0,477000000.0,,-136000000.0,-93000000.0,430000000.0,,,,,,975000000.0,,,,,1000000.0,611000000.0,,-19000000.0,392000000.0,,,-1321000000.0,34000000.0,78000000.0
2023-03-31,2412000000.0,1883000000.0,529000000.0,62000000.0,191000000.0,,,-11000000.0,194000000.0,60000000.0,134000000.0,1.13,1.12,118900000.0,119700000.0,,,1051000000.0,1944000000.0,,,93000000.0,3973000000.0,,5258000000.0,3703000000.0,1203000000.0,846000000.0,14983000000.0,,,,2971000000.0,,,,823000000.0,9721000000.0,9013000000.0,-220000000.0,5188000000.0,14983000000.0,,,-7000000.0,91000000.0,44000000.0,,,,,,-2000000.0,,,,,73000000.0,174000000.0,,19000000.0,-252000000.0,,,357000000.0,106000000.0,
2023-06-30,4736000000.0,3623000000.0,1113000000.0,122000000.0,376000000.0,,,-30000000.0,463000000.0,57000000.0,406000000.0,3.41,3.39,118900000.0,119600000.0,,,923000000.0,1960000000.0,,,96000000.0,3671000000.0,,5402000000.0,3697000000.0,1180000000.0,821000000.0,14771000000.0,,,,2787000000.0,,,,844000000.0,9419000000.0,9190000000.0,-271000000.0,5281000000.0,14771000000.0,,,-93000000.0,-33000000.0,73000000.0,,,,,,408000000.0,,,,,76000000.0,413000000.0,,21000000.0,-498000000.0,,,4000000.0,-83000000.0,
2023-09-30,7003000000.0,5406000000.0,1597000000.0,182000000.0,536000000.0,,,-40000000.0,662000000.0,77000000.0,584000000.0,4.92,4.89,118700000.0,119500000.0,,,880000000.0,1721000000.0,,,72000000.0,3567000000.0,,5426000000.0,3643000000.0,1148000000.0,810000000.0,14594000000.0,,,,2615000000.0,,,,815000000.0,9170000000.0,9274000000.0,-294000000.0,5352000000.0,14594000000.0,,,-156000000.0,-68000000.0,-147000000.0,,,,,,922000000.0,,,,,74000000.0,649000000.0,,-9000000.0,-680000000.0,,,-295000000.0,-54000000.0,
2023-12-31,9210000000.0,7149000000.0,2061000000.0,239000000.0,727000000.0,,,-38000000.0,1087000000.0,191000000.0,894000000.0,7.54,7.49,118600000.0,119400000.0,548000000.0,,826000000.0,1683000000.0,1587000000.0,,96000000.0,3481000000.0,,5548000000.0,3646000000.0,1138000000.0,820000000.0,14633000000.0,,,,2576000000.0,,,287000000.0,954000000.0,9103000000.0,9490000000.0,-319000000.0,5458000000.0,14633000000.0,498000000.0,,-102000000.0,-126000000.0,-201000000.0,,,,,,1374000000.0,,,,,77000000.0,828000000.0,,-22000000.0,-432000000.0,,,-888000000.0,55000000.0,158000000.0
2024-03-31,2310000000.0,1778000000.0,532000000.0,59000000.0,191000000.0,,,-13000000.0,214000000.0,49000000.0,165000000.0,1.4,1.39,117400000.0,118200000.0,,,926000000.0,1769000000.0,,,96000000.0,3638000000.0,,5535000000.0,3644000000.0,1110000000.0,821000000.0,14748000000.0,,,,2618000000.0,,,,931000000.0,9140000000.0,9559000000.0,-328000000.0,5538000000.0,14748000000.0,,,-17000000.0,105000000.0,100000000.0,,,,,,-16000000.0,,,,,0.0,185000000.0,,-7000000.0,-179000000.0,,,148000000.0,-49000000.0,
2024-06-30,4673000000.0,3542000000.0,1131000000.0,119000000.0,371000000.0,,,-39000000.0,501000000.0,105000000.0,395000000.0,3.37,3.33,117400000.0,118600000.0,,,957000000.0,1900000000.0,,,99000000.0,3842000000.0,,5529000000.0,3641000000.0,1086000000.0,847000000.0,14945000000.0,,,,2741000000.0,,,,938000000.0,9246000000.0,9694000000.0,-302000000.0,5627000000.0,14945000000.0,,,-37000000.0,138000000.0,238000000.0,,,,,,351000000.0,,,,,0.0,300000000.0,,-3000000.0,-300000000.0,,,-79000000.0,-34000000.0,
2024-09-30,7137000000.0,5401000000.0,1736000000.0,184000000.0,554000000.0,,,-42000000.0,781000000.0,204000000.0,575000000.0,4.91,4.86,117000000.0,118300000.0,,,980000000.0,1904000000.0,,,79000000.0,3937000000.0,,5589000000.0,3655000000.0,1072000000.0,807000000.0,15060000000.0,,,,2590000000.0,,,,967000000.0,9332000000.0,9780000000.0,-278000000.0,5654000000.0,15060000000.0,,,-76000000.0,154000000.0,222000000.0,,,,,,747000000.0,,,,,0.0,420000000.0,,-22000000.0,-402000000.0,,,-273000000.0,74000000.0,
,,,,,,,,,,,,,,,,,,,,,,,,,,,,,,,,,,,,,,,,,,,,,,,,,,,,,,,,,,,,,,,,,,,
