Date,Net sales,Cost of sales,Gross margin,Research and development,"Selling, general and administrative",Total operating expenses,Operating income,"Other income/(expense), net",Income before provision for income taxes,Provision for income taxes,Net income,Earnings per share basic,Earnings per share diluted,Weighted-average basic,Weighted-average diluted,Cash and cash equivalents,Short-term marketable securities,"Accounts receivable, net",Inventories,Deferred tax assets,Vendor non-trade receivables,Other current assets,Total current assets,Long-term marketable securities,"Property, Plant and Equipment, Net",Goodwill,"Acquired intangible assets, net","Other Assets, Noncurrent",Total assets,accounts payable,Accrued expenses,Deferred revenue,Total current liabilities,Deferred revenue - non-current,deferred tax liabilities,long term taxes payable,Total other non-current liabilities,Total liabilities,Retained Earnings (Accumulated Deficit),Accumulated other comprehensive (loss)/income,Total shareholders equity,Total liabilities and shareholders' equity,"Depreciation, amortization and accretion",Stock-based compensation expense,Deferred income tax expense,"Increase (Decrease) in Accounts receivable, net",Increase (Decrease) in Inventories,Increase (Decrease) in Other Receivables,Increase (Decrease) in Other Operating Assets,Increase (Decrease) in Accounts Payable,Increase (Decrease) in Deferred Revenue,Increase (Decrease) Other liabilities,Cash generated by operating activities,Purchases of marketable securities,Proceeds from maturities of marketable securities,Proceeds from sales of marketable securities,Purchases of other long-term investments,"Business acquisitions, net of cash acquired",Cash payments for capital asset purchases,Payments for acquisition of intangible assets,Payments for (Proceeds from) Other Investing Activities,Cash used in investing activities,Proceeds from issuance of common stock,Excess tax benefits from stock-based compensation,Cash generated/used in financing activities,Increase/(decrease) in cash and cash equivalents,"Cash paid for income taxes, net"
2009-12-31,5011000000.0,3108000000.0,,,1161000000.0,,,-93000000.0,584000000.0,150000000.0,425000000.0,0.56,0.56,,,1840000000.0,,3650000000.0,1956000000.0,,,617000000.0,8063000000.0,,3475000000.0,7647000000.0,,2304000000.0,21489000000.0,1991000000.0,2474000000.0,,5805000000.0,,,,2188000000.0,,14888000000.0,-466000000.0,8791000000.0,21489000000.0,196000000.0,,,57000000.0,-22000000.0,,-21000000.0,28000000.0,,,687000000.0,,,,,1301000000.0,89000000.0,,-38000000.0,-1352000000.0,,,956000000.0,280000000.0,
2010-03-31,10155000000.0,6252000000.0,,,2391000000.0,,,-185000000.0,1195000000.0,334000000.0,830000000.0,1.1,1.09,,,2159000000.0,,3654000000.0,2075000000.0,,,620000000.0,8508000000.0,,3367000000.0,7630000000.0,,2215000000.0,21720000000.0,2122000000.0,2556000000.0,,5999000000.0,,,,2135000000.0,,15040000000.0,-558000000.0,8855000000.0,21720000000.0,402000000.0,,,-6000000.0,-163000000.0,,-17000000.0,-160000000.0,,,1319000000.0,,,,,1340000000.0,178000000.0,,-31000000.0,-1487000000.0,,,792000000.0,599000000.0,
2010-06-30,15796000000.0,9682000000.0,,,3585000000.0,,,-255000000.0,2078000000.0,607000000.0,1415000000.0,1.88,1.86,751100000.0,757700000.0,3424000000.0,,3793000000.0,2114000000.0,,,627000000.0,9958000000.0,,3289000000.0,7596000000.0,,2115000000.0,22958000000.0,2228000000.0,2616000000.0,,7257000000.0,,458000000.0,,2026000000.0,,15373000000.0,-792000000.0,8925000000.0,22958000000.0,605000000.0,,,-228000000.0,-235000000.0,,-67000000.0,-307000000.0,,,2022000000.0,,,,,1372000000.0,300000000.0,,-17000000.0,-1655000000.0,,,1580000000.0,1864000000.0,
2010-09-30,21039000000.0,12713000000.0,8326000000.0,473000000.0,4817000000.0,,,-369000000.0,2879000000.0,848000000.0,2164000000.0,2.87,2.84,750700000.0,757000000.0,1592000000.0,,3989000000.0,2105000000.0,-260000000.0,,677000000.0,8363000000.0,,3287000000.0,8656000000.0,2150000000.0,387000000.0,22843000000.0,2409000000.0,2864000000.0,,5849000000.0,,762000000.0,,2456000000.0,,15869000000.0,-426000000.0,9792000000.0,22843000000.0,816000000.0,,,-341000000.0,-160000000.0,,-69000000.0,-498000000.0,,,3292000000.0,,,,,2843000000.0,524000000.0,,-4000000.0,-2517000000.0,,,-726000000.0,32000000.0,
2010-12-31,5535000000.0,3372000000.0,,,1311000000.0,,,-78000000.0,713000000.0,222000000.0,480000000.0,0.63,0.63,752200000.0,758100000.0,1493000000.0,,3956000000.0,2207000000.0,,,649000000.0,8305000000.0,,3255000000.0,8666000000.0,2096000000.0,381000000.0,22703000000.0,2243000000.0,2447000000.0,,5600000000.0,,776000000.0,,2428000000.0,,16088000000.0,-432000000.0,10170000000.0,22703000000.0,219000000.0,,,67000000.0,97000000.0,,82000000.0,-183000000.0,,,322000000.0,,,,,39000000.0,82000000.0,,16000000.0,-137000000.0,,,-281000000.0,-99000000.0,
2011-03-31,11389000000.0,6920000000.0,,,2626000000.0,,,-179000000.0,1807000000.0,488000000.0,1036000000.0,1.37,1.36,752200000.0,757700000.0,1593000000.0,,4231000000.0,2324000000.0,,,650000000.0,8798000000.0,,3303000000.0,8905000000.0,2146000000.0,383000000.0,23535000000.0,2463000000.0,2582000000.0,,5934000000.0,,774000000.0,,2443000000.0,,16383000000.0,-150000000.0,10645000000.0,23535000000.0,435000000.0,,,-118000000.0,-164000000.0,,,9000000.0,,,1075000000.0,,,,,186000000.0,208000000.0,,33000000.0,-427000000.0,,,-678000000.0,1000000.0,
2011-06-30,17677000000.0,10710000000.0,,,3989000000.0,,,-266000000.0,2904000000.0,782000000.0,1719000000.0,2.28,2.26,751000000.0,756200000.0,1781000000.0,,4443000000.0,2422000000.0,,,637000000.0,9283000000.0,,3382000000.0,8974000000.0,2074000000.0,391000000.0,24104000000.0,2633000000.0,2657000000.0,,6308000000.0,,784000000.0,,2444000000.0,,16807000000.0,-74000000.0,10844000000.0,24104000000.0,650000000.0,,,-294000000.0,-240000000.0,,,-125000000.0,,,1978000000.0,,,,,228000000.0,403000000.0,,42000000.0,-673000000.0,,,-1164000000.0,189000000.0,
2011-09-30,24222000000.0,14665000000.0,9557000000.0,555000000.0,5328000000.0,,,-375000000.0,4072000000.0,1127000000.0,2480000000.0,3.29,3.27,748500000.0,753500000.0,2052000000.0,,4502000000.0,2100000000.0,-268000000.0,,691000000.0,9345000000.0,,3437000000.0,8771000000.0,1969000000.0,339000000.0,23861000000.0,2677000000.0,2772000000.0,,6465000000.0,,764000000.0,,2521000000.0,,17310000000.0,-562000000.0,10399000000.0,23861000000.0,867000000.0,,,-475000000.0,12000000.0,,,-194000000.0,,,3233000000.0,,,,,232000000.0,647000000.0,,72000000.0,-848000000.0,,,-1887000000.0,460000000.0,
2011-12-31,5309000000.0,3254000000.0,,,1354000000.0,,,-90000000.0,691000000.0,172000000.0,371000000.0,0.5,0.5,734300000.0,738300000.0,2076000000.0,,4040000000.0,2317000000.0,,,642000000.0,9075000000.0,,3415000000.0,8723000000.0,1893000000.0,338000000.0,23444000000.0,2302000000.0,2484000000.0,,6534000000.0,,735000000.0,,2536000000.0,,17387000000.0,-629000000.0,10190000000.0,23444000000.0,204000000.0,,,426000000.0,-239000000.0,,,319000000.0,,,334000000.0,,,,,0.0,130000000.0,,10000000.0,-140000000.0,,,-170000000.0,24000000.0,
2012-03-31,11228000000.0,6837000000.0,,,2713000000.0,,,-195000000.0,1627000000.0,430000000.0,916000000.0,1.24,1.24,733500000.0,737500000.0,2153000000.0,,4319000000.0,2402000000.0,,,670000000.0,9544000000.0,,3449000000.0,8866000000.0,1936000000.0,339000000.0,24134000000.0,2419000000.0,2500000000.0,,6925000000.0,,735000000.0,,2536000000.0,,17638000000.0,-496000000.0,10511000000.0,24134000000.0,406000000.0,,,187000000.0,-296000000.0,,,231000000.0,,,896000000.0,,,,,170000000.0,287000000.0,,43000000.0,-497000000.0,,,-304000000.0,101000000.0,
2012-06-30,17712000000.0,10693000000.0,,,4051000000.0,,,-279000000.0,2869000000.0,798000000.0,1686000000.0,2.29,2.28,732500000.0,736500000.0,2292000000.0,,4601000000.0,2367000000.0,,,743000000.0,10003000000.0,,3418000000.0,8739000000.0,1856000000.0,310000000.0,24326000000.0,2617000000.0,2561000000.0,,7396000000.0,,714000000.0,,2476000000.0,,18115000000.0,-767000000.0,10519000000.0,24326000000.0,617000000.0,,,-179000000.0,-304000000.0,,,-8000000.0,,,1742000000.0,,,,,178000000.0,428000000.0,,40000000.0,-646000000.0,,,-798000000.0,240000000.0,
2012-09-30,24412000000.0,14644000000.0,9768000000.0,547000000.0,5436000000.0,,,-401000000.0,3115000000.0,1091000000.0,1968000000.0,2.68,2.67,730600000.0,734600000.0,2367000000.0,,4983000000.0,2125000000.0,-110000000.0,,651000000.0,10126000000.0,,3509000000.0,8026000000.0,1838000000.0,319000000.0,23818000000.0,2767000000.0,2732000000.0,,7133000000.0,,592000000.0,,2456000000.0,,18107000000.0,-731000000.0,10295000000.0,23818000000.0,823000000.0,,,-536000000.0,-49000000.0,,,-143000000.0,,,3053000000.0,,,,,187000000.0,665000000.0,,79000000.0,-806000000.0,,,-1899000000.0,315000000.0,
2012-12-31,5553000000.0,3346000000.0,,,1394000000.0,,,-86000000.0,673000000.0,207000000.0,454000000.0,0.63,0.62,722300000.0,726900000.0,2527000000.0,,4556000000.0,2308000000.0,,,695000000.0,10086000000.0,,3503000000.0,8068000000.0,1798000000.0,316000000.0,23771000000.0,2431000000.0,2648000000.0,,7203000000.0,,641000000.0,,2408000000.0,,18264000000.0,-617000000.0,10478000000.0,23771000000.0,206000000.0,,,-447000000.0,171000000.0,,,-341000000.0,,,554000000.0,,,,,,115000000.0,,19000000.0,-134000000.0,,,-258000000.0,160000000.0,
2013-03-31,11513000000.0,6933000000.0,,,2820000000.0,,,,1504000000.0,460000000.0,1015000000.0,1.4,1.39,721400000.0,726100000.0,2615000000.0,,4559000000.0,2327000000.0,,,688000000.0,10189000000.0,,3481000000.0,8007000000.0,1734000000.0,313000000.0,23724000000.0,2460000000.0,2651000000.0,,6644000000.0,,629000000.0,,2347000000.0,,18529000000.0,-708000000.0,10532000000.0,23724000000.0,411000000.0,,,-418000000.0,202000000.0,,,-301000000.0,,,1151000000.0,,,,,0.0,235000000.0,,45000000.0,-280000000.0,,,-600000000.0,248000000.0,
2013-06-30,17857000000.0,10709000000.0,,,4216000000.0,,,,2015000000.0,757000000.0,1209000000.0,1.67,1.66,719900000.0,724800000.0,2810000000.0,,4725000000.0,2304000000.0,,,667000000.0,10506000000.0,,3475000000.0,7514000000.0,1698000000.0,320000000.0,23513000000.0,2614000000.0,2783000000.0,,6950000000.0,,591000000.0,,2240000000.0,,18428000000.0,-745000000.0,10116000000.0,23513000000.0,612000000.0,,,-204000000.0,196000000.0,,,-120000000.0,,,2146000000.0,,,,,20000000.0,380000000.0,,73000000.0,-473000000.0,,,-1198000000.0,443000000.0,
2013-09-30,24669000000.0,14717000000.0,9952000000.0,576000000.0,5648000000.0,,,-362000000.0,3196000000.0,1130000000.0,2004000000.0,2.78,2.76,717700000.0,722900000.0,3275000000.0,,4808000000.0,1895000000.0,-387000000.0,,1021000000.0,10999000000.0,,3605000000.0,7509000000.0,1672000000.0,926000000.0,24711000000.0,2725000000.0,3184000000.0,,7625000000.0,,823000000.0,,2313000000.0,,18930000000.0,-189000000.0,10585000000.0,24711000000.0,819000000.0,,,84000000.0,-83000000.0,,,14000000.0,,,3649000000.0,,,,,19000000.0,678000000.0,,95000000.0,-789000000.0,,,-1933000000.0,908000000.0,
2013-12-31,5606000000.0,3370000000.0,,,1444000000.0,,,,643000000.0,166000000.0,462000000.0,0.65,0.65,703500000.0,708100000.0,2737000000.0,,4429000000.0,2162000000.0,,,671000000.0,9999000000.0,,3639000000.0,7871000000.0,1839000000.0,776000000.0,24124000000.0,2425000000.0,2526000000.0,,7108000000.0,,922000000.0,,2299000000.0,,19088000000.0,-146000000.0,10741000000.0,24124000000.0,209000000.0,,,-446000000.0,161000000.0,,,-151000000.0,,,691000000.0,,,,,576000000.0,236000000.0,,11000000.0,-555000000.0,,,-675000000.0,-538000000.0,
2014-03-31,11418000000.0,6787000000.0,,,2838000000.0,,,,1460000000.0,429000000.0,1009000000.0,1.43,1.42,702600000.0,706700000.0,2724000000.0,,4563000000.0,2233000000.0,,,683000000.0,10203000000.0,,3692000000.0,7875000000.0,1810000000.0,766000000.0,24346000000.0,2522000000.0,2583000000.0,,7832000000.0,,774000000.0,,2153000000.0,,19333000000.0,-128000000.0,10477000000.0,24346000000.0,419000000.0,,,-298000000.0,235000000.0,,,-75000000.0,,,1266000000.0,,,,,576000000.0,397000000.0,,55000000.0,-760000000.0,,,-1044000000.0,-551000000.0,
2014-06-30,17730000000.0,10461000000.0,,,4262000000.0,,,,2532000000.0,763000000.0,1737000000.0,2.46,2.45,701600000.0,705600000.0,3049000000.0,,4772000000.0,2253000000.0,,,739000000.0,10813000000.0,,3737000000.0,7917000000.0,1768000000.0,880000000.0,25115000000.0,2645000000.0,2736000000.0,,8533000000.0,,747000000.0,,2144000000.0,,19757000000.0,-52000000.0,10820000000.0,25115000000.0,623000000.0,,,-107000000.0,254000000.0,,,53000000.0,,,2284000000.0,,,,,610000000.0,573000000.0,,107000000.0,-1026000000.0,,,-1475000000.0,-226000000.0,
2014-09-30,24537000000.0,14379000000.0,10158000000.0,541000000.0,5715000000.0,,,,3348000000.0,1164000000.0,2147000000.0,3.05,3.03,700200000.0,704100000.0,3149000000.0,,5019000000.0,2057000000.0,-156000000.0,,642000000.0,10867000000.0,,3802000000.0,7182000000.0,1689000000.0,637000000.0,24177000000.0,2951000000.0,2876000000.0,,8454000000.0,,572000000.0,,1997000000.0,,19867000000.0,-575000000.0,10119000000.0,24177000000.0,831000000.0,,,263000000.0,132000000.0,,,294000000.0,,,3692000000.0,,,,,610000000.0,767000000.0,,145000000.0,-1159000000.0,,,-2559000000.0,-126000000.0,
2014-12-31,5587000000.0,3307000000.0,,,1405000000.0,,,,765000000.0,236000000.0,525000000.0,0.76,0.75,691400000.0,694700000.0,3122000000.0,,4404000000.0,2121000000.0,,,836000000.0,10483000000.0,,3631000000.0,6940000000.0,1649000000.0,1021000000.0,23724000000.0,2468000000.0,2640000000.0,,8877000000.0,,555000000.0,,2002000000.0,,20066000000.0,-875000000.0,9513000000.0,23724000000.0,207000000.0,,,-434000000.0,195000000.0,,,-277000000.0,,,571000000.0,,,,,143000000.0,207000000.0,,26000000.0,-376000000.0,,,-146000000.0,-27000000.0,
2015-03-31,10987000000.0,6541000000.0,,,2723000000.0,,,,2369000000.0,861000000.0,1498000000.0,2.18,2.17,686100000.0,689400000.0,3256000000.0,,4299000000.0,2107000000.0,,,682000000.0,10344000000.0,,3570000000.0,6805000000.0,1555000000.0,694000000.0,22968000000.0,2407000000.0,2595000000.0,,8770000000.0,,543000000.0,,1958000000.0,,20718000000.0,-1273000000.0,8918000000.0,22968000000.0,412000000.0,,,-408000000.0,251000000.0,,,-310000000.0,,,929000000.0,,,,,145000000.0,359000000.0,,86000000.0,801000000.0,,,-1415000000.0,107000000.0,
2015-06-30,16490000000.0,9810000000.0,,,3999000000.0,,,,3165000000.0,1083000000.0,2062000000.0,3.02,3.01,679300000.0,682600000.0,3393000000.0,,4272000000.0,2144000000.0,,,835000000.0,10644000000.0,,3610000000.0,6930000000.0,1575000000.0,705000000.0,23464000000.0,2402000000.0,2678000000.0,,8312000000.0,,637000000.0,,2063000000.0,,20969000000.0,-1056000000.0,8749000000.0,23464000000.0,613000000.0,,,-473000000.0,265000000.0,,,-287000000.0,,,1428000000.0,,,,,250000000.0,516000000.0,,86000000.0,547000000.0,,,-1572000000.0,244000000.0,
2015-09-30,22304000000.0,13256000000.0,9048000000.0,506000000.0,5184000000.0,,,,4161000000.0,1428000000.0,2710000000.0,4.01,3.99,673300000.0,676500000.0,3054000000.0,,4319000000.0,1847000000.0,-9000000.0,,829000000.0,10049000000.0,,3585000000.0,6653000000.0,1526000000.0,275000000.0,22088000000.0,2358000000.0,2803000000.0,,7800000000.0,,408000000.0,,1871000000.0,,21308000000.0,-1617000000.0,8081000000.0,22088000000.0,815000000.0,,,-304000000.0,16000000.0,,,-287000000.0,,,2529000000.0,,,,,324000000.0,685000000.0,,212000000.0,591000000.0,,,-2948000000.0,-95000000.0,
2015-12-31,4713000000.0,2824000000.0,,,1226000000.0,,,,503000000.0,151000000.0,349000000.0,0.54,0.53,650000000.0,652500000.0,3109000000.0,,3842000000.0,1903000000.0,,,840000000.0,9694000000.0,,3520000000.0,6601000000.0,1467000000.0,270000000.0,21552000000.0,2075000000.0,2616000000.0,,8202000000.0,,453000000.0,,1810000000.0,,21347000000.0,-1738000000.0,7456000000.0,21552000000.0,202000000.0,,,-433000000.0,78000000.0,,,-270000000.0,,,487000000.0,,,,,6000000.0,145000000.0,,12000000.0,-163000000.0,,,-211000000.0,55000000.0,
2016-03-31,9641000000.0,5758000000.0,,,2444000000.0,,,,1111000000.0,382000000.0,718000000.0,1.11,1.1,646000000.0,648600000.0,3322000000.0,,3874000000.0,1950000000.0,,,767000000.0,9913000000.0,,3523000000.0,6642000000.0,1437000000.0,249000000.0,21764000000.0,2140000000.0,2722000000.0,,8182000000.0,,453000000.0,,1777000000.0,,21410000000.0,-1582000000.0,7692000000.0,21764000000.0,397000000.0,,,-436000000.0,100000000.0,,,-175000000.0,,,1206000000.0,,,,,11000000.0,247000000.0,,-70000000.0,-188000000.0,,,-725000000.0,268000000.0,
2016-06-30,14767000000.0,8790000000.0,,,3647000000.0,,,,1855000000.0,636000000.0,1197000000.0,1.85,1.84,644700000.0,647400000.0,3516000000.0,,4014000000.0,1949000000.0,,,741000000.0,10220000000.0,,3521000000.0,6667000000.0,1411000000.0,263000000.0,22082000000.0,2230000000.0,2797000000.0,,8326000000.0,,461000000.0,,1739000000.0,,21583000000.0,-1564000000.0,7901000000.0,22082000000.0,589000000.0,,,-284000000.0,94000000.0,,,-87000000.0,,,1924000000.0,,,,,62000000.0,354000000.0,,-43000000.0,-373000000.0,,,-1050000000.0,462000000.0,
2016-09-30,14522000000.0,8260000000.0,6262000000.0,320000000.0,3464000000.0,,,,2316000000.0,697000000.0,1635000000.0,2.53,2.52,644000000.0,646800000.0,3182000000.0,,2701000000.0,1208000000.0,226000000.0,,669000000.0,9960000000.0,,2931000000.0,3909000000.0,902000000.0,211000000.0,21743000000.0,1517000000.0,2126000000.0,,8008000000.0,,210000000.0,,1729000000.0,,21716000000.0,-1999000000.0,7568000000.0,21743000000.0,568000000.0,,,-162000000.0,-58000000.0,,,-22000000.0,,,2881000000.0,,,,,132000000.0,447000000.0,,-30000000.0,-626000000.0,,,-2045000000.0,128000000.0,
2016-12-31,3216000000.0,1851000000.0,,,822000000.0,,,,464000000.0,94000000.0,309000000.0,0.48,0.48,642800000.0,644300000.0,4151000000.0,,2426000000.0,1278000000.0,,,552000000.0,8877000000.0,,2861000000.0,3861000000.0,879000000.0,179000000.0,17471000000.0,1335000000.0,1872000000.0,,4146000000.0,,213000000.0,,1667000000.0,,21714000000.0,-2030000000.0,7713000000.0,17471000000.0,143000000.0,,,-212000000.0,103000000.0,,,-119000000.0,,,238000000.0,,,,,16000000.0,100000000.0,,20000000.0,3758000000.0,,,-2920000000.0,969000000.0,
2017-03-31,6790000000.0,3868000000.0,,,1690000000.0,,,,1029000000.0,275000000.0,601000000.0,0.93,0.93,643600000.0,644800000.0,5039000000.0,,2479000000.0,1331000000.0,,,597000000.0,9446000000.0,,2880000000.0,3891000000.0,869000000.0,191000000.0,17277000000.0,1368000000.0,1952000000.0,,3771000000.0,,182000000.0,,1633000000.0,,21696000000.0,-1690000000.0,8006000000.0,17277000000.0,283000000.0,,,-190000000.0,137000000.0,,,-100000000.0,,,410000000.0,,,,,16000000.0,194000000.0,,50000000.0,4791000000.0,,,-3282000000.0,1857000000.0,
2017-06-30,10829000000.0,6229000000.0,,,2621000000.0,,,,1650000000.0,477000000.0,1014000000.0,1.57,1.57,643100000.0,644300000.0,3140000000.0,,2926000000.0,1891000000.0,,,597000000.0,8554000000.0,,3304000000.0,5296000000.0,1868000000.0,380000000.0,19402000000.0,1613000000.0,2175000000.0,,5370000000.0,,426000000.0,,846000000.0,,21800000000.0,-1575000000.0,7966000000.0,19402000000.0,454000000.0,,,-119000000.0,125000000.0,,,-7000000.0,,,1058000000.0,,,,,2991000000.0,300000000.0,,80000000.0,1691000000.0,,,-2777000000.0,-42000000.0,
2017-09-30,15264000000.0,8860000000.0,6404000000.0,340000000.0,3618000000.0,,,,2335000000.0,660000000.0,1518000000.0,2.35,2.35,642100000.0,643400000.0,3062000000.0,,3072000000.0,1696000000.0,,,349000000.0,8252000000.0,,3321000000.0,5316000000.0,1890000000.0,634000000.0,19589000000.0,1776000000.0,2286000000.0,,5045000000.0,,425000000.0,,546000000.0,,21995000000.0,-1019000000.0,8718000000.0,19589000000.0,636000000.0,,,25000000.0,-32000000.0,,,135000000.0,,,1912000000.0,,,,,2990000000.0,476000000.0,,106000000.0,1514000000.0,,,-3591000000.0,-120000000.0,
2017-12-31,3816000000.0,2195000000.0,,,992000000.0,,,,503000000.0,109000000.0,392000000.0,0.61,0.61,638200000.0,640500000.0,3096000000.0,,2881000000.0,1845000000.0,,,330000000.0,8152000000.0,,3279000000.0,5616000000.0,2118000000.0,693000000.0,19858000000.0,1596000000.0,2286000000.0,,6192000000.0,,244000000.0,,664000000.0,,22079000000.0,-992000000.0,8349000000.0,19858000000.0,187000000.0,,,-216000000.0,149000000.0,,,-129000000.0,,,447000000.0,,,,,513000000.0,96000000.0,,18000000.0,-392000000.0,,,-31000000.0,34000000.0,
2018-03-31,8064000000.0,4618000000.0,,,2024000000.0,,,,1161000000.0,278000000.0,874000000.0,1.37,1.37,635400000.0,638300000.0,2444000000.0,,3042000000.0,1897000000.0,,,342000000.0,7725000000.0,,3299000000.0,5821000000.0,2203000000.0,737000000.0,19785000000.0,1603000000.0,2362000000.0,,5945000000.0,,262000000.0,,690000000.0,,22254000000.0,-827000000.0,8492000000.0,19785000000.0,378000000.0,,,-98000000.0,172000000.0,,,-161000000.0,,,944000000.0,,,,,770000000.0,194000000.0,,42000000.0,-785000000.0,,,-843000000.0,-618000000.0,
2018-06-30,12520000000.0,7125000000.0,,,3078000000.0,,,,1929000000.0,327000000.0,1586000000.0,2.5,2.49,633400000.0,636500000.0,3411000000.0,,3027000000.0,1805000000.0,,,333000000.0,8576000000.0,,3260000000.0,5745000000.0,2157000000.0,749000000.0,20487000000.0,1647000000.0,2392000000.0,,6954000000.0,,274000000.0,,680000000.0,,22660000000.0,-1092000000.0,8413000000.0,20487000000.0,557000000.0,,,-39000000.0,133000000.0,,,-97000000.0,,,1868000000.0,,,,,770000000.0,314000000.0,,71000000.0,-932000000.0,,,-560000000.0,349000000.0,
2018-09-30,17408000000.0,9948000000.0,7460000000.0,436000000.0,4258000000.0,,,,2667000000.0,443000000.0,2203000000.0,3.48,3.46,632000000.0,635300000.0,1093000000.0,,3344000000.0,1813000000.0,,,369000000.0,6619000000.0,,3562000000.0,6455000000.0,2751000000.0,1003000000.0,20390000000.0,1943000000.0,2534000000.0,,6164000000.0,,484000000.0,,656000000.0,,23072000000.0,-1015000000.0,8947000000.0,20390000000.0,758000000.0,,,189000000.0,-17000000.0,,,115000000.0,,,2892000000.0,,,,,2203000000.0,617000000.0,,101000000.0,-2720000000.0,,,-2092000000.0,-1969000000.0,
2018-12-31,4147000000.0,2386000000.0,,,1077000000.0,,,,591000000.0,124000000.0,465000000.0,0.74,0.74,623900000.0,627800000.0,1248000000.0,,2733000000.0,1980000000.0,,,697000000.0,6658000000.0,,3551000000.0,6468000000.0,2714000000.0,1038000000.0,20429000000.0,1794000000.0,2288000000.0,,7540000000.0,,482000000.0,,535000000.0,,23252000000.0,-1052000000.0,8236000000.0,20429000000.0,202000000.0,,,-292000000.0,170000000.0,,,-247000000.0,,,323000000.0,,,,,73000000.0,155000000.0,,31000000.0,-259000000.0,,,98000000.0,155000000.0,
2019-03-31,8717000000.0,5031000000.0,,,2222000000.0,,,,1266000000.0,274000000.0,985000000.0,1.59,1.58,619000000.0,622900000.0,1384000000.0,,2911000000.0,2073000000.0,,,784000000.0,7152000000.0,,3615000000.0,6509000000.0,2701000000.0,1094000000.0,21071000000.0,1730000000.0,2349000000.0,,6714000000.0,,483000000.0,,564000000.0,,23475000000.0,-928000000.0,8526000000.0,21071000000.0,406000000.0,,,-175000000.0,205000000.0,,,-211000000.0,,,856000000.0,,,,,243000000.0,274000000.0,,65000000.0,-577000000.0,,,2000000.0,291000000.0,
2019-06-30,13401000000.0,7714000000.0,,,3348000000.0,,,,2033000000.0,429000000.0,1589000000.0,2.57,2.55,617400000.0,621600000.0,1603000000.0,,2901000000.0,2061000000.0,,,785000000.0,7350000000.0,,3614000000.0,6544000000.0,2691000000.0,1118000000.0,21317000000.0,1785000000.0,2453000000.0,,6218000000.0,,435000000.0,,573000000.0,,23777000000.0,-1016000000.0,8755000000.0,21317000000.0,609000000.0,,,-178000000.0,217000000.0,,,-156000000.0,,,1802000000.0,,,,,385000000.0,395000000.0,,91000000.0,-861000000.0,,,-425000000.0,510000000.0,
2019-09-30,18372000000.0,10557000000.0,7815000000.0,454000000.0,4457000000.0,,,,2859000000.0,531000000.0,2306000000.0,3.74,3.71,616200000.0,620600000.0,1494000000.0,,2985000000.0,1880000000.0,,,780000000.0,7139000000.0,,3642000000.0,6536000000.0,2615000000.0,565000000.0,20497000000.0,1874000000.0,2658000000.0,,5976000000.0,,327000000.0,,556000000.0,,24199000000.0,-1722000000.0,8233000000.0,20497000000.0,822000000.0,120000000.0,,-51000000.0,87000000.0,,,-37000000.0,,,3006000000.0,,,,,469000000.0,594000000.0,,125000000.0,-1174000000.0,,,-1391000000.0,401000000.0,
2019-12-31,4151000000.0,2392000000.0,,,1123000000.0,,,,423000000.0,94000000.0,326000000.0,0.53,0.53,610000000.0,614100000.0,1635000000.0,,2726000000.0,2064000000.0,,,771000000.0,7196000000.0,,3633000000.0,6578000000.0,2567000000.0,1127000000.0,21101000000.0,1649000000.0,2707000000.0,,6340000000.0,,329000000.0,,,,24220000000.0,-1576000000.0,8421000000.0,21101000000.0,211000000.0,56000000.0,,-281000000.0,167000000.0,,,-225000000.0,,,424000000.0,,,,,0.0,114000000.0,,17000000.0,-131000000.0,,,-162000000.0,141000000.0,
2020-03-31,8313000000.0,4804000000.0,,,2106000000.0,,,,1112000000.0,259000000.0,843000000.0,1.38,1.37,608700000.0,612600000.0,2583000000.0,,2641000000.0,2058000000.0,,,750000000.0,8032000000.0,,3553000000.0,6520000000.0,2498000000.0,1108000000.0,21711000000.0,1521000000.0,2678000000.0,,7940000000.0,,,,,,24431000000.0,-1903000000.0,7517000000.0,21711000000.0,422000000.0,18000000.0,,-283000000.0,216000000.0,,,-290000000.0,,,1012000000.0,,,,,96000000.0,225000000.0,,42000000.0,-363000000.0,,,493000000.0,1089000000.0,
2020-06-30,12227000000.0,7100000000.0,,,3040000000.0,,,,1570000000.0,310000000.0,1242000000.0,2.05,2.04,604800000.0,608400000.0,2450000000.0,,2512000000.0,2102000000.0,,,815000000.0,7879000000.0,,3565000000.0,6624000000.0,2488000000.0,1174000000.0,21730000000.0,1426000000.0,2834000000.0,,5985000000.0,,,,,,24531000000.0,-1699000000.0,7831000000.0,21730000000.0,631000000.0,69000000.0,,-456000000.0,218000000.0,,,-439000000.0,,,1854000000.0,,,,,114000000.0,329000000.0,,65000000.0,-508000000.0,,,-363000000.0,956000000.0,
2020-09-30,16785000000.0,9776000000.0,7009000000.0,439000000.0,3986000000.0,,,,2335000000.0,345000000.0,1965000000.0,3.26,3.24,602900000.0,606600000.0,3315000000.0,,2802000000.0,1928000000.0,,,761000000.0,8806000000.0,,3688000000.0,6734000000.0,2468000000.0,1186000000.0,22882000000.0,1715000000.0,2910000000.0,,5785000000.0,,,,,,24955000000.0,-1577000000.0,8405000000.0,22882000000.0,854000000.0,110000000.0,,-207000000.0,6000000.0,,,-196000000.0,,,3083000000.0,,,,,126000000.0,538000000.0,,76000000.0,-740000000.0,,,-509000000.0,1821000000.0,
2020-12-31,4161000000.0,2438000000.0,,,998000000.0,,,,563000000.0,111000000.0,445000000.0,0.74,0.74,598500000.0,601900000.0,2197000000.0,,2652000000.0,2013000000.0,,,819000000.0,7681000000.0,,3693000000.0,7832000000.0,3196000000.0,1276000000.0,23678000000.0,1694000000.0,2965000000.0,,6376000000.0,,,,,,25096000000.0,-1330000000.0,8895000000.0,23678000000.0,244000000.0,64000000.0,,232000000.0,-37000000.0,,,-37000000.0,,,808000000.0,,,,,1611000000.0,122000000.0,,-13000000.0,-1720000000.0,,,-235000000.0,-1118000000.0,
2021-03-31,8592000000.0,5007000000.0,,,2052000000.0,,,,1300000000.0,280000000.0,1006000000.0,1.68,1.67,599400000.0,602800000.0,2342000000.0,,2754000000.0,2016000000.0,,,849000000.0,7961000000.0,,3663000000.0,7787000000.0,3095000000.0,1294000000.0,23800000000.0,1797000000.0,3041000000.0,,6294000000.0,,,,,,25354000000.0,-1322000000.0,9130000000.0,23800000000.0,483000000.0,125000000.0,,75000000.0,-61000000.0,,,55000000.0,,,1615000000.0,,,,,1611000000.0,222000000.0,,-61000000.0,-1772000000.0,,,-842000000.0,-973000000.0,
2021-06-30,13289000000.0,7722000000.0,,,3125000000.0,,,,2084000000.0,431000000.0,1633000000.0,2.73,2.71,598700000.0,602300000.0,2860000000.0,,2754000000.0,2114000000.0,,,1038000000.0,8766000000.0,,3664000000.0,7777000000.0,2993000000.0,1284000000.0,24484000000.0,1966000000.0,3226000000.0,,6670000000.0,,,,,,25678000000.0,-1307000000.0,9291000000.0,24484000000.0,720000000.0,191000000.0,,-76000000.0,160000000.0,,,216000000.0,,,2720000000.0,,,,,1611000000.0,350000000.0,,-53000000.0,-1908000000.0,,,-1291000000.0,-455000000.0,
2021-09-30,18236000000.0,10673000000.0,7563000000.0,485000000.0,4179000000.0,,,,2912000000.0,585000000.0,2303000000.0,3.85,3.82,598100000.0,601800000.0,2354000000.0,,2971000000.0,2050000000.0,,,1057000000.0,8432000000.0,,3738000000.0,7723000000.0,2877000000.0,1945000000.0,24715000000.0,2108000000.0,3266000000.0,,6246000000.0,,,,,,26047000000.0,-872000000.0,9883000000.0,24715000000.0,969000000.0,224000000.0,,165000000.0,126000000.0,,,370000000.0,,,3575000000.0,,,,,1611000000.0,581000000.0,,-38000000.0,-2120000000.0,,,-2422000000.0,-961000000.0,
2021-12-31,4473000000.0,2651000000.0,,,1011000000.0,,,,1175000000.0,280000000.0,896000000.0,1.51,1.5,594600000.0,598100000.0,4726000000.0,,2745000000.0,2335000000.0,,,1054000000.0,10860000000.0,,3685000000.0,7695000000.0,2791000000.0,1928000000.0,26959000000.0,2100000000.0,3194000000.0,,5331000000.0,,,,,,26636000000.0,-922000000.0,10249000000.0,26959000000.0,231000000.0,41000000.0,,-217000000.0,302000000.0,,,10000000.0,,,523000000.0,,,,,39000000.0,116000000.0,,-2000000.0,285000000.0,,,1601000000.0,2372000000.0,
2022-03-31,9264000000.0,5490000000.0,,,2060000000.0,,,,1986000000.0,416000000.0,1570000000.0,2.64,2.63,593900000.0,597300000.0,,,2958000000.0,2399000000.0,,,1253000000.0,13539000000.0,,3567000000.0,7631000000.0,2699000000.0,2061000000.0,29497000000.0,2049000000.0,3261000000.0,,8072000000.0,,,,,,27003000000.0,-957000000.0,10575000000.0,29497000000.0,452000000.0,91000000.0,,68000000.0,428000000.0,,,18000000.0,,,965000000.0,,,,,37000000.0,225000000.0,,17000000.0,159000000.0,,,3499000000.0,4575000000.0,
2022-06-30,14269000000.0,8398000000.0,,,3112000000.0,,,,3181000000.0,659000000.0,2491000000.0,4.19,4.17,593600000.0,596900000.0,,,2957000000.0,2319000000.0,,,1570000000.0,9375000000.0,,3359000000.0,14748000000.0,6930000000.0,2630000000.0,37042000000.0,2040000000.0,3545000000.0,886000000.0,8812000000.0,,,,,,27618000000.0,-1152000000.0,10315000000.0,37042000000.0,722000000.0,107000000.0,,118000000.0,513000000.0,,,80000000.0,,,1705000000.0,,,,,5615000000.0,335000000.0,,41000000.0,-4975000000.0,,,3557000000.0,175000000.0,
2022-09-30,19629000000.0,11441000000.0,8188000000.0,526000000.0,4248000000.0,,,,4085000000.0,855000000.0,3231000000.0,5.44,5.41,592900000.0,596300000.0,,,3008000000.0,2191000000.0,,,1503000000.0,8506000000.0,,3361000000.0,14662000000.0,6724000000.0,2419000000.0,35672000000.0,2028000000.0,3634000000.0,,7777000000.0,,,,,,28053000000.0,-1485000000.0,10364000000.0,35672000000.0,1039000000.0,144000000.0,,214000000.0,469000000.0,,,122000000.0,,,2922000000.0,,,,,5702000000.0,531000000.0,,140000000.0,-5334000000.0,,,2048000000.0,-550000000.0,
2022-12-31,3373000000.0,1753000000.0,,,1030000000.0,,,,422000000.0,98000000.0,2331000000.0,3.99,3.97,583600000.0,586700000.0,,,2231000000.0,1999000000.0,,,1290000000.0,9000000000.0,,2263000000.0,14087000000.0,6460000000.0,2268000000.0,36241000000.0,1219000000.0,3949000000.0,901000000.0,8160000000.0,,,,3057000000.0,,30076000000.0,-1255000000.0,10727000000.0,36241000000.0,260000000.0,102000000.0,,-78000000.0,193000000.0,,,-58000000.0,,,418000000.0,,,,,0.0,59000000.0,,23000000.0,2886000000.0,,,-2895000000.0,467000000.0,
2023-03-31,7129000000.0,3708000000.0,,,2030000000.0,,,,1061000000.0,232000000.0,3123000000.0,5.41,5.38,577200000.0,580100000.0,,,2330000000.0,2034000000.0,,,1228000000.0,8985000000.0,,2263000000.0,14097000000.0,6299000000.0,2265000000.0,36147000000.0,1207000000.0,3245000000.0,940000000.0,7549000000.0,,,,2928000000.0,,30571000000.0,-1148000000.0,11360000000.0,36147000000.0,523000000.0,142000000.0,,63000000.0,219000000.0,,,-98000000.0,,,486000000.0,,,,,0.0,121000000.0,,76000000.0,2734000000.0,,,-3036000000.0,242000000.0,
2023-06-30,11075000000.0,5660000000.0,,,3072000000.0,,,,1822000000.0,390000000.0,12475000000.0,21.67,21.56,575100000.0,578100000.0,,,2491000000.0,2085000000.0,,,1227000000.0,15760000000.0,,2268000000.0,14131000000.0,6147000000.0,2508000000.0,44173000000.0,1218000000.0,4729000000.0,946000000.0,6614000000.0,,,,3504000000.0,,39624000000.0,-1072000000.0,20464000000.0,44173000000.0,780000000.0,198000000.0,,114000000.0,259000000.0,,,-71000000.0,,,1280000000.0,,,,,0.0,194000000.0,,124000000.0,13100000000.0,,,-6302000000.0,8153000000.0,
2023-09-30,15165000000.0,7738000000.0,7427000000.0,523000000.0,4186000000.0,,,,2726000000.0,599000000.0,13219000000.0,23.0,22.88,574200000.0,577300000.0,,,2518000000.0,2006000000.0,,,1244000000.0,13819000000.0,,2363000000.0,14480000000.0,6263000000.0,2566000000.0,42746000000.0,1275000000.0,3210000000.0,,5032000000.0,,,,3506000000.0,,40070000000.0,-1253000000.0,20689000000.0,42746000000.0,1051000000.0,250000000.0,,191000000.0,160000000.0,,,-17000000.0,,,637000000.0,,,,,705000000.0,363000000.0,,141000000.0,12415000000.0,,,-6823000000.0,6247000000.0,
2023-12-31,4117000000.0,2201000000.0,,,1277000000.0,,,,139000000.0,7000000.0,142000000.0,0.25,0.25,570800000.0,573300000.0,,,2759000000.0,2432000000.0,,,1399000000.0,8666000000.0,,2701000000.0,17983000000.0,11270000000.0,2640000000.0,46513000000.0,1234000000.0,3304000000.0,1133000000.0,7765000000.0,,,,4561000000.0,,39910000000.0,-1090000000.0,20674000000.0,46513000000.0,422000000.0,74000000.0,,-94000000.0,97000000.0,,,-89000000.0,,,415000000.0,,,,,8339000000.0,77000000.0,,37000000.0,-8452000000.0,,,2055000000.0,-5975000000.0,
2024-03-31,8493000000.0,4293000000.0,,,2573000000.0,,,,791000000.0,156000000.0,643000000.0,1.12,1.12,571400000.0,574100000.0,,,2877000000.0,2357000000.0,,,1457000000.0,9009000000.0,,2689000000.0,17964000000.0,10976000000.0,2611000000.0,46440000000.0,1271000000.0,3238000000.0,1100000000.0,7664000000.0,,,,4381000000.0,,40108000000.0,-1097000000.0,20900000000.0,46440000000.0,846000000.0,147000000.0,,35000000.0,46000000.0,,,-46000000.0,,,1158000000.0,,,,,8342000000.0,159000000.0,,68000000.0,-8489000000.0,,,1613000000.0,-5733000000.0,
2024-06-30,12873000000.0,6359000000.0,,,3827000000.0,,,,1341000000.0,266000000.0,972000000.0,1.7,1.69,571900000.0,574800000.0,,,2761000000.0,2303000000.0,,,1458000000.0,8820000000.0,,2688000000.0,17936000000.0,10627000000.0,2606000000.0,45585000000.0,1251000000.0,3350000000.0,1088000000.0,7592000000.0,,,,4194000000.0,,40135000000.0,-1237000000.0,20799000000.0,45585000000.0,1263000000.0,203000000.0,,-44000000.0,34000000.0,,,-61000000.0,,,2248000000.0,,,,,8342000000.0,251000000.0,,86000000.0,-8564000000.0,,,583000000.0,-5753000000.0,
2024-09-30,17492000000.0,8607000000.0,8885000000.0,781000000.0,5142000000.0,,,,2020000000.0,415000000.0,1968000000.0,3.44,3.43,571300000.0,574000000.0,,,2927000000.0,2180000000.0,,,1497000000.0,10192000000.0,,2807000000.0,18067000000.0,10436000000.0,2744000000.0,44246000000.0,1335000000.0,3875000000.0,1043000000.0,5742000000.0,,,,3840000000.0,,40830000000.0,-868000000.0,21636000000.0,44246000000.0,1689000000.0,260000000.0,,99000000.0,-122000000.0,,,-16000000.0,,,3332000000.0,,,,,8342000000.0,419000000.0,,114000000.0,-5360000000.0,,,-2455000000.0,-4463000000.0,
