Date,Net sales,Cost of sales,Gross margin,Research and development,"Selling, general and administrative",Total operating expenses,Operating income,"Other income/(expense), net",Income before provision for income taxes,Provision for income taxes,Net income,Earnings per share basic,Earnings per share diluted,Weighted-average basic,Weighted-average diluted,Cash and cash equivalents,Short-term marketable securities,"Accounts receivable, net",Inventories,Deferred tax assets,Vendor non-trade receivables,Other current assets,Total current assets,Long-term marketable securities,"Property, Plant and Equipment, Net",Goodwill,"Acquired intangible assets, net","Other Assets, Noncurrent",Total assets,accounts payable,Accrued expenses,Deferred revenue,Total current liabilities,Deferred revenue - non-current,deferred tax liabilities,long term taxes payable,Total other non-current liabilities,Total liabilities,Retained Earnings (Accumulated Deficit),Accumulated other comprehensive (loss)/income,Total shareholders equity,Total liabilities and shareholders' equity,"Depreciation, amortization and accretion",Stock-based compensation expense,Deferred income tax expense,"Increase (Decrease) in Accounts receivable, net",Increase (Decrease) in Inventories,Increase (Decrease) in Other Receivables,Increase (Decrease) in Other Operating Assets,Increase (Decrease) in Accounts Payable,Increase (Decrease) in Deferred Revenue,Increase (Decrease) Other liabilities,Cash generated by operating activities,Purchases of marketable securities,Proceeds from maturities of marketable securities,Proceeds from sales of marketable securities,Purchases of other long-term investments,"Business acquisitions, net of cash acquired",Cash payments for capital asset purchases,Payments for acquisition of intangible assets,Payments for (Proceeds from) Other Investing Activities,Cash used in investing activities,Proceeds from issuance of common stock,Excess tax benefits from stock-based compensation,Cash generated/used in financing activities,Increase/(decrease) in cash and cash equivalents,"Cash paid for income taxes, net"
2012-03-31,42600000.0,33293000.0,9307000.0,7842000.0,,18587000.0,,-839000.0,-10119000.0,65000.0,-10184000.0,,,,,31903000.0,,13447000.0,25661000.0,,,,73319000.0,,22736000.0,,,7320000.0,103375000.0,24797000.0,10558000.0,16587000.0,58155000.0,4305000.0,,,52000.0,98827000.0,-98992000.0,111000.0,4548000.0,103375000.0,1085000.0,706000.0,,-4324000.0,14433000.0,,,,-6192000.0,,-14071000.0,,,,,,4605000.0,,,-4605000.0,,,-973000.0,-19621000.0,
2012-06-30,98297000.0,75389000.0,22908000.0,16497000.0,,39693000.0,,-4568000.0,-21353000.0,216000.0,-21569000.0,,,,,66969000.0,,9961000.0,30966000.0,,,,110477000.0,,24652000.0,,,1360000.0,136489000.0,25551000.0,12512000.0,615000.0,45166000.0,5067000.0,,,142000.0,66406000.0,-110377000.0,100000.0,70083000.0,136489000.0,2451000.0,1708000.0,,-7810000.0,19738000.0,,,,-21402000.0,,-31845000.0,,,,,,8013000.0,,,-8013000.0,,,55286000.0,15445000.0,
2012-09-30,159110000.0,119878000.0,39232000.0,27068000.0,,64214000.0,,-5148000.0,-30130000.0,346000.0,-30476000.0,,,,,41717000.0,,32734000.0,16650000.0,,,,98131000.0,,24926000.0,,,1042000.0,124099000.0,15197000.0,15331000.0,769000.0,38141000.0,6151000.0,,,272000.0,61571000.0,-119284000.0,-2000.0,62528000.0,124099000.0,3938000.0,3159000.0,,15023000.0,5422000.0,,,,-20164000.0,,-52274000.0,,,,,,11054000.0,,,-11054000.0,,,53606000.0,-9807000.0,
2012-12-31,216678000.0,161390000.0,55288000.0,35601000.0,,86449000.0,,-6406000.0,-37567000.0,651000.0,-38218000.0,,,,,45294000.0,,27743000.0,19843000.0,0.0,,,94998000.0,,25541000.0,,,1752000.0,122291000.0,11272000.0,19266000.0,933000.0,33855000.0,7537000.0,,,307000.0,65636000.0,-127026000.0,52000.0,56655000.0,122291000.0,5568000.0,4766000.0,,11040000.0,8615000.0,,,,-18614000.0,,-44645000.0,,,,,,12990000.0,,,-12990000.0,,,51436000.0,-6230000.0,
2013-03-31,45577000.0,33376000.0,12201000.0,9026000.0,,21912000.0,,-513000.0,-10224000.0,182000.0,-10406000.0,,,,,36434000.0,,24908000.0,22309000.0,,,,86143000.0,,25281000.0,,,1641000.0,113065000.0,9057000.0,18521000.0,1068000.0,31086000.0,8378000.0,,,352000.0,64956000.0,-137432000.0,-126000.0,48109000.0,113065000.0,1660000.0,1435000.0,,-2835000.0,2466000.0,,,,976000.0,,-6972000.0,,,,,,1682000.0,,,-1682000.0,,,-28000.0,-8860000.0,
2013-06-30,103744000.0,75259000.0,28485000.0,17510000.0,,43687000.0,,-1294000.0,-16496000.0,306000.0,-16802000.0,,,,,33976000.0,,32104000.0,17906000.0,,,,86694000.0,,25141000.0,,,1513000.0,113348000.0,10012000.0,19348000.0,1258000.0,33983000.0,9303000.0,,,394000.0,69001000.0,-143828000.0,93000.0,44347000.0,113348000.0,3369000.0,2910000.0,,4389000.0,-1937000.0,,,,2091000.0,,-7962000.0,,,,,,3467000.0,,,-3467000.0,,,298000.0,-11318000.0,
2013-09-30,165790000.0,119870000.0,45920000.0,25803000.0,,66467000.0,,-2109000.0,-22656000.0,447000.0,-23103000.0,,,,,31778000.0,,34744000.0,24392000.0,,,,94067000.0,,24823000.0,,,1420000.0,120310000.0,15103000.0,20909000.0,2980000.0,42424000.0,10325000.0,,,435000.0,79977000.0,-150129000.0,197000.0,40333000.0,120310000.0,5122000.0,4955000.0,,7666000.0,4549000.0,,,,4835000.0,,-8451000.0,,,,,,4886000.0,,,-4886000.0,,,-183000.0,-13516000.0,
2013-12-31,232846000.0,165430000.0,67416000.0,34524000.0,,89574000.0,,-2892000.0,-25050000.0,863000.0,-25913000.0,,,,,38190000.0,,32084000.0,16580000.0,2000.0,,,90509000.0,,24853000.0,,,1307000.0,116669000.0,7363000.0,19722000.0,2773000.0,33365000.0,11284000.0,,,1154000.0,76463000.0,-152939000.0,229000.0,40206000.0,116669000.0,6981000.0,6849000.0,,5019000.0,-3263000.0,,,,5587000.0,,-872000.0,,,,,,6257000.0,,,-6257000.0,,,-58000.0,-7104000.0,
2014-03-31,57580000.0,38925000.0,18655000.0,9086000.0,,24440000.0,,-342000.0,-6127000.0,109000.0,-6236000.0,,,,,39935000.0,,28450000.0,14113000.0,,,,86781000.0,,24809000.0,,,1570000.0,113160000.0,9353000.0,13578000.0,1900000.0,34095000.0,12064000.0,,,1272000.0,76722000.0,-159175000.0,230000.0,36438000.0,113160000.0,1910000.0,2013000.0,,-3608000.0,-2467000.0,,,,-93000.0,,4281000.0,,,,,,2172000.0,,,-2172000.0,,,-412000.0,1745000.0,
2014-06-30,139584000.0,94097000.0,45487000.0,20234000.0,,53760000.0,,-770000.0,-9043000.0,224000.0,-9267000.0,,,,,37621000.0,,46537000.0,15724000.0,,,,105470000.0,,25127000.0,,,1486000.0,132083000.0,19509000.0,18983000.0,2182000.0,51956000.0,13398000.0,,,1357000.0,94929000.0,-162206000.0,236000.0,37154000.0,132083000.0,3902000.0,4507000.0,,15164000.0,-856000.0,,,,1523000.0,,4134000.0,,,,,,4333000.0,,,-4333000.0,,,-476000.0,-569000.0,
2014-09-30,238697000.0,160689000.0,78008000.0,32346000.0,,84388000.0,,-1723000.0,-8103000.0,351000.0,-8454000.0,,,43128000.0,48786000.0,44537000.0,,49270000.0,15488000.0,,,,114489000.0,,28825000.0,,,1410000.0,144724000.0,21992000.0,22906000.0,2418000.0,57953000.0,15339000.0,,,1439000.0,102262000.0,-161393000.0,-56000.0,42462000.0,144724000.0,6004000.0,7037000.0,,17897000.0,-1092000.0,,,,3700000.0,,15342000.0,,,,,,9836000.0,,,-9836000.0,,,1111000.0,6347000.0,
2014-12-31,343904000.0,230861000.0,113043000.0,45386000.0,,117472000.0,,-2857000.0,-7286000.0,766000.0,-8052000.0,,,,,42032000.0,,45119000.0,21590000.0,37000.0,,,114896000.0,,30824000.0,3745000.0,1811000.0,916000.0,152192000.0,22316000.0,26036000.0,2747000.0,58706000.0,16612000.0,,,3589000.0,105240000.0,-160991000.0,-79000.0,46952000.0,152192000.0,8259000.0,9740000.0,,13746000.0,5010000.0,,,,5302000.0,,24222000.0,,,,,2235000.0,13249000.0,750000.0,,-16534000.0,,,-3342000.0,3842000.0,
2015-03-31,86653000.0,58629000.0,28024000.0,13430000.0,,33572000.0,,-605000.0,-6153000.0,167000.0,-6320000.0,,,,,27127000.0,,45870000.0,34746000.0,,,,114830000.0,,31197000.0,3745000.0,1704000.0,2014000.0,153490000.0,30954000.0,20230000.0,3558000.0,62292000.0,18217000.0,,,2387000.0,109509000.0,-167311000.0,-395000.0,43981000.0,153490000.0,2532000.0,2988000.0,,751000.0,13156000.0,,,,2416000.0,,-11498000.0,,,,,,3611000.0,,,-3611000.0,,,677000.0,-14905000.0,
2015-06-30,188746000.0,127695000.0,61051000.0,26216000.0,,66968000.0,,-613000.0,-6530000.0,393000.0,-6923000.0,,,,,31887000.0,,67315000.0,34054000.0,,,,141332000.0,,31633000.0,3745000.0,1596000.0,2992000.0,181298000.0,34467000.0,21027000.0,3943000.0,83688000.0,20465000.0,,,1885000.0,132550000.0,-167914000.0,-400000.0,48748000.0,181298000.0,5054000.0,6296000.0,,22295000.0,12464000.0,,,,5049000.0,,-23271000.0,,,,,,6260000.0,,,-6260000.0,,,19744000.0,-10145000.0,
2015-09-30,291620000.0,199103000.0,92517000.0,38275000.0,,96655000.0,-4138000.0,-1457000.0,-5595000.0,704000.0,-6299000.0,-0.14,-0.14,44734000.0,47996000.0,22491000.0,,75322000.0,36717000.0,,,,141610000.0,,31240000.0,3745000.0,1489000.0,4879000.0,182963000.0,32707000.0,18986000.0,3834000.0,79139000.0,22701000.0,,,1963000.0,129997000.0,-167290000.0,-211000.0,52966000.0,182963000.0,7704000.0,9579000.0,,30547000.0,15127000.0,,,,7176000.0,,-29309000.0,,,,,,9682000.0,,,-9682000.0,,,19866000.0,-19541000.0,
2015-12-31,357249000.0,249032000.0,108217000.0,50819000.0,,127526000.0,,-1394000.0,-20703000.0,1379000.0,-22082000.0,,,,,28452000.0,,46099000.0,40800000.0,,,,121768000.0,,32118000.0,3745000.0,2220000.0,5677000.0,165528000.0,25569000.0,19292000.0,3915000.0,72848000.0,25115000.0,,,2641000.0,124079000.0,-183073000.0,-210000.0,41449000.0,165528000.0,10539000.0,12696000.0,642000.0,2482000.0,19210000.0,,,,9671000.0,,-21160000.0,,,,,0.0,12525000.0,237000.0,,-12462000.0,,,20564000.0,-13580000.0,
2016-03-31,64121000.0,52361000.0,11760000.0,13066000.0,,30848000.0,-19088000.0,529000.0,-18559000.0,236000.0,-18795000.0,,,46209000.0,,13016000.0,,47056000.0,45576000.0,,,,112885000.0,,32963000.0,3745000.0,2036000.0,6891000.0,158520000.0,24293000.0,23427000.0,5575000.0,79946000.0,27723000.0,,,2283000.0,132960000.0,-201868000.0,-404000.0,25560000.0,158520000.0,2680000.0,2999000.0,,1494000.0,4776000.0,,,,4268000.0,,-15249000.0,,,,,,3348000.0,,,-3348000.0,,,3046000.0,-15436000.0,
2016-06-30,143306000.0,117410000.0,25896000.0,26157000.0,,60772000.0,-34876000.0,-591000.0,-34938000.0,580000.0,-35518000.0,,,46620000.0,,8243000.0,,48973000.0,39295000.0,,,,104436000.0,,34591000.0,3745000.0,1852000.0,7885000.0,152509000.0,37610000.0,21987000.0,5844000.0,84617000.0,29743000.0,,,2352000.0,140052000.0,-218591000.0,-200000.0,12457000.0,152509000.0,5388000.0,5707000.0,,4205000.0,-1505000.0,,,,6557000.0,,-7991000.0,,,,,,7510000.0,678000.0,,-8188000.0,,,-3900000.0,-20209000.0,
2016-09-30,231990000.0,190215000.0,41775000.0,39326000.0,,94382000.0,-52607000.0,-943000.0,-53550000.0,724000.0,-54274000.0,,-1.16,47278000.0,47278000.0,24112000.0,,59482000.0,39101000.0,,,,129882000.0,,32453000.0,3745000.0,1669000.0,8679000.0,176428000.0,32551000.0,26667000.0,5942000.0,85568000.0,31827000.0,,,2408000.0,166199000.0,-237347000.0,-254000.0,10229000.0,176428000.0,8039000.0,8239000.0,,16577000.0,-1699000.0,,,,8739000.0,,-28588000.0,,,,,,9607000.0,678000.0,,-10285000.0,14593000.0,,34640000.0,-4340000.0,
2016-12-31,322591000.0,264583000.0,58008000.0,50703000.0,,120708000.0,,-3287000.0,-65987000.0,1475000.0,-67462000.0,,,,,17764000.0,,61019000.0,31960000.0,,,,117864000.0,,31440000.0,3664000.0,945000.0,9663000.0,163576000.0,31696000.0,22937000.0,6411000.0,82772000.0,33893000.0,,,2025000.0,162276000.0,-250535000.0,-292000.0,1300000.0,163576000.0,10638000.0,10326000.0,654000.0,18017000.0,-8840000.0,,,,11274000.0,,-32953000.0,,,,,-1050000.0,12167000.0,678000.0,,-11795000.0,16142000.0,,34375000.0,-10688000.0,
2017-03-31,54751000.0,47703000.0,7048000.0,9605000.0,,29143000.0,-22095000.0,-1079000.0,-23174000.0,131000.0,-23305000.0,,,,,29955000.0,,48903000.0,33808000.0,,,,122799000.0,,30905000.0,3664000.0,806000.0,9333000.0,167507000.0,15858000.0,21698000.0,7200000.0,54629000.0,34499000.0,,,1905000.0,160036000.0,-273840000.0,-631000.0,7471000.0,167507000.0,2328000.0,1929000.0,,-11975000.0,1848000.0,,,,1395000.0,,-24511000.0,,,,,,3466000.0,,,-3466000.0,26522000.0,,40586000.0,12191000.0,
2017-06-30,129455000.0,108861000.0,20594000.0,17552000.0,,51937000.0,-31343000.0,-3071000.0,-34414000.0,984000.0,-35398000.0,,,,,30953000.0,,56403000.0,20839000.0,,,,121502000.0,,29351000.0,3664000.0,668000.0,8493000.0,163678000.0,15425000.0,25795000.0,8142000.0,63345000.0,35782000.0,,,1969000.0,166062000.0,-285933000.0,-169000.0,-2384000.0,163678000.0,4583000.0,3550000.0,,-3910000.0,-11121000.0,,,,3620000.0,,-24325000.0,,,,,,3515000.0,0.0,,-3515000.0,26425000.0,,40735000.0,13189000.0,
2017-09-30,206492000.0,169438000.0,37054000.0,24949000.0,,74300000.0,-37246000.0,-4208000.0,-41454000.0,798000.0,-42252000.0,,,,,28878000.0,,68869000.0,25316000.0,,,,136317000.0,,28191000.0,3664000.0,591000.0,8318000.0,177081000.0,34620000.0,24152000.0,9014000.0,85489000.0,36327000.0,,,2808000.0,184883000.0,-292787000.0,-465000.0,-7802000.0,177081000.0,6763000.0,5277000.0,,8761000.0,-6644000.0,,,,5036000.0,,-26528000.0,,,,,,3609000.0,0.0,,-3609000.0,26425000.0,,40739000.0,11114000.0,
2017-12-31,286166000.0,230123000.0,56043000.0,33157000.0,,95421000.0,,-5963000.0,-45341000.0,-149000.0,-45192000.0,,,,,29144000.0,,65346000.0,25999000.0,585000.0,,,130446000.0,,26483000.0,3664000.0,515000.0,8039000.0,169147000.0,28747000.0,22447000.0,15691000.0,91741000.0,29941000.0,,,1880000.0,178273000.0,-295727000.0,-656000.0,-9126000.0,169147000.0,9004000.0,6727000.0,-1394000.0,4803000.0,-5961000.0,,,,5328000.0,,-28442000.0,,,,,,4121000.0,0.0,,-4121000.0,26425000.0,,43297000.0,11380000.0,
2018-03-31,69972000.0,51657000.0,18315000.0,7620000.0,,20790000.0,-2475000.0,-2418000.0,-4893000.0,235000.0,-5128000.0,,,,,53255000.0,,55622000.0,18541000.0,,,,147853000.0,,24926000.0,3664000.0,439000.0,35236000.0,212118000.0,14087000.0,30223000.0,37408000.0,103685000.0,,,,1934000.0,243269000.0,-339803000.0,-368000.0,-31151000.0,212118000.0,2276000.0,1571000.0,,-9125000.0,-7457000.0,,,,-1180000.0,,3361000.0,,,,,,1043000.0,,,-1043000.0,19923000.0,,21730000.0,24111000.0,
2018-06-30,145868000.0,104851000.0,41017000.0,17082000.0,,44050000.0,-3033000.0,-5260000.0,-8293000.0,573000.0,-8866000.0,,,,,58471000.0,,58696000.0,17471000.0,,,,155379000.0,,23100000.0,3664000.0,363000.0,36030000.0,218536000.0,21895000.0,31095000.0,34954000.0,114648000.0,,,,1970000.0,248651000.0,-343541000.0,-353000.0,-30115000.0,218536000.0,4469000.0,5860000.0,,-5897000.0,-8528000.0,,,,-6791000.0,,7441000.0,,,,,,1475000.0,,,-1475000.0,19923000.0,,23744000.0,29327000.0,
2018-09-30,223870000.0,157589000.0,66281000.0,25247000.0,,69688000.0,-3407000.0,-8108000.0,-11515000.0,821000.0,-12336000.0,,,,,116164000.0,,54117000.0,17886000.0,,,,209798000.0,,20331000.0,24783000.0,36078000.0,35520000.0,326510000.0,28103000.0,41562000.0,32015000.0,134922000.0,,,,2393000.0,322354000.0,-347011000.0,-7000.0,4156000.0,326510000.0,6950000.0,9911000.0,,-10671000.0,-8112000.0,,,,-10280000.0,,14257000.0,,,,,9000000.0,2384000.0,,,-11384000.0,19771000.0,,84610000.0,87020000.0,
2018-12-31,316159000.0,221714000.0,94445000.0,32587000.0,,92849000.0,1596000.0,-11825000.0,-10229000.0,1398000.0,-11627000.0,,,,,106237000.0,,78938000.0,16267000.0,426000.0,,,222302000.0,,20998000.0,24783000.0,35306000.0,36548000.0,339937000.0,48794000.0,29010000.0,33119000.0,147161000.0,,,,3250000.0,332161000.0,-346302000.0,742000.0,7776000.0,339937000.0,9667000.0,11432000.0,123000.0,13515000.0,-9732000.0,,,,-6123000.0,,16132000.0,,,,,15000000.0,4151000.0,0.0,,-19151000.0,19766000.0,,80614000.0,77093000.0,
2019-03-31,100150000.0,66811000.0,33339000.0,8524000.0,,26205000.0,7134000.0,-4021000.0,3113000.0,348000.0,2765000.0,,,108195000.0,115863000.0,78087000.0,,81715000.0,12971000.0,,,,195442000.0,,20178000.0,24783000.0,34124000.0,36762000.0,319252000.0,52489000.0,32431000.0,32916000.0,128746000.0,,,,9466000.0,305128000.0,-343563000.0,663000.0,14124000.0,319252000.0,3572000.0,3290000.0,,3266000.0,-3296000.0,,,,1578000.0,,17063000.0,,,,,,658000.0,,,-658000.0,0.0,,-44422000.0,-28150000.0,
2019-06-30,234244000.0,155586000.0,78658000.0,18128000.0,,54077000.0,24581000.0,-10259000.0,14322000.0,939000.0,13383000.0,,,113677000.0,130737000.0,205959000.0,,97537000.0,20094000.0,,,,349851000.0,,21532000.0,24783000.0,32943000.0,40105000.0,481518000.0,65989000.0,33536000.0,33577000.0,143613000.0,,,,12930000.0,364247000.0,-332946000.0,414000.0,117271000.0,481518000.0,7694000.0,8224000.0,,19104000.0,3827000.0,,,,5904000.0,,31835000.0,,,,,,3176000.0,,,-3176000.0,0.0,,70956000.0,99722000.0,
2019-09-30,414301000.0,270937000.0,143364000.0,29213000.0,,85077000.0,58287000.0,-12594000.0,45693000.0,1211000.0,44482000.0,,,122123000.0,133611000.0,203046000.0,,133689000.0,30231000.0,,,,391517000.0,,23532000.0,24783000.0,31761000.0,40669000.0,523669000.0,60692000.0,39991000.0,34295000.0,146819000.0,,,,11970000.0,371380000.0,-301847000.0,569000.0,152289000.0,523669000.0,11551000.0,14000000.0,,56139000.0,13964000.0,,,,10781000.0,,36796000.0,,,,,0.0,7368000.0,,,-7368000.0,0.0,,67816000.0,96809000.0,
2019-12-31,624333000.0,403088000.0,221245000.0,40381000.0,,118516000.0,102729000.0,-12615000.0,90114000.0,-71034000.0,161148000.0,,,116713000.0,131644000.0,251409000.0,,145413000.0,32056000.0,73666000.0,,,499657000.0,,28936000.0,24783000.0,30579000.0,44620000.0,713223000.0,57474000.0,47092000.0,81783000.0,199311000.0,,,,11817000.0,441011000.0,-185181000.0,-923000.0,272212000.0,713223000.0,14119000.0,20176000.0,-72950000.0,68745000.0,15789000.0,,,,72248000.0,,139067000.0,,,,,0.0,14788000.0,,,-14788000.0,0.0,,65850000.0,189872000.0,
2020-03-31,205545000.0,124870000.0,80675000.0,11876000.0,,35963000.0,44712000.0,12356000.0,57100000.0,-11900000.0,68936000.0,,,123531000.0,138104000.0,549144000.0,,95484000.0,34617000.0,,,,751697000.0,,30500000.0,24783000.0,29332000.0,47798000.0,1030787000.0,34538000.0,49817000.0,39022000.0,233622000.0,,,,13077000.0,714580000.0,-116245000.0,-1091000.0,316207000.0,1030787000.0,3844000.0,7515000.0,,-49637000.0,2560000.0,,,,-36460000.0,,39222000.0,,,,,,3353000.0,,,-3353000.0,,,262071000.0,297735000.0,
2020-06-30,331083000.0,202021000.0,129062000.0,25068000.0,,73496000.0,55566000.0,-64709000.0,-53900000.0,-18429000.0,-47294000.0,,,125603000.0,138910000.0,607254000.0,,89504000.0,31186000.0,,,,757201000.0,,32972000.0,24783000.0,28086000.0,49551000.0,997927000.0,24135000.0,46691000.0,40256000.0,223523000.0,,,,12340000.0,627751000.0,-163539000.0,-1153000.0,370176000.0,997927000.0,7985000.0,19815000.0,,-56166000.0,-870000.0,,,,-30771000.0,,64653000.0,,,,,,7804000.0,,,-7804000.0,,,254477000.0,311145000.0,
2020-09-30,509586000.0,285543000.0,224043000.0,40120000.0,,116718000.0,107325000.0,-59267000.0,48100000.0,-12946000.0,61004000.0,,,126109000.0,141820000.0,661792000.0,,122386000.0,37535000.0,,,,850234000.0,,35187000.0,24783000.0,26839000.0,51998000.0,1092340000.0,48148000.0,52203000.0,41738000.0,256519000.0,,,,14387000.0,676134000.0,-124177000.0,-356000.0,416206000.0,1092340000.0,12750000.0,34214000.0,,-23533000.0,5479000.0,,,,-24509000.0,,132154000.0,,,,,,11707000.0,,,-11707000.0,,,245313000.0,365683000.0,
2020-12-31,774425000.0,428444000.0,345981000.0,55921000.0,,159542000.0,186439000.0,-67029000.0,119410000.0,-14585000.0,133995000.0,,,125561000.0,141918000.0,679379000.0,,182165000.0,41764000.0,92468000.0,,,933064000.0,,42985000.0,24783000.0,28808000.0,59875000.0,1200102000.0,72609000.0,76542000.0,47665000.0,534043000.0,,,,17042000.0,716109000.0,-51186000.0,434000.0,483993000.0,1200102000.0,18103000.0,42503000.0,-17117000.0,34321000.0,9708000.0,,,,-10498000.0,,216334000.0,,,,,0.0,20558000.0,,,-25568000.0,0.0,,191678000.0,383270000.0,
2021-03-31,301754000.0,178805000.0,122949000.0,21818000.0,,61563000.0,61386000.0,-63052000.0,-1700000.0,-33400000.0,31698000.0,,,131303000.0,146442000.0,1489010000.0,,236090000.0,34876000.0,,,,1791362000.0,,53648000.0,61038000.0,47917000.0,91315000.0,2194199000.0,81524000.0,115172000.0,49118000.0,344473000.0,,,,15777000.0,1461358000.0,-19488000.0,640000.0,732841000.0,2194199000.0,5558000.0,14844000.0,,53719000.0,-6888000.0,,,,19440000.0,,75841000.0,,,,,55239000.0,9940000.0,,,-90179000.0,,,824671000.0,809631000.0,
2021-06-30,617811000.0,367061000.0,250750000.0,44526000.0,,129964000.0,120786000.0,-76106000.0,46346000.0,-26400000.0,71049000.0,,,135094000.0,144022000.0,1312261000.0,,281154000.0,37756000.0,,,,1665919000.0,,63211000.0,61321000.0,45409000.0,118532000.0,2100656000.0,82141000.0,119234000.0,55084000.0,356593000.0,,,,20075000.0,1516257000.0,-180137000.0,1924000.0,584399000.0,2100656000.0,13154000.0,30156000.0,,98531000.0,-4008000.0,,,,47909000.0,,141501000.0,,,,,55239000.0,26368000.0,,,-126607000.0,,,618914000.0,632882000.0,
2021-09-30,969330000.0,578222000.0,391108000.0,73937000.0,,232971000.0,158137000.0,-87750000.0,70400000.0,-22500000.0,92858000.0,,,134721000.0,143091000.0,885546000.0,508577000.0,273012000.0,65405000.0,,,,1768081000.0,,73445000.0,61038000.0,43146000.0,136111000.0,2230164000.0,92213000.0,139243000.0,59232000.0,393455000.0,,,,20617000.0,1582349000.0,-158328000.0,-152000.0,647815000.0,2230164000.0,21467000.0,77110000.0,,93069000.0,23640000.0,,,,64308000.0,,254855000.0,,,,,55239000.0,39050000.0,250000.0,,-663029000.0,,,615643000.0,206167000.0,
2021-12-31,1382049000.0,827627000.0,554422000.0,105526000.0,,338590000.0,215832000.0,-94904000.0,120928000.0,-24521000.0,145449000.0,,,134025000.0,142878000.0,119316000.0,897335000.0,333626000.0,74400000.0,119501000.0,,,1462461000.0,,82167000.0,181254000.0,97758000.0,118726000.0,2079256000.0,113767000.0,157912000.0,62670000.0,439796000.0,,,,16530000.0,1649088000.0,-405737000.0,-2020000.0,430168000.0,2079256000.0,32439000.0,114286000.0,-31241000.0,151160000.0,29258000.0,,,,78167000.0,,352028000.0,,,,,235652000.0,52258000.0,250000.0,,-1219547000.0,,,309411000.0,-560063000.0,
2022-03-31,441292000.0,264319000.0,176973000.0,35719000.0,,115149000.0,61824000.0,-4417000.0,57407000.0,5600000.0,51821000.0,,,134327000.0,144617000.0,251850000.0,811621000.0,358310000.0,96436000.0,,,,1558783000.0,,85073000.0,195637000.0,103173000.0,120878000.0,2263277000.0,104738000.0,169146000.0,68693000.0,453756000.0,,,,19259000.0,1932295000.0,-328206000.0,-7324000.0,330982000.0,2263277000.0,15558000.0,47797000.0,,24224000.0,22036000.0,,,,22061000.0,,102443000.0,,,,,24625000.0,12375000.0,,,39735000.0,,,-8940000.0,132534000.0,
2022-06-30,971488000.0,575510000.0,395978000.0,74975000.0,,240118000.0,155860000.0,-6245000.0,149615000.0,20818000.0,128797000.0,,,135196000.0,143725000.0,495473000.0,752328000.0,312451000.0,130266000.0,,,,1735992000.0,,86778000.0,197004000.0,96887000.0,129153000.0,2437108000.0,90398000.0,197919000.0,74067000.0,480010000.0,,,,23864000.0,1986109000.0,-251230000.0,-11245000.0,450999000.0,2437108000.0,30805000.0,100861000.0,,-27546000.0,55866000.0,,,,38094000.0,,303093000.0,,,,,27680000.0,21066000.0,,,84226000.0,,,-10220000.0,376157000.0,
2022-09-30,1606201000.0,942307000.0,663894000.0,119163000.0,,372593000.0,291301000.0,-7431000.0,283900000.0,40300000.0,243609000.0,,,135633000.0,145962000.0,337583000.0,1079713000.0,367647000.0,146451000.0,,,,1982664000.0,,91801000.0,195508000.0,90924000.0,140439000.0,2697835000.0,92823000.0,255800000.0,79609000.0,550236000.0,,,,25418000.0,2087782000.0,-136418000.0,-15542000.0,610053000.0,2697835000.0,42766000.0,153157000.0,,18680000.0,72051000.0,,,,63858000.0,,491103000.0,,,,,27680000.0,30014000.0,0.0,,-253775000.0,,,-14116000.0,218267000.0,
2022-12-31,2330853000.0,1356258000.0,974595000.0,168846000.0,,526334000.0,448261000.0,3787000.0,452048000.0,54686000.0,397362000.0,,,135349000.0,144390000.0,473244000.0,1139599000.0,440896000.0,149708000.0,200043000.0,,,2264271000.0,,111367000.0,213559000.0,99541000.0,169291000.0,3084280000.0,125085000.0,295939000.0,90747000.0,638219000.0,,,,43520000.0,2258707000.0,17335000.0,-10882000.0,825573000.0,3084280000.0,58775000.0,216802000.0,-137000.0,107556000.0,75273000.0,,,,122189000.0,,744817000.0,,,,,62162000.0,46443000.0,0.0,,-371906000.0,,,-17126000.0,353928000.0,
2023-03-31,726016000.0,399645000.0,326371000.0,57129000.0,,158708000.0,167663000.0,11310000.0,179000000.0,32100000.0,146873000.0,,,136689000.0,145986000.0,286045000.0,1492352000.0,516106000.0,150563000.0,,,,2512633000.0,,133268000.0,213882000.0,92756000.0,184138000.0,3380853000.0,106154000.0,396688000.0,99819000.0,729289000.0,,,,47187000.0,2410760000.0,164208000.0,-6734000.0,970093000.0,3380853000.0,16591000.0,59655000.0,,79529000.0,855000.0,,,,51085000.0,,246232000.0,,,,,0.0,22476000.0,,,-363530000.0,,,-71805000.0,-187199000.0,
2023-06-30,1437134000.0,787421000.0,649713000.0,117172000.0,,311730000.0,337983000.0,25584000.0,363600000.0,59503000.0,304064000.0,,,136650000.0,145608000.0,278676000.0,1521816000.0,520306000.0,166111000.0,,,,2560789000.0,,151657000.0,214290000.0,85960000.0,195283000.0,3465882000.0,79075000.0,425285000.0,109176000.0,743605000.0,,,,50251000.0,2493295000.0,189539000.0,-6852000.0,972587000.0,3465882000.0,34419000.0,113821000.0,,83497000.0,16403000.0,,,,91800000.0,,515475000.0,,,,,0.0,66478000.0,,,-427582000.0,,,-284039000.0,-194568000.0,
2023-09-30,1988216000.0,1076490000.0,911726000.0,172045000.0,,455754000.0,455972000.0,44940000.0,500912000.0,82900000.0,418017000.0,,,136491000.0,145081000.0,290075000.0,1493809000.0,560286000.0,174114000.0,,,,2598630000.0,,173005000.0,213193000.0,79147000.0,215275000.0,3553942000.0,90116000.0,434825000.0,114031000.0,774387000.0,,,,53762000.0,2539244000.0,125352000.0,-9762000.0,1014698000.0,3553942000.0,53867000.0,157635000.0,,118249000.0,24406000.0,,,,105169000.0,,661330000.0,,,,,0.0,90326000.0,,,-442392000.0,,,-401785000.0,-183169000.0,
2023-12-31,2290786000.0,1232398000.0,1058388000.0,227336000.0,,612647000.0,445741000.0,67398000.0,513139000.0,74203000.0,438936000.0,,,136376000.0,143290000.0,288748000.0,1406286000.0,445959000.0,213595000.0,247181000.0,,,2443518000.0,,168244000.0,214562000.0,68536000.0,215895000.0,3383012000.0,116164000.0,261919000.0,118300000.0,532449000.0,,,,51008000.0,2399388000.0,46273000.0,-1988000.0,983624000.0,3383012000.0,74708000.0,212857000.0,-47188000.0,12478000.0,63887000.0,,,,117780000.0,,696780000.0,,,,,0.0,110401000.0,0.0,,-366355000.0,,,-516774000.0,-184496000.0,
2024-03-31,263339000.0,147831000.0,115508000.0,54211000.0,,144607000.0,-29099000.0,17600000.0,-11500000.0,4600000.0,-16097000.0,-0.12,-0.12,135891000.0,135891000.0,253652000.0,1375941000.0,364364000.0,207893000.0,,,,2302571000.0,,158303000.0,213625000.0,62625000.0,214119000.0,3232980000.0,71751000.0,234391000.0,119821000.0,554095000.0,,,,51962000.0,2310257000.0,-11820000.0,-6773000.0,922723000.0,3232980000.0,20137000.0,60833000.0,,-77359000.0,-5702000.0,,,,-5554000.0,,49201000.0,,,,,,7371000.0,,,17734000.0,,,-100854000.0,-35096000.0,
2024-06-30,566797000.0,314123000.0,252674000.0,103082000.0,,279974000.0,-27300000.0,27017000.0,11216000.0,5000000.0,10833000.0,0.08,0.08,135768000.0,136123000.0,252102000.0,1394302000.0,277475000.0,176068000.0,,,,2241649000.0,,152070000.0,213239000.0,56715000.0,204202000.0,3166576000.0,79646000.0,197556000.0,123577000.0,529632000.0,,,,52872000.0,2282053000.0,-100895000.0,-7951000.0,884523000.0,3166576000.0,40621000.0,113590000.0,,-159542000.0,-37527000.0,,,,-6955000.0,,176263000.0,,,,,,17007000.0,,,-9892000.0,,,-201466000.0,-36646000.0,
2024-09-30,947670000.0,516825000.0,430845000.0,150925000.0,,408357000.0,49788000.0,27972000.0,50743000.0,10000000.0,45762000.0,0.34,0.33,135621000.0,139914000.0,256325000.0,1510299000.0,232225000.0,158837000.0,,,,2360881000.0,,148444000.0,214292000.0,51152000.0,185448000.0,3264191000.0,112417000.0,189819000.0,129556000.0,567478000.0,,,,62392000.0,2332818000.0,-104927000.0,3263000.0,931373000.0,3264191000.0,60724000.0,159530000.0,,-208956000.0,-54758000.0,,,,-5265000.0,,346401000.0,,,,,,25540000.0,,,-122374000.0,,,-257537000.0,-32423000.0,
