Date,Net sales,Cost of sales,Gross margin,Research and development,"Selling, general and administrative",Total operating expenses,Operating income,"Other income/(expense), net",Income before provision for income taxes,Provision for income taxes,Net income,Earnings per share basic,Earnings per share diluted,Weighted-average basic,Weighted-average diluted,Cash and cash equivalents,Short-term marketable securities,"Accounts receivable, net",Inventories,Deferred tax assets,Vendor non-trade receivables,Other current assets,Total current assets,Long-term marketable securities,"Property, Plant and Equipment, Net",Goodwill,"Acquired intangible assets, net","Other Assets, Noncurrent",Total assets,accounts payable,Accrued expenses,Deferred revenue,Total current liabilities,Deferred revenue - non-current,deferred tax liabilities,long term taxes payable,Total other non-current liabilities,Total liabilities,Retained Earnings (Accumulated Deficit),Accumulated other comprehensive (loss)/income,Total shareholders equity,Total liabilities and shareholders' equity,"Depreciation, amortization and accretion",Stock-based compensation expense,Deferred income tax expense,"Increase (Decrease) in Accounts receivable, net",Increase (Decrease) in Inventories,Increase (Decrease) in Other Receivables,Increase (Decrease) in Other Operating Assets,Increase (Decrease) in Accounts Payable,Increase (Decrease) in Deferred Revenue,Increase (Decrease) Other liabilities,Cash generated by operating activities,Purchases of marketable securities,Proceeds from maturities of marketable securities,Proceeds from sales of marketable securities,Purchases of other long-term investments,"Business acquisitions, net of cash acquired",Cash payments for capital asset purchases,Payments for acquisition of intangible assets,Payments for (Proceeds from) Other Investing Activities,Cash used in investing activities,Proceeds from issuance of common stock,Excess tax benefits from stock-based compensation,Cash generated/used in financing activities,Increase/(decrease) in cash and cash equivalents,"Cash paid for income taxes, net"
2012-03-31,94383000.0,60175000.0,,,17627000.0,,13784000.0,,14340000.0,2241000.0,12099000.0,,,,,112736000.0,,54235000.0,,4016000.0,,,223105000.0,,37200000.0,8459000.0,1111000.0,540000.0,274610000.0,4060000.0,13301000.0,5479000.0,47109000.0,,283000.0,1211000.0,,48603000.0,,-1902000.0,226007000.0,274610000.0,,1550000.0,-23000.0,-6368000.0,,,,1394000.0,-1625000.0,,-4745000.0,,,,,,3324000.0,,,-3719000.0,,160000.0,31309000.0,23940000.0,
2012-06-30,198183000.0,123978000.0,,,38338000.0,,30614000.0,,30236000.0,4816000.0,25420000.0,,,,,104930000.0,,68186000.0,,4000000.0,,,224772000.0,,40219000.0,12436000.0,6227000.0,553000.0,287994000.0,4345000.0,10296000.0,4607000.0,43901000.0,,269000.0,1218000.0,,45388000.0,,-4366000.0,242606000.0,287994000.0,,3323000.0,39000.0,6803000.0,,,,349000.0,-2482000.0,,1629000.0,,,,,6990000.0,6410000.0,,,-16538000.0,,301000.0,31097000.0,16134000.0,
2012-09-30,308261000.0,193077000.0,,,59491000.0,,47350000.0,,46823000.0,7338000.0,39485000.0,,,,,105885000.0,,67867000.0,,3815000.0,,,237672000.0,,52948000.0,11305000.0,6014000.0,578000.0,312720000.0,2558000.0,13485000.0,3847000.0,46072000.0,,269000.0,1228000.0,,47569000.0,,-1662000.0,265151000.0,312720000.0,,5369000.0,-374000.0,6083000.0,,,,-2098000.0,-3387000.0,,12740000.0,,,,,6990000.0,10317000.0,,,-31363000.0,,1635000.0,34667000.0,17089000.0,
2012-12-31,433799000.0,270361000.0,,,85868000.0,,66006000.0,,65863000.0,11379000.0,54484000.0,,,,,118112000.0,,78906000.0,,9504000.0,,236000.0,250955000.0,,53135000.0,22698000.0,16834000.0,632000.0,350814000.0,6095000.0,19814000.0,6369000.0,59352000.0,1263000.0,2691000.0,1228000.0,,64534000.0,,-1021000.0,286280000.0,350814000.0,,6826000.0,-3933000.0,12664000.0,,,,1407000.0,-767000.0,,48499000.0,,,,,32951000.0,13376000.0,,,-59627000.0,,3297000.0,38847000.0,29316000.0,
2013-03-31,124198000.0,77937000.0,,,27083000.0,,15536000.0,,15667000.0,2987000.0,12680000.0,0.28,0.27,44812000.0,47646000.0,102806000.0,,75665000.0,,6822000.0,,,255397000.0,,53265000.0,22575000.0,16030000.0,731000.0,356746000.0,9728000.0,7636000.0,4920000.0,48367000.0,621000.0,3071000.0,1228000.0,,53287000.0,,-3364000.0,303459000.0,356746000.0,,2576000.0,268000.0,-1664000.0,,,,3009000.0,-1923000.0,,-11738000.0,,,,,,2887000.0,,2834000.0,-6474000.0,,1529000.0,4039000.0,-15306000.0,
2013-06-30,257382000.0,161484000.0,,,55624000.0,,33071000.0,,33102000.0,6304000.0,26798000.0,0.59,0.56,45486.0,47977.0,107475000.0,,82817000.0,,5876000.0,,,273469000.0,,55400000.0,22304000.0,15115000.0,938000.0,374517000.0,8376000.0,7017000.0,4041000.0,47340000.0,312000.0,404000.0,1228000.0,,49284000.0,,-4409000.0,325233000.0,374517000.0,,6426000.0,530000.0,6563000.0,,,,2630000.0,-3059000.0,,-3780000.0,,,,,20000.0,8998000.0,,5172000.0,-13986000.0,,3250000.0,8603000.0,-10637000.0,
2013-09-30,397532000.0,250023000.0,,,83517000.0,,53301000.0,,53458000.0,10223000.0,43235000.0,0.95,0.9,46162000.0,48720000.0,122979000.0,,87611000.0,,5350000.0,,,305196000.0,,54062000.0,22411000.0,14539000.0,969000.0,405464000.0,8195000.0,8866000.0,2583000.0,52115000.0,155000.0,354000.0,1228000.0,,53852000.0,,-1434000.0,351612000.0,405464000.0,,9791000.0,735000.0,11089000.0,,,,2475000.0,-3811000.0,,11795000.0,,,,,20000.0,10928000.0,,7045000.0,-18875000.0,,4924000.0,12707000.0,4867000.0,
2013-12-31,555117000.0,347650000.0,,,116497000.0,,76493000.0,,76770000.0,14776000.0,61994000.0,1.35,1.28,45754.0,48358.0,169207000.0,,95431000.0,,9323000.0,,471000.0,330968000.0,,53315000.0,22268000.0,13734000.0,3409000.0,432877000.0,2835000.0,20175000.0,4543000.0,54664000.0,533000.0,351000.0,1228000.0,,56776000.0,,-1832000.0,376101000.0,432877000.0,,13150000.0,41000.0,17302000.0,,,,-2900000.0,-2325000.0,,58225000.0,,,,,20000.0,13360000.0,,7982000.0,-21820000.0,,6201000.0,15501000.0,51095000.0,
2014-03-31,160384000.0,102454000.0,,,32359000.0,,21857000.0,,21592000.0,4228000.0,17364000.0,0.37,0.35,46797000.0,49207000.0,174066000.0,,89932000.0,,5366000.0,,,352264000.0,,53072000.0,26392000.0,12957000.0,4797000.0,458637000.0,11812000.0,15314000.0,4539000.0,60455000.0,340000.0,334000.0,1228000.0,,62357000.0,,-5409000.0,396280000.0,458637000.0,3689000.0,3208000.0,97000.0,-4908000.0,,,,8563000.0,265000.0,,16188000.0,,,,,2419000.0,2157000.0,,294000.0,-11676000.0,,995000.0,3134000.0,4859000.0,
2014-06-30,335079000.0,212556000.0,,,71030000.0,,40333000.0,,39993000.0,7815000.0,32178000.0,0.69,0.65,47068000.0,49559000.0,175075000.0,,108179000.0,,4123000.0,,,374839000.0,,54523000.0,42547000.0,49381000.0,2862000.0,537964000.0,12500000.0,23280000.0,4244000.0,77643000.0,228000.0,326000.0,1228000.0,31892000.0,111317000.0,,-2515000.0,426647000.0,537964000.0,9140000.0,9099000.0,195000.0,7172000.0,,,,5899000.0,-255000.0,,33027000.0,,,,,26498000.0,4445000.0,,799000.0,-33211000.0,,2161000.0,7574000.0,5868000.0,
2014-09-30,527843000.0,335065000.0,,,113905000.0,,62168000.0,,62371000.0,11153000.0,51218000.0,1.09,1.03,47315000.0,49829000.0,191246000.0,,113940000.0,,4230000.0,,,401940000.0,,54665000.0,39055000.0,46280000.0,3747000.0,565031000.0,6027000.0,31665000.0,2282000.0,84068000.0,113000.0,3478000.0,0.0,31672000.0,119331000.0,,-10774000.0,445700000.0,565031000.0,14650000.0,16524000.0,275000.0,18126000.0,,,,-264000.0,-2067000.0,,56169000.0,,,,,26498000.0,8164000.0,,1316000.0,-38408000.0,,2551000.0,9359000.0,22039000.0,
2014-12-31,730027000.0,456530000.0,,,163666000.0,,86183000.0,,86953000.0,17312000.0,69641000.0,1.48,1.4,47189000.0,49734000.0,220534000.0,,124483000.0,,8424000.0,,409000.0,415087000.0,,55134000.0,57417000.0,47689000.0,3368000.0,594026000.0,4641000.0,32203000.0,3220000.0,125413000.0,0.0,4563000.0,0.0,,129976000.0,,-22054000.0,464050000.0,594026000.0,17483000.0,24620000.0,-3270000.0,30410000.0,,,,-2603000.0,-1514000.0,,104874000.0,,,,,37093000.0,11916000.0,,1740000.0,-52929000.0,,3776000.0,10347000.0,51327000.0,
2015-03-31,200045000.0,125887000.0,,,46938000.0,,22820000.0,,18224000.0,3510000.0,14714000.0,0.31,0.29,47886000.0,51000000.0,192363000.0,,104714000.0,,1817000.0,,,433815000.0,,55115000.0,56346000.0,45091000.0,3794000.0,609534000.0,13366000.0,20579000.0,3061000.0,117597000.0,,4106000.0,,,121703000.0,,-24784000.0,487831000.0,609534000.0,4200000.0,9134000.0,95000.0,-15262000.0,,,,9669000.0,-9000.0,,6871000.0,,,,,30000.0,1873000.0,,266000.0,-33882000.0,,436000.0,1490000.0,-28171000.0,
2015-06-30,417826000.0,260143000.0,,,102914000.0,,46426000.0,,42664000.0,8719000.0,33945000.0,0.7,0.66,48584000.0,51917000.0,175717000.0,,134941000.0,,1831000.0,,,456966000.0,,58446000.0,62207000.0,37820000.0,3561000.0,636493000.0,11993000.0,26841000.0,2615000.0,90001000.0,,2432000.0,,,92433000.0,,-21110000.0,544060000.0,636493000.0,8103000.0,21387000.0,372000.0,13209000.0,,,,7743000.0,-459000.0,,9034000.0,,,,,30000.0,5342000.0,,919000.0,-39479000.0,,2382000.0,-13937000.0,-44817000.0,
2015-09-30,653875000.0,408622000.0,,,158345000.0,,74202000.0,,71337000.0,14519000.0,56818000.0,1.17,1.1,49043000.0,52344000.0,214443000.0,,125683000.0,,2109000.0,,,500060000.0,,60552000.0,84229000.0,37176000.0,3341000.0,703728000.0,12061000.0,42487000.0,2345000.0,112368000.0,,3492000.0,,,130860000.0,,-29451000.0,572868000.0,703728000.0,12496000.0,33350000.0,535000.0,3575000.0,,,,8128000.0,-607000.0,,64554000.0,,,,,27654000.0,9533000.0,,1993000.0,-73175000.0,,3118000.0,5451000.0,-6091000.0,
2015-12-31,914128000.0,566913000.0,,,222759000.0,,105967000.0,,106070000.0,21614000.0,84456000.0,1.73,1.62,48721000.0,51986000.0,199449000.0,,174617000.0,,27392000.0,,1697000.0,528935000.0,,60499000.0,115930000.0,46860000.0,4113000.0,778536000.0,2576000.0,60384000.0,3047000.0,127911000.0,,2402000.0,,,165313000.0,,-35150000.0,613223000.0,778536000.0,17395000.0,45833000.0,-15328000.0,47694000.0,,,,-2781000.0,-869000.0,,76393000.0,,,,,76908000.0,13272000.0,,2054000.0,-125494000.0,,8363000.0,33764000.0,-21085000.0,
2016-03-31,264482000.0,167381000.0,,,61494000.0,,30331000.0,,30252000.0,6353000.0,23899000.0,0.48,0.45,49714000.0,52883000.0,244877000.0,,157457000.0,,12569000.0,,,552238000.0,,64294000.0,118615000.0,45765000.0,5035000.0,807865000.0,3562000.0,28646000.0,3099000.0,107544000.0,,2583000.0,,,150243000.0,,-30451000.0,657622000.0,807865000.0,5102000.0,10964000.0,-482000.0,-16993000.0,,,,671000.0,-55000.0,,10861000.0,,,,,0.0,6185000.0,,0.0,23420000.0,,2040000.0,9789000.0,45428000.0,
2016-06-30,548314000.0,348163000.0,,,125735000.0,,62411000.0,,61175000.0,12846000.0,48329000.0,0.97,0.92,50211000.0,53271000.0,280724000.0,,178796000.0,,0.0,,,573522000.0,,66751000.0,110668000.0,55962000.0,7270000.0,843888000.0,3005000.0,29557000.0,3356000.0,92014000.0,,2819000.0,,,134921000.0,,-32837000.0,708967000.0,843888000.0,11225000.0,23694000.0,69000.0,5466000.0,,,,461000.0,67000.0,,49354000.0,,,,,2515000.0,13589000.0,,941000.0,11818000.0,,4350000.0,19743000.0,81275000.0,
2016-09-30,846607000.0,538960000.0,,,193226000.0,,96313000.0,,94416000.0,19913000.0,74503000.0,1.48,1.4,51131000.0,53864000.0,330627000.0,,187833000.0,,0.0,,,635723000.0,,70284000.0,111722000.0,53867000.0,7486000.0,909199000.0,4661000.0,34856000.0,3685000.0,122430000.0,,3327000.0,,268000.0,159087000.0,,-32479000.0,750112000.0,909199000.0,17150000.0,37520000.0,-11000.0,14801000.0,,,,2011000.0,540000.0,,111166000.0,,,,,4499000.0,19981000.0,,1361000.0,3110000.0,,4769000.0,16398000.0,131178000.0,
2016-12-31,1160132000.0,737186000.0,,,264658000.0,,133696000.0,,126466000.0,27200000.0,99266000.0,1.97,1.87,50309000.0,53215000.0,362025000.0,,199982000.0,,28027000.0,,591000.0,646551000.0,,73616000.0,109289000.0,51260000.0,10599000.0,925811000.0,3213000.0,,,116219000.0,,2979000.0,,3132000.0,144399000.0,,-37688000.0,781412000.0,925811000.0,23387000.0,49244000.0,-3304000.0,30612000.0,,,,741000.0,,,164817000.0,,,,,5500000.0,29317000.0,,-56000.0,-9322000.0,,5264000.0,10467000.0,162576000.0,
2017-03-31,324651000.0,207730000.0,,,78453000.0,,30966000.0,,28595000.0,4954000.0,23641000.0,0.46,0.44,50958000.0,53889000.0,398419000.0,,176686000.0,,,,,708010000.0,,75962000.0,110291000.0,49668000.0,10625000.0,986987000.0,3256000.0,32451000.0,,122891000.0,,,,3954000.0,151885000.0,,-31302000.0,835102000.0,986987000.0,6672000.0,15776000.0,2595000.0,-24635000.0,,,,77000.0,,,31228000.0,,,,,,5725000.0,,-37000.0,-5644000.0,,0.0,7882000.0,36394000.0,
2017-06-30,673628000.0,427862000.0,,,158872000.0,,71648000.0,,71641000.0,10641000.0,61000000.0,1.19,1.12,51899000.0,54848000.0,443501000.0,,208273000.0,,,,,788481000.0,,77115000.0,116239000.0,49998000.0,11546000.0,1079383000.0,4253000.0,47822000.0,,130220000.0,,,,4424000.0,159677000.0,,-26751000.0,919706000.0,1079383000.0,13692000.0,28703000.0,-766000.0,4630000.0,,,,518000.0,,,59096000.0,,,,,6840000.0,11441000.0,,190000.0,-17574000.0,,0.0,34132000.0,81476000.0,
2017-09-30,1051151000.0,667231000.0,,,240062000.0,,120896000.0,,122228000.0,18594000.0,103634000.0,2.0,1.9,52545000.0,55229000.0,512493000.0,,230119000.0,,,,,883742000.0,,77935000.0,119452000.0,46238000.0,12599000.0,1173006000.0,5592000.0,71842000.0,,158984000.0,,,,3836000.0,187861000.0,,-21048000.0,985145000.0,1173006000.0,20866000.0,39920000.0,1386000.0,24396000.0,,,,1885000.0,,,123980000.0,,,,,6840000.0,16881000.0,,1304000.0,-24014000.0,,0.0,40216000.0,150468000.0,
2017-12-31,1450448000.0,921352000.0,,,324855000.0,,172946000.0,,174305000.0,101545000.0,72760000.0,1.4,1.32,52077011.0,54984173.0,582585000.0,,265639000.0,,16171000.0,,5085000.0,960033000.0,,86419000.0,119531000.0,44511000.0,12691000.0,1250256000.0,5574000.0,,,180967000.0,,,59874000.0,9435000.0,275309000.0,,-17623000.0,974947000.0,1250256000.0,28562000.0,52407000.0,12561000.0,58745000.0,,,,1221000.0,,,195364000.0,,,,,6840000.0,29806000.0,,1452000.0,-36173000.0,,0.0,49746000.0,220560000.0,
2018-03-31,424148000.0,277634000.0,,,87777000.0,,48697000.0,,47899000.0,-16519000.0,64418000.0,1.21,1.15,53078529.0,56241000.0,535857000.0,,262295000.0,,,,,970180000.0,,96825000.0,150337000.0,59500000.0,16507000.0,1343402000.0,8474000.0,56701000.0,,179908000.0,,,62031000.0,21090000.0,288054000.0,,-14245000.0,1055348000.0,1343402000.0,8176000.0,16596000.0,-23290000.0,-12475000.0,,,,2520000.0,,,7330000.0,,,,,50264000.0,10711000.0,,18000.0,-60164000.0,,,4016000.0,-45778000.0,
2018-06-30,869795000.0,566809000.0,,,179620000.0,,102934000.0,,105018000.0,-9655000.0,114673000.0,2.15,2.03,53517124.0,56587009.0,584081000.0,,283001000.0,,,,,1024519000.0,,98450000.0,144667000.0,55201000.0,12884000.0,1392195000.0,6727000.0,72443000.0,,181411000.0,,,56540000.0,16421000.0,279392000.0,,-32155000.0,1112803000.0,1392195000.0,17138000.0,31406000.0,-27581000.0,15051000.0,,,,1008000.0,,,66789000.0,,,,,50264000.0,19303000.0,,-130000.0,-68314000.0,,,11591000.0,2421000.0,
2018-09-30,1337981000.0,867890000.0,,,272110000.0,,167494000.0,,171005000.0,-9286000.0,180291000.0,3.37,3.19,53851865.0,56962867.0,685108000.0,,282276000.0,,,,,1129002000.0,,99465000.0,144987000.0,52669000.0,14498000.0,1503982000.0,8422000.0,98442000.0,,220973000.0,,,50242000.0,11804000.0,308047000.0,,-34347000.0,1195935000.0,1503982000.0,26457000.0,46736000.0,-36372000.0,16258000.0,,,,1574000.0,,,169088000.0,,,,,50264000.0,27465000.0,,1471000.0,-77833000.0,,,20851000.0,103446000.0,
2018-12-31,1842912000.0,1186921000.0,,,373587000.0,,245764000.0,,249773000.0,9517000.0,240256000.0,4.48,4.24,53623000.0,56673000.0,770560000.0,,297685000.0,,67033000.0,,,1199068000.0,,102646000.0,166832000.0,57065000.0,16208000.0,1611802000.0,7444000.0,127937000.0,,262829000.0,,,43685000.0,17661000.0,349206000.0,,-41514000.0,1262596000.0,1611802000.0,36640000.0,59188000.0,-48000000.0,31005000.0,,,,-772000.0,,,292218000.0,,,,,74268000.0,37574000.0,,699000.0,-112123000.0,,0.0,23001000.0,188856000.0,
2019-03-31,521333000.0,344689000.0,,,101786000.0,,64658000.0,,64250000.0,3496000.0,60754000.0,1.12,1.06,54245133.0,57236427.0,762529000.0,,307202000.0,,,,,1244747000.0,,105805000.0,167707000.0,50087000.0,20653000.0,1831435000.0,4397000.0,72793000.0,,282566000.0,,,43679000.0,14030000.0,493210000.0,,-35471000.0,1338225000.0,1831435000.0,10200000.0,21856000.0,846000.0,8820000.0,,,,-2488000.0,,,-202000.0,,,,,0.0,13424000.0,,5136000.0,-18560000.0,,,10181000.0,-8033000.0,
2019-06-30,1072920000.0,700604000.0,,,213548000.0,,137540000.0,,134760000.0,15229000.0,119531000.0,2.19,2.08,54681959.0,57614284.0,777365000.0,,343864000.0,,,,,1285823000.0,,111175000.0,179214000.0,53821000.0,21237000.0,1931451000.0,6043000.0,96026000.0,,272614000.0,,,43650000.0,9803000.0,509204000.0,,-31314000.0,1422247000.0,1931451000.0,21228000.0,37553000.0,-1193000.0,44582000.0,,,,-2069000.0,,,43827000.0,,,,,16240000.0,25025000.0,,6180000.0,-47445000.0,,,8208000.0,6838000.0,
2019-09-30,1661023000.0,1078129000.0,,,332434000.0,,218105000.0,,214729000.0,28196000.0,186533000.0,3.42,3.24,54877666.0,57844355.0,853241000.0,,339112000.0,,,,,1364692000.0,,115321000.0,186299000.0,56537000.0,35098000.0,2040163000.0,6896000.0,128639000.0,,311470000.0,,,43738000.0,13858000.0,548046000.0,,-43591000.0,1492117000.0,2040163000.0,32355000.0,53024000.0,-3105000.0,40753000.0,,,,-1844000.0,,,162866000.0,,,,,28655000.0,52295000.0,,6632000.0,-87582000.0,,,13147000.0,82678000.0,
2019-12-31,2293798000.0,1488198000.0,,,457433000.0,,302850000.0,,299526000.0,38469000.0,261057000.0,4.77,4.53,54719414.0,57667789.0,936552000.0,,,,70485000.0,,,1474211000.0,,165259000.0,195043000.0,56258000.0,39433000.0,2244208000.0,7831000.0,,,386948000.0,,,45878000.0,9315000.0,648063000.0,,-31374000.0,1596145000.0,2244208000.0,45317000.0,72036000.0,-7764000.0,87174000.0,,,,-1685000.0,,,287453000.0,,,,,39322000.0,99308000.0,,6739000.0,-145369000.0,,,20363000.0,165977000.0,65306000.0
2020-03-31,651359000.0,423802000.0,,,125108000.0,,87509000.0,,96419000.0,10854000.0,85565000.0,1.55,1.47,55286747.0,58142570.0,916253000.0,,,,,,,1507737000.0,,164671000.0,198534000.0,58676000.0,59548000.0,2311881000.0,5232000.0,,,389321000.0,,,45847000.0,14873000.0,664399000.0,,-69261000.0,1647482000.0,2311881000.0,14940000.0,11881000.0,8288000.0,,,,,-2407000.0,,,63255000.0,,,,20000000.0,10339000.0,29075000.0,,71000.0,-59485000.0,,,-2046000.0,-20285000.0,
2020-06-30,1283742000.0,843342000.0,,,239299000.0,,170935000.0,,172495000.0,20306000.0,152189000.0,2.74,2.62,55700706.0,58246231.0,993724000.0,,,,,,,1598336000.0,,167359000.0,199039000.0,55887000.0,55647000.0,2389130000.0,7596000.0,,,365580000.0,,,43391000.0,20316000.0,636036000.0,,-50373000.0,1753094000.0,2389130000.0,,31320000.0,2971000.0,,,,,633000.0,,,209411000.0,,,,60000000.0,12573000.0,40524000.0,,-26000.0,-133571000.0,,,-6648000.0,57193000.0,
2020-09-30,1935985000.0,1266730000.0,,,355829000.0,,267331000.0,,276459000.0,34838000.0,241621000.0,4.34,4.14,55883879.0,58616106.0,1161065000.0,,,,,,,1752222000.0,,163689000.0,207764000.0,54321000.0,54578000.0,2555425000.0,10785000.0,,,414831000.0,,,43259000.0,28127000.0,695191000.0,,-50672000.0,1860234000.0,2555425000.0,,54794000.0,-4546000.0,,,,,1836000.0,,,384975000.0,,,,60000000.0,18888000.0,50311000.0,,-452000.0,-149247000.0,,,-1083000.0,224535000.0,
2020-12-31,2659478000.0,1732522000.0,,,484758000.0,,379324000.0,,378479000.0,51319000.0,327160000.0,5.87,5.6,55727000.0,58446000.0,1322143000.0,,,,89139000.0,,,1912782000.0,,169533000.0,211956000.0,51975000.0,53960000.0,2721332000.0,10189000.0,,,465950000.0,,,43448000.0,23274000.0,738314000.0,,-25512000.0,1983018000.0,2721332000.0,,75238000.0,-19994000.0,-4235000.0,,,,2428000.0,,,544407000.0,,,,120000000.0,18888000.0,68793000.0,,-1018000.0,-167154000.0,,,-765000.0,385845000.0,54520000.0
2021-03-31,780775000.0,519328000.0,,,136389000.0,,107251000.0,,114924000.0,5878000.0,109046000.0,1.94,1.86,56170000.0,58778000.0,1372829000.0,,,,,,,2004718000.0,,164749000.0,210881000.0,48547000.0,54108000.0,2780541000.0,7168000.0,,,463761000.0,,,43925000.0,21879000.0,716602000.0,,-40750000.0,2063939000.0,2780541000.0,,24553000.0,6692000.0,,,,,-3166000.0,,,12827000.0,,,,,0.0,11186000.0,,-691000.0,48461000.0,,,1329000.0,50761000.0,
2021-06-30,1662141000.0,1103056000.0,,,288299000.0,,232525000.0,,238085000.0,14368000.0,223717000.0,3.97,3.8,56463000.0,59011000.0,1283233000.0,,,,,,,2038018000.0,,173545000.0,335477000.0,65130000.0,56758000.0,2961615000.0,9712000.0,,,522948000.0,,,41012000.0,32973000.0,748947000.0,,-29073000.0,2212668000.0,2961615000.0,,48451000.0,1176000.0,,,,,-3948000.0,,,81663000.0,,,,,121252000.0,33773000.0,,-179000.0,-97390000.0,,,-18996000.0,-38484000.0,
2021-09-30,2650680000.0,1756430000.0,,,457797000.0,,376649000.0,,373443000.0,34070000.0,339373000.0,6.01,5.75,56649000.0,59203000.0,1266614000.0,,,,,,,2092194000.0,,176881000.0,386508000.0,74576000.0,56935000.0,3242233000.0,8086000.0,,,632547000.0,,,42193000.0,53794000.0,903114000.0,,-41901000.0,2339119000.0,3242233000.0,,77638000.0,-6948000.0,,,,,-6468000.0,,,287713000.0,,,,,160964000.0,54884000.0,,100000.0,-158492000.0,,,-14498000.0,102032000.0,
2021-12-31,3758144000.0,2483697000.0,,,648736000.0,,542316000.0,,533392000.0,51740000.0,481652000.0,8.52,8.15,56511000.0,59064000.0,1446625000.0,,,,125613000.0,,,2269480000.0,,236214000.0,530723000.0,101143000.0,56898000.0,3523227000.0,24847000.0,,,763420000.0,,,42454000.0,48480000.0,1027390000.0,,-54207000.0,2487117000.0,3523227000.0,,111655000.0,-46900000.0,,,,,-2403000.0,,,572327000.0,,,,,314958000.0,111501000.0,,-79000.0,-368924000.0,,,-59557000.0,125814000.0,87317000.0
2022-03-31,1171614000.0,780836000.0,,,237277000.0,,129242000.0,,106292000.0,16573000.0,89719000.0,1.58,1.52,56915000.0,58941000.0,1276461000.0,,,,,,,2266753000.0,,219639000.0,534136000.0,97569000.0,52657000.0,3507570000.0,19406000.0,,,683252000.0,,,44103000.0,55095000.0,953814000.0,,-86150000.0,2552103000.0,3507570000.0,,7112000.0,-10830000.0,,,,,-4633000.0,,,-51848000.0,,,,,8207000.0,23274000.0,,3082000.0,-34563000.0,,,-9604000.0,-141422000.0,
2022-06-30,2366475000.0,1627159000.0,,,469804000.0,,222262000.0,,114950000.0,-9946000.0,108323000.0,1.9,1.84,57240000.0,59020000.0,1293518000.0,,,,,,,2359678000.0,,211119000.0,521267000.0,89032000.0,50335000.0,3563964000.0,22488000.0,,,684703000.0,,,45441000.0,48702000.0,939958000.0,,-76357000.0,2622353000.0,3563964000.0,,35005000.0,-29405000.0,,,,,725000.0,,,25667000.0,,,,,10621000.0,41426000.0,,11041000.0,-123088000.0,,,-10634000.0,-153716000.0,
2022-09-30,3593395000.0,2453955000.0,,,667825000.0,,402489000.0,,306096000.0,41719000.0,264377000.0,4.62,4.47,57420000.0,59357000.0,1487599000.0,,,,,,,2527986000.0,,209700000.0,505542000.0,79220000.0,50717000.0,3735603000.0,28288000.0,,,727957000.0,,,57375000.0,40729000.0,976959000.0,,-138632000.0,2757166000.0,3735603000.0,,68292000.0,-54851000.0,,,,,8769000.0,,,278035000.0,,,,,10530000.0,60134000.0,,19499000.0,-151788000.0,,,-10066000.0,40305000.0,
2022-12-31,4824698000.0,3286683000.0,,,872777000.0,,572966000.0,,507258000.0,87842000.0,419416000.0,7.32,7.09,57291000.0,59169000.0,1681344000.0,,,,160029000.0,,,2759625000.0,,273348000.0,529072000.0,77652000.0,47877000.0,4009151000.0,30852000.0,,,747483000.0,,,,108648000.0,1006141000.0,,-95321000.0,3001532000.0,4009151000.0,,99909000.0,-42164000.0,,,,,-2934000.0,,,464104000.0,,,,,10644000.0,81629000.0,,29029000.0,-182927000.0,,,-2021000.0,234289000.0,113188000.0
2023-03-31,1210941000.0,855901000.0,,,211887000.0,,120371000.0,,127284000.0,24992000.0,102292000.0,1.77,1.73,57702000.0,59298000.0,1749422000.0,,,,,,,2830789000.0,,267067000.0,533730000.0,73113000.0,52177000.0,4071345000.0,28857000.0,,,682858000.0,,,,111879000.0,940903000.0,,-77960000.0,3128964000.0,4071345000.0,,38579000.0,823000.0,,,,,1494000.0,,,87334000.0,,,,,0.0,7913000.0,,7898000.0,-17717000.0,,,-15318000.0,68369000.0,
2023-06-30,2381147000.0,1664616000.0,,,406264000.0,,264717000.0,,277330000.0,55005000.0,222325000.0,3.84,3.75,57993000.0,59240000.0,1776919000.0,,,,,,,2871974000.0,,255772000.0,534489000.0,68132000.0,53015000.0,4093697000.0,27289000.0,,,584065000.0,,,,104451000.0,830357000.0,,-72085000.0,3262761000.0,4093697000.0,,71689000.0,4603000.0,,,,,1784000.0,,,176386000.0,,,,,0.0,14796000.0,,7943000.0,-35510000.0,,,-62831000.0,95141000.0,
2023-09-30,3533283000.0,2458881000.0,,,601093000.0,,378745000.0,,409182000.0,89653000.0,319529000.0,5.52,5.4,57853000.0,59143000.0,1872977000.0,,,,,,,2925288000.0,,239654000.0,548177000.0,69730000.0,55588000.0,4162272000.0,25415000.0,,,613578000.0,,,,112844000.0,862254000.0,,-91630000.0,3299439000.0,4162272000.0,,109536000.0,-11760000.0,,,,,837000.0,,,391265000.0,,,,,13997000.0,18420000.0,,8204000.0,-46071000.0,,,-143417000.0,196145000.0,
2023-12-31,4690540000.0,3256514000.0,,,815065000.0,,501239000.0,,536585000.0,119502000.0,417083000.0,7.21,7.06,57829000.0,59085000.0,2036235000.0,,,,189158000.0,,,3091361000.0,,235053000.0,562459000.0,71118000.0,59575000.0,4352365000.0,31992000.0,,,644932000.0,,,,100576000.0,880895000.0,,-39040000.0,3470891000.0,4352365000.0,,147730000.0,-37194000.0,,,,,154000.0,,,562634000.0,,,,,24817000.0,28415000.0,,7767000.0,-66768000.0,,,-165773000.0,359472000.0,177426000.0
2024-03-31,1165465000.0,834334000.0,,,198453000.0,,110532000.0,,123655000.0,7412000.0,116243000.0,2.01,1.97,57837000.0,58931000.0,1983721000.0,,,,,,,3083153000.0,,222244000.0,595220000.0,80756000.0,59976000.0,4374577000.0,27247000.0,,,658530000.0,,,,104207000.0,898892000.0,,-61352000.0,3475110000.0,4374577000.0,,44791000.0,1866000.0,,,,,-5483000.0,,,129920000.0,,,,,44139000.0,6749000.0,,-1005000.0,-50990000.0,,,-112081000.0,-52711000.0,
2024-06-30,2312062000.0,1645191000.0,,,392511000.0,,231093000.0,,257465000.0,42577000.0,214888000.0,3.72,3.67,57716000.0,58540000.0,1787182000.0,,,,,,,2915643000.0,,210378000.0,608072000.0,78241000.0,67968000.0,4223329000.0,30954000.0,,,602458000.0,,,,93757000.0,825370000.0,,-69423000.0,3397377000.0,4223329000.0,,80475000.0,-12011000.0,,,,,-2354000.0,,,186947000.0,,,,,56706000.0,11453000.0,,-936000.0,-73836000.0,,,-338161000.0,-251497000.0,
2024-09-30,3479589000.0,2409183000.0,,,599331000.0,,408072000.0,,447081000.0,95847000.0,351234000.0,6.11,6.04,57445000.0,58166000.0,2036394000.0,,,,,,,3106856000.0,,207502000.0,621903000.0,74494000.0,98193000.0,4457197000.0,30774000.0,,,681046000.0,,,,93640000.0,902568000.0,,-40517000.0,3554047000.0,4457197000.0,,122599000.0,-24888000.0,,,,,-4611000.0,,,428909000.0,,,,,57065000.0,16419000.0,,-1674000.0,-39100000.0,,,-391667000.0,-2401000.0,
,,,,,,,,,,,,,,,,,,,,,,,,,,,,,,,,,,,,,,,,,,,,,,,,,,,,,,,,,,,,,,,,,,,
