Date,Net sales,Cost of sales,Gross margin,Research and development,"Selling, general and administrative",Total operating expenses,Operating income,"Other income/(expense), net",Income before provision for income taxes,Provision for income taxes,Net income,Earnings per share basic,Earnings per share diluted,Weighted-average basic,Weighted-average diluted,Cash and cash equivalents,Short-term marketable securities,"Accounts receivable, net",Inventories,Deferred tax assets,Vendor non-trade receivables,Other current assets,Total current assets,Long-term marketable securities,"Property, Plant and Equipment, Net",Goodwill,"Acquired intangible assets, net","Other Assets, Noncurrent",Total assets,accounts payable,Accrued expenses,Deferred revenue,Total current liabilities,Deferred revenue - non-current,deferred tax liabilities,long term taxes payable,Total other non-current liabilities,Total liabilities,Retained Earnings (Accumulated Deficit),Accumulated other comprehensive (loss)/income,Total shareholders equity,Total liabilities and shareholders' equity,"Depreciation, amortization and accretion",Stock-based compensation expense,Deferred income tax expense,"Increase (Decrease) in Accounts receivable, net",Increase (Decrease) in Inventories,Increase (Decrease) in Other Receivables,Increase (Decrease) in Other Operating Assets,Increase (Decrease) in Accounts Payable,Increase (Decrease) in Deferred Revenue,Increase (Decrease) Other liabilities,Cash generated by operating activities,Purchases of marketable securities,Proceeds from maturities of marketable securities,Proceeds from sales of marketable securities,Purchases of other long-term investments,"Business acquisitions, net of cash acquired",Cash payments for capital asset purchases,Payments for acquisition of intangible assets,Payments for (Proceeds from) Other Investing Activities,Cash used in investing activities,Proceeds from issuance of common stock,Excess tax benefits from stock-based compensation,Cash generated/used in financing activities,Increase/(decrease) in cash and cash equivalents,"Cash paid for income taxes, net"
2010-06-30,544743000.0,295632000.0,,,,456534000.0,88209000.0,,23044000.0,11119000.0,11925000.0,0.29,0.28,43507000.0,43507000.0,511342000.0,,106255000.0,,,,64527000.0,888235000.0,,2400809000.0,760087000.0,157340000.0,71240000.0,4282208000.0,,45531000.0,,299569000.0,,,,203017000.0,2532011000.0,-374055000.0,-164610000.0,1750197000.0,4282208000.0,,33070000.0,,31757000.0,,,-7957000.0,,,-19184000.0,156718000.0,,,,,113289000.0,292105000.0,,,-359012000.0,,,377563000.0,165286000.0,
2010-09-30,875090000.0,481108000.0,,,,734855000.0,140235000.0,,38877000.0,15756000.0,23121000.0,0.54,0.52,45745000.0,46735000.0,389149000.0,,115616000.0,,,,64067000.0,891811000.0,,2582890000.0,778258000.0,155601000.0,69108000.0,4480891000.0,,49818000.0,,311025000.0,,,,214442000.0,2626918000.0,-362859000.0,-103321000.0,1853973000.0,4480891000.0,,50020000.0,,38486000.0,,,-12717000.0,,,-13510000.0,269981000.0,,,,,,436046000.0,,,-618507000.0,,,395675000.0,43093000.0,
2010-12-31,1220334000.0,674667000.0,,,,1025623000.0,194711000.0,,49880000.0,12999000.0,36881000.0,0.84,0.82,43742000.0,44810000.0,442841000.0,,116358000.0,,38696000.0,,32961000.0,778048000.0,,2650953000.0,774365000.0,150945000.0,73937000.0,4448009000.0,,52628000.0,,318115000.0,,103717000.0,,125043000.0,2567494000.0,-349099000.0,-112018000.0,1880515000.0,4448009000.0,,67489000.0,,39886000.0,,,11865000.0,,,-4244000.0,392872000.0,,,,,,14861000.0,,,-600969000.0,,,309686000.0,96785000.0,
2011-03-31,363029000.0,194576000.0,,,,291724000.0,71305000.0,,36270000.0,11125000.0,25145000.0,0.54,0.53,46451000.0,47219000.0,304466000.0,,114207000.0,,,,126277000.0,694990000.0,,2881126000.0,789876000.0,148874000.0,135502000.0,4652513000.0,,55574000.0,,343274000.0,,,,225987000.0,2665116000.0,-323954000.0,-61356000.0,1987397000.0,4652513000.0,,15535000.0,,-3099000.0,,,4279000.0,,,3008000.0,117770000.0,,,,,,14951000.0,,-5000.0,-286389000.0,,,26126000.0,-138375000.0,
2011-06-30,757929000.0,410148000.0,,,,611758000.0,146171000.0,,75112000.0,19234000.0,55875000.0,1.2,1.18,46924000.0,50664000.0,297872000.0,,140316000.0,,22093000.0,,116654000.0,649088000.0,,3085202000.0,897461000.0,163771000.0,142709000.0,4969191000.0,21202000.0,59006000.0,34229000.0,620451000.0,,95671000.0,,238684000.0,2835942000.0,-293224000.0,-41679000.0,2064199000.0,4969191000.0,163557000.0,33853000.0,,16310000.0,,,2693000.0,,,10118000.0,258118000.0,,,,,,,,-5000.0,-496126000.0,,,87964000.0,-144969000.0,
2011-09-30,1175530000.0,638301000.0,,,,951243000.0,224287000.0,,101099000.0,24582000.0,76194000.0,1.4,1.37,47202000.0,47943000.0,370523000.0,,144185000.0,,20274000.0,,115344000.0,1330298000.0,,3122094000.0,867280000.0,153505000.0,158091000.0,5730687000.0,21521000.0,55687000.0,34913000.0,656156000.0,,93678000.0,16020000.0,253300000.0,3639808000.0,-272905000.0,-120416000.0,2024507000.0,5730687000.0,254303000.0,53060000.0,,26299000.0,,,7217000.0,,,24099000.0,399988000.0,,,,,,,,-10000.0,-1304819000.0,,,832111000.0,-72318000.0,
2011-12-31,1606842000.0,867641000.0,,,,1299679000.0,307163000.0,,130961000.0,38351000.0,94004000.0,1.76,1.72,46956000.0,47898000.0,278823000.0,,139057000.0,,-58666000.0,,182156000.0,1235757000.0,,3225912000.0,866495000.0,148635000.0,146724000.0,5785324000.0,23268000.0,57690000.0,2918000.0,725254000.0,5472000.0,117995000.0,22226000.0,286424000.0,3765511000.0,-255095000.0,-143698000.0,1952212000.0,5785324000.0,347674000.0,71532000.0,10616000.0,23061000.0,,,30492000.0,,,36612000.0,587609000.0,,,,,,,,-10000.0,-1499444000.0,,,748728000.0,-164018000.0,
2012-03-31,452200000.0,225079000.0,,,,351102000.0,101098000.0,,48817000.0,14006000.0,34523000.0,0.74,0.71,46955000.0,51061000.0,632944000.0,,158561000.0,,37370000.0,,98608000.0,1174023000.0,,3387369000.0,879914000.0,145350000.0,131252000.0,5884345000.0,26423000.0,61521000.0,5656000.0,718083000.0,4123000.0,118911000.0,22845000.0,291060000.0,3754795000.0,-220572000.0,-110367000.0,2060479000.0,5884345000.0,92804000.0,19103000.0,,19677000.0,,,-17567000.0,,,3040000.0,125993000.0,,,,,,145490000.0,,,269433000.0,,,-43950000.0,354121000.0,
2012-06-30,918464000.0,458271000.0,,,,714700000.0,203764000.0,,103815000.0,31364000.0,70970000.0,1.49,1.44,48016000.0,52351000.0,654096000.0,,169812000.0,,28026000.0,,70219000.0,1009592000.0,,3525839000.0,863187000.0,138199000.0,134411000.0,5724688000.0,27517000.0,60698000.0,5111000.0,491159000.0,4091000.0,117459000.0,18853000.0,282350000.0,3581213000.0,-184125000.0,-155777000.0,2067621000.0,5724688000.0,188496000.0,39652000.0,,34541000.0,,,-31747000.0,,,1943000.0,320775000.0,,,,,,341974000.0,,,363313000.0,,,-308666000.0,375273000.0,
2012-09-30,1389224000.0,693874000.0,,,,1090513000.0,298711000.0,,144912000.0,44489000.0,99808000.0,2.09,2.03,48361000.0,52655000.0,239687000.0,,181973000.0,,25150000.0,,69748000.0,725186000.0,,3791063000.0,1043284000.0,200648000.0,115427000.0,5990970000.0,26387000.0,69488000.0,9063000.0,612459000.0,4141000.0,6643000.0,19963000.0,174327000.0,3679130000.0,-155287000.0,-113642000.0,2233649000.0,5990970000.0,286003000.0,62234000.0,,46900000.0,,,-31020000.0,,,-19007000.0,422927000.0,,,,,,554092000.0,,,-233546000.0,,53174000.0,-234969000.0,-39136000.0,
2012-12-31,1895744000.0,943995000.0,,,,1494991000.0,400753000.0,,196479000.0,61783000.0,144666000.0,3.01,2.92,48004000.0,51816000.0,252213000.0,,163840000.0,,-38642000.0,,57206000.0,639751000.0,,3918999000.0,1042564000.0,201562000.0,202269000.0,6132964000.0,27659000.0,139561000.0,8910000.0,539289000.0,5381000.0,62292000.0,19373000.0,230843000.0,3713513000.0,-110429000.0,-101042000.0,2335273000.0,6132964000.0,389499000.0,84158000.0,44337000.0,26601000.0,,,-1334000.0,,,6796000.0,632026000.0,,,,,,24656000.0,,,-442873000.0,,72631000.0,-222721000.0,-26610000.0,
2013-03-31,519455000.0,259268000.0,,,,410891000.0,108564000.0,,48521000.0,12198000.0,35882000.0,0.73,0.71,49029000.0,53480000.0,685019000.0,,185163000.0,,8107000.0,,58908000.0,2005857000.0,,3890190000.0,1018777000.0,191935000.0,212423000.0,7612933000.0,28812000.0,139018000.0,9422000.0,1265710000.0,4815000.0,25320000.0,22843000.0,197966000.0,5173781000.0,-74547000.0,-174267000.0,2342261000.0,7612933000.0,108531000.0,22703000.0,,24663000.0,,,20222000.0,,,1266000.0,84181000.0,,,,,,75667000.0,,107000.0,-1142540000.0,,18990000.0,1496760000.0,432806000.0,
2013-06-30,1045124000.0,526961000.0,,,,824383000.0,220741000.0,,-38741000.0,-10612000.0,-28658000.0,-0.58,-0.58,49379000.0,49976000.0,517496000.0,,201336000.0,,8107000.0,,55317000.0,1097609000.0,,4103344000.0,1012102000.0,184740000.0,304083000.0,7077849000.0,34223000.0,122871000.0,7620000.0,607535000.0,4689000.0,60752000.0,21173000.0,245768000.0,4669360000.0,-103205000.0,-200082000.0,2311875000.0,7077849000.0,218648000.0,46897000.0,,43761000.0,,,18036000.0,,,9749000.0,231340000.0,,74796000.0,140450000.0,,,201490000.0,,107000.0,-604993000.0,,22421000.0,646726000.0,265283000.0,
2013-09-30,1588089000.0,794660000.0,,,,1252146000.0,335943000.0,,64939000.0,14189000.0,49498000.0,1.0,0.99,49555000.0,53581000.0,399742000.0,,199644000.0,,1906000.0,,59350000.0,1004774000.0,,4381020000.0,1036179000.0,182345000.0,342531000.0,7389044000.0,28483000.0,134458000.0,6723000.0,582225000.0,3814000.0,61680000.0,,263352000.0,4834989000.0,-81630000.0,-121731000.0,2452996000.0,7389044000.0,324326000.0,75310000.0,,40292000.0,,,21046000.0,,,12398000.0,437902000.0,,139674000.0,176971000.0,,,444495000.0,,,-935951000.0,,27372000.0,645548000.0,147529000.0,
2013-12-31,2152766000.0,1064403000.0,,,,1691834000.0,460932000.0,,112279000.0,16156000.0,94685000.0,1.92,1.89,49438000.0,50116000.0,261894000.0,,184840000.0,,95601000.0,,72118000.0,888660000.0,,4591650000.0,1042153000.0,,387324000.0,7492359000.0,30291000.0,147958000.0,5007000.0,546504000.0,2082000.0,69812000.0,27052000.0,274955000.0,4909393000.0,-36443000.0,-113767000.0,2459064000.0,7492359000.0,431008000.0,102940000.0,-128516000.0,27956000.0,,,36853000.0,,,21266000.0,604608000.0,,,,,,74332000.0,,,-1169313000.0,,27330000.0,574907000.0,9681000.0,
2014-03-31,580053000.0,287525000.0,,,,458441000.0,121612000.0,,54904000.0,13567000.0,41387000.0,0.83,0.81,49598000.0,53386000.0,495174000.0,,213560000.0,,7442000.0,,54910000.0,1086018000.0,,4766297000.0,1047578000.0,,429615000.0,7730598000.0,34363000.0,149343000.0,5559000.0,595156000.0,2048000.0,69835000.0,28344000.0,284108000.0,5086633000.0,4944000.0,-99825000.0,2517006000.0,7730598000.0,113610000.0,24981000.0,,28995000.0,,,-18292000.0,,,7729000.0,171718000.0,,,,,,122698000.0,,,98885000.0,,10018000.0,-37282000.0,233280000.0,
2014-06-30,1185214000.0,580384000.0,,,,938905000.0,246309000.0,,62969000.0,11553000.0,52715000.0,1.04,1.04,51332000.0,51652000.0,408334000.0,,237831000.0,,7442000.0,,101044000.0,954534000.0,,4924162000.0,1058363000.0,,443732000.0,7639611000.0,21019000.0,146551000.0,6033000.0,563315000.0,1948000.0,70111000.0,25980000.0,302753000.0,4729396000.0,16272000.0,-77514000.0,2683059000.0,7639611000.0,229684000.0,58811000.0,,53505000.0,,,-10188000.0,,,17349000.0,270682000.0,,,,,16791000.0,282514000.0,,-12000.0,190388000.0,,11632000.0,-316210000.0,146440000.0,
2014-09-30,1805655000.0,884436000.0,,,,1424215000.0,381440000.0,,136511000.0,42134000.0,95556000.0,1.86,1.84,53137000.0,55238000.0,354181000.0,,275264000.0,,7442000.0,,97407000.0,857711000.0,,4983376000.0,1024555000.0,,422808000.0,7462000000.0,42304000.0,147676000.0,3982000.0,668200000.0,1697000.0,67194000.0,24651000.0,290364000.0,4864320000.0,59113000.0,-237480000.0,2597680000.0,7462000000.0,351033000.0,86473000.0,,104394000.0,,,-6128000.0,,,28299000.0,487123000.0,,,,,,438517000.0,,170000.0,184072000.0,,17457000.0,-572449000.0,92287000.0,
2014-12-31,2443776000.0,1197885000.0,,,,1934510000.0,509266000.0,,84733000.0,345459000.0,-259547000.0,-4.96,-4.96,52359000.0,52359000.0,610917000.0,,262570000.0,,6579000.0,,88061000.0,1490943000.0,,4998270000.0,1002129000.0,,178125000.0,7817433000.0,30221000.0,162664000.0,6879000.0,643757000.0,445000.0,69212000.0,24726000.0,304964000.0,5547302000.0,-295990000.0,-332443000.0,2270131000.0,7817433000.0,484129000.0,117990000.0,198927000.0,101966000.0,,,6496000.0,,,38392000.0,689420000.0,,,,,,676994000.0,,,-435839000.0,,19582000.0,107401000.0,349023000.0,
2015-03-31,643174000.0,298313000.0,,,,491725000.0,151449000.0,,82664000.0,6212000.0,76452000.0,1.35,1.34,56661000.0,57227000.0,536709000.0,,277900000.0,,,,102592000.0,1439544000.0,,4990883000.0,984436000.0,,166130000.0,7727694000.0,,141996000.0,,666355000.0,,,,311718000.0,5565965000.0,-219538000.0,-468036000.0,2161729000.0,7727694000.0,122530000.0,30613000.0,,30791000.0,,,-720000.0,,,8213000.0,232811000.0,,,,,10247000.0,198649000.0,,,-199834000.0,,708000.0,-98794000.0,-74208000.0,
2015-06-30,1308756000.0,614070000.0,,,,1018174000.0,290582000.0,,149608000.0,13697000.0,135911000.0,2.39,2.37,56935000.0,57499000.0,336133000.0,,293855000.0,,,,81730000.0,1330118000.0,,5184800000.0,1007739000.0,,157415000.0,7826018000.0,,138332000.0,,817732000.0,,,,331319000.0,5623428000.0,-160079000.0,-423173000.0,2202590000.0,7826018000.0,250800000.0,64606000.0,,41782000.0,,,1574000.0,,,37474000.0,445274000.0,,,,,10247000.0,419991000.0,,,-498376000.0,,931000.0,-218356000.0,-274784000.0,
2015-09-30,1995405000.0,939538000.0,,,,1563940000.0,431465000.0,,202320000.0,25277000.0,177043000.0,3.11,3.08,57082000.0,57708000.0,335469000.0,,293125000.0,,,,120004000.0,1242023000.0,,5218595000.0,983530000.0,,123523000.0,7705666000.0,,118744000.0,,1464114000.0,,,,349821000.0,6217013000.0,-118947000.0,-488012000.0,1488653000.0,7705666000.0,384068000.0,98575000.0,,42002000.0,,,30829000.0,,,57871000.0,659675000.0,,,,,10247000.0,636038000.0,,,-605931000.0,,1663000.0,-319768000.0,-275448000.0,
2015-12-31,2725867000.0,1291506000.0,,,,2158525000.0,567342000.0,,210998000.0,23224000.0,187774000.0,3.25,3.21,57790000.0,58483000.0,2228838000.0,,291964000.0,,29709000.0,,212929000.0,3259280000.0,,5606436000.0,1063200000.0,,188458000.0,10356695000.0,49892000.0,192286000.0,12515000.0,1656354000.0,3645000.0,100624000.0,26763000.0,390413000.0,7611309000.0,-108216000.0,-509059000.0,2745386000.0,10356695000.0,528929000.0,132443000.0,-93202000.0,44583000.0,,,70371000.0,,,126568000.0,894793000.0,,,,,245553000.0,868120000.0,,,-1134927000.0,829496000.0,30000.0,1873182000.0,1617921000.0,
2016-03-31,844156000.0,427680000.0,,,,731468000.0,112688000.0,,-47960000.0,-10633000.0,,-0.46,-0.46,68132000.0,68132000.0,633758000.0,,326440000.0,,,,236466000.0,2168341000.0,,6888232000.0,3336968000.0,,230789000.0,13495835000.0,,171925000.0,,1580195000.0,,,,598416000.0,8676730000.0,-139327000.0,-416554000.0,4819105000.0,13495835000.0,202153000.0,34061000.0,,11312000.0,,,,,,-25785000.0,104270000.0,,,,,1601627000.0,197700000.0,,,-1322787000.0,,,-376368000.0,-1595080000.0,
2016-06-30,1744666000.0,884647000.0,,,,1480323000.0,264343000.0,,53114000.0,13812000.0,44711000.0,0.64,0.64,69729000.0,70364000.0,483160000.0,,346994000.0,,,,233870000.0,2095429000.0,,6958794000.0,3190197000.0,,227976000.0,13269045000.0,,142113000.0,,1559779000.0,,,,606518000.0,8563580000.0,-94616000.0,-643786000.0,4705465000.0,13269045000.0,415872000.0,73384000.0,,42367000.0,,,,,,,383098000.0,,,,,1601627000.0,447567000.0,,,-1575717000.0,,,-546293000.0,-1745678000.0,
2016-09-30,2669342000.0,1354949000.0,,,,2235058000.0,434284000.0,,76701000.0,25957000.0,65050000.0,0.94,0.92,71190000.0,71908000.0,987915000.0,,377528000.0,,,,172370000.0,1660484000.0,,7251399000.0,3118686000.0,,248692000.0,13097557000.0,,149516000.0,,1495566000.0,,,,664076000.0,8473847000.0,-43166000.0,-713769000.0,4623710000.0,13097557000.0,631242000.0,115730000.0,,72807000.0,,,,,,,717270000.0,,,,,1767528000.0,727044000.0,,,-1239697000.0,,1465000.0,-737399000.0,-1240923000.0,
2016-12-31,3611989000.0,1820870000.0,,,,2993250000.0,618739000.0,,159859000.0,45451000.0,126800000.0,1.81,1.79,70117000.0,70816000.0,748476000.0,,396245000.0,,21460000.0,,304331000.0,1467526000.0,,7199210000.0,2986064000.0,,226298000.0,12608371000.0,60211000.0,133140000.0,18704000.0,1028695000.0,2681000.0,274341000.0,56208000.0,623248000.0,8242542000.0,18584000.0,-949142000.0,4365829000.0,12608371000.0,843510000.0,155567000.0,-35339000.0,100230000.0,,,72831000.0,,,-50558000.0,1016580000.0,,,,,1766907000.0,1113365000.0,,,-1592155000.0,0.0,2773000.0,-894292000.0,-1480362000.0,
2017-03-31,949525000.0,468961000.0,,,,782312000.0,167213000.0,,55455000.0,13393000.0,42062000.0,0.58,0.57,72773000.0,73367000.0,4923259000.0,,429990000.0,,,,206026000.0,5574017000.0,,7605829000.0,3053026000.0,,234645000.0,17184684000.0,,133932000.0,,1020068000.0,,,,645409000.0,10666845000.0,61769000.0,-882736000.0,6517839000.0,17184684000.0,219013000.0,38323000.0,,39664000.0,,,,,,,247371000.0,,,,,36041000.0,277242000.0,,,-314359000.0,2126258000.0,,4225246000.0,,
2017-06-30,2015946000.0,991164000.0,,,,1663838000.0,352108000.0,,110585000.0,22718000.0,87867000.0,1.17,1.16,77923000.0,78508000.0,1063777000.0,,545734000.0,,,,235871000.0,1849624000.0,,8746595000.0,4225553000.0,,263546000.0,17473937000.0,,140502000.0,,1091435000.0,,,,715679000.0,10950274000.0,107574000.0,-811321000.0,6523663000.0,17473937000.0,471399000.0,83948000.0,,151900000.0,,,,,,,553844000.0,,,,,3629654000.0,625814000.0,,,-4253082000.0,2126341000.0,,4012349000.0,,
2017-09-30,3168207000.0,1573524000.0,,,,2591236000.0,576971000.0,,192679000.0,24912000.0,167767000.0,2.2,2.18,78055000.0,78719000.0,1599988000.0,,597242000.0,,,,217006000.0,2443808000.0,,9006171000.0,4226490000.0,,285967000.0,18308496000.0,,149295000.0,,1156624000.0,,,,728681000.0,11766279000.0,187474000.0,-783947000.0,6542217000.0,18308496000.0,749118000.0,129602000.0,,202430000.0,,,,,,,944354000.0,,,,,3628526000.0,946048000.0,,,-4616830000.0,2126341000.0,,4508974000.0,862948000.0,
2017-12-31,4368428000.0,2193149000.0,,,,3559414000.0,809014000.0,,286832000.0,53850000.0,232982000.0,3.03,3.0,76854000.0,77535000.0,1412517000.0,,576313000.0,,51692000.0,,232027000.0,2249128000.0,,9394602000.0,4411762000.0,,241750000.0,18691457000.0,101744000.0,159914000.0,12848000.0,1242734000.0,4236000.0,252287000.0,64378000.0,661710000.0,11841667000.0,252689000.0,-785189000.0,6849790000.0,18691457000.0,1028892000.0,175500000.0,-46685000.0,161774000.0,,,-20180000.0,,,5708000.0,1439233000.0,,,,,3963280000.0,1378725000.0,,,-5400826000.0,2481421000.0,,4607860000.0,677454000.0,
2018-03-31,1215877000.0,622430000.0,,,,990002000.0,225875000.0,,79653000.0,16759000.0,62894000.0,0.79,0.79,79241000.0,79649000.0,2023808000.0,,645468000.0,,,,247175000.0,2943484000.0,,9696692000.0,4485155000.0,,447816000.0,19941928000.0,,144965000.0,71571000.0,1246475000.0,51098000.0,,,608156000.0,12801377000.0,587483000.0,-718169000.0,7140551000.0,19941928000.0,306465000.0,42536000.0,,71275000.0,,,6694000.0,,,-16973000.0,300907000.0,,,,,0.0,349729000.0,,,-364926000.0,0.0,,674025000.0,617909000.0,
2018-06-30,2477820000.0,1274231000.0,,,,2036907000.0,440913000.0,,153627000.0,23115000.0,130512000.0,1.64,1.64,79479000.0,79752000.0,966308000.0,,616472000.0,,,,249846000.0,1850825000.0,,10378915000.0,4870300000.0,,525961000.0,20070288000.0,,142312000.0,80464000.0,1433620000.0,48863000.0,,,633450000.0,13145761000.0,655101000.0,-877994000.0,6924527000.0,20070288000.0,615293000.0,92261000.0,,38441000.0,,,-3536000.0,,,24288000.0,839635000.0,,,,,830993000.0,869968000.0,,,-1730000000.0,7622000.0,,467743000.0,-448462000.0,
2018-09-30,3761571000.0,1934540000.0,,,,3054905000.0,706666000.0,,296962000.0,41625000.0,255337000.0,3.21,3.19,79872000.0,80283000.0,870486000.0,,662401000.0,,,,258685000.0,1806987000.0,,10682826000.0,4852549000.0,,562332000.0,20288071000.0,,123824000.0,73688000.0,1461319000.0,,,,634060000.0,13127898000.0,779926000.0,-922148000.0,7160173000.0,20288071000.0,921611000.0,139849000.0,,85126000.0,,,22409000.0,,,14879000.0,1256797000.0,,,,,829185000.0,1415509000.0,,,-2349957000.0,273873000.0,,571807000.0,-552297000.0,
2018-12-31,5071654000.0,2605475000.0,,,,4094271000.0,977383000.0,,433038000.0,67679000.0,365359000.0,4.58,4.56,79779000.0,80197000.0,606166000.0,,630119000.0,,20297000.0,,274857000.0,1515682000.0,,11026020000.0,4836388000.0,,533252000.0,20244638000.0,96980000.0,126995000.0,73142000.0,1515071000.0,,,116735000.0,629763000.0,13025359000.0,889948000.0,-945702000.0,7219279000.0,20244638000.0,1226741000.0,180716000.0,-46074000.0,52931000.0,,,47635000.0,,,31725000.0,1815426000.0,,,,,829687000.0,2096174000.0,,,-3075528000.0,388172000.0,,470912000.0,-823097000.0,
2019-03-31,1363218000.0,682030000.0,,,,1083710000.0,279508000.0,,160316000.0,42569000.0,118078000.0,1.44,1.44,81814000.0,82090000.0,1633844000.0,,703835000.0,,,,274259000.0,2625771000.0,,10898210000.0,4808085000.0,,458097000.0,22491091000.0,,113969000.0,76240000.0,1685351000.0,,,,544062000.0,14066303000.0,1002053000.0,-942365000.0,8425112000.0,22491091000.0,314705000.0,49023000.0,,84350000.0,,,7833000.0,,,-940000.0,421141000.0,,,,,,363967000.0,,,-378467000.0,1213434000.0,,986932000.0,1027911000.0,
2019-06-30,2748195000.0,1380209000.0,,,,2176906000.0,571289000.0,,351492000.0,89893000.0,261605000.0,3.15,3.13,84399000.0,84767000.0,1613529000.0,,752680000.0,,,,251451000.0,2988501000.0,,10992740000.0,4768880000.0,,463601000.0,22886505000.0,,142461000.0,77026000.0,1884405000.0,,,,560650000.0,14137276000.0,1145580000.0,-958443000.0,8749242000.0,22886505000.0,635255000.0,110542000.0,,126720000.0,,,5724000.0,,,23341000.0,964064000.0,,,,,34143000.0,808138000.0,,,-901559000.0,1561555000.0,,946772000.0,1009688000.0,
2019-09-30,4145005000.0,2084548000.0,,,,3288348000.0,856657000.0,,530130000.0,147720000.0,382455000.0,4.57,4.54,85012000.0,85571000.0,1402400000.0,,746571000.0,,,,305246000.0,2853257000.0,,11229197000.0,4648913000.0,,499632000.0,22842333000.0,,119976000.0,76892000.0,1836483000.0,,,,558912000.0,14081302000.0,1266430000.0,-1040236000.0,8761111000.0,22842333000.0,957001000.0,174413000.0,,123389000.0,,,62036000.0,,,17843000.0,1463058000.0,,,,,34143000.0,1364960000.0,,,-1478021000.0,1660976000.0,,820609000.0,792529000.0,
2019-12-31,5562140000.0,2810184000.0,,,,4392509000.0,1169631000.0,,692597000.0,185352000.0,507450000.0,6.03,5.99,84140000.0,84679000.0,1869577000.0,,689134000.0,,18760000.0,,303543000.0,2872616000.0,,12152597000.0,4781858000.0,,580788000.0,23965615000.0,52232000.0,153938000.0,76193000.0,2157863000.0,,,146046000.0,621725000.0,15125233000.0,1391425000.0,-934613000.0,8840606000.0,23965615000.0,1285296000.0,236539000.0,27466000.0,26909000.0,,,100144000.0,,,32227000.0,1992728000.0,,,,,34143000.0,,,,-1944567000.0,1660976000.0,,1202082000.0,1259009000.0,
2020-03-31,1444542000.0,736282000.0,,,,1191058000.0,253484000.0,,149148000.0,30191000.0,118792000.0,1.39,1.38,85551000.0,86144000.0,1171339000.0,,687153000.0,,,,435784000.0,2320109000.0,,12177044000.0,4927459000.0,,642836000.0,23590698000.0,,199023000.0,79575000.0,1838473000.0,,,,608082000.0,14921404000.0,1509317000.0,-1206669000.0,8669364000.0,23590698000.0,337431000.0,64499000.0,,-15306000.0,,,101882000.0,,,82943000.0,516830000.0,,,,,478287000.0,400941000.0,,,-954541000.0,101792000.0,,-237104000.0,-700102000.0,
2020-06-30,2914663000.0,1475626000.0,,,,2378691000.0,535972000.0,,327251000.0,74944000.0,252096000.0,2.92,2.9,87303000.0,87901000.0,4785050000.0,,691589000.0,,,,330521000.0,5981417000.0,,12663827000.0,5016350000.0,,660246000.0,27792630000.0,,229635000.0,84709000.0,3855771000.0,,,,624125000.0,17404372000.0,1642621000.0,-1140291000.0,10388280000.0,27792630000.0,685865000.0,140343000.0,,14233000.0,,,60019000.0,,,58938000.0,1091516000.0,,,,,478248000.0,882889000.0,,,-1483985000.0,1784898000.0,,3325873000.0,2920528000.0,
2020-09-30,4434430000.0,2243605000.0,,,,3610108000.0,824322000.0,,423985000.0,104847000.0,318783000.0,3.65,3.63,88806000.0,89519000.0,2645045000.0,,705509000.0,,,,384364000.0,4044028000.0,,13110554000.0,5125230000.0,,673443000.0,26436714000.0,,231185000.0,100547000.0,3796183000.0,,,,721613000.0,15880748000.0,1709308000.0,-1101801000.0,10555814000.0,26436714000.0,1048151000.0,215591000.0,,38104000.0,,,127535000.0,,,45366000.0,1623678000.0,,,,,478248000.0,1448174000.0,,,-2087196000.0,1981375000.0,,1237356000.0,779475000.0,
2020-12-31,5998545000.0,3074340000.0,,,,4945617000.0,1052928000.0,,516225000.0,146151000.0,369777000.0,4.22,4.18,87700000.0,88410000.0,1604869000.0,,676738000.0,,287193000.0,,323016000.0,2609155000.0,,14503084000.0,5472553000.0,,776047000.0,27006841000.0,77705000.0,354368000.0,101258000.0,2024750000.0,,,178371000.0,948999000.0,16372723000.0,1760302000.0,-913368000.0,10633988000.0,27006841000.0,1427010000.0,294952000.0,-18792000.0,-25412000.0,,,129817000.0,,,122629000.0,2309826000.0,,,,,1180272000.0,,,,-3426972000.0,1981375000.0,,815526000.0,-260918000.0,
2021-03-31,1596064000.0,811217000.0,,,,1298402000.0,297662000.0,,188702000.0,32628000.0,156362000.0,1.75,1.74,89330000.0,89842000.0,1752990000.0,,684642000.0,,,,407856000.0,2849717000.0,,14768661000.0,5387601000.0,,812923000.0,27316990000.0,,213189000.0,105283000.0,1833580000.0,,,,827228000.0,16740315000.0,1916664000.0,-1008848000.0,10576834000.0,27316990000.0,394318000.0,78350000.0,,17620000.0,,,73255000.0,,,-94334000.0,391158000.0,,,,,0.0,563598000.0,,,-635684000.0,0.0,,412654000.0,146109000.0,
2021-06-30,3253983000.0,1676337000.0,,,,2677667000.0,576316000.0,,238662000.0,-18527000.0,224701000.0,2.51,2.5,89648000.0,90104000.0,1799727000.0,,726382000.0,,,,394880000.0,3148062000.0,,15143898000.0,5411123000.0,,807970000.0,27930362000.0,,271072000.0,104568000.0,1683371000.0,,,,770153000.0,17283890000.0,1985003000.0,-941114000.0,10646472000.0,27930362000.0,812076000.0,172685000.0,,57329000.0,,,57280000.0,,,-90300000.0,990355000.0,,,,,0.0,1255830000.0,,,-1364411000.0,99599000.0,,587330000.0,196220000.0,
2021-09-30,4929159000.0,2561987000.0,,,,4070722000.0,858437000.0,,443912000.0,67325000.0,376917000.0,4.21,4.18,89858000.0,90467000.0,1379100000.0,,792101000.0,,,,492832000.0,2899363000.0,,15307049000.0,5401744000.0,,846080000.0,27774131000.0,,223494000.0,112952000.0,1781136000.0,,,,729264000.0,17205558000.0,2137219000.0,-1041761000.0,10568763000.0,27774131000.0,1231760000.0,267395000.0,,111313000.0,,,124573000.0,,,-57860000.0,1655101000.0,,,,,158498000.0,1934107000.0,,,-2186042000.0,99599000.0,,320943000.0,-234137000.0,
2021-12-31,6635537000.0,3472422000.0,,,,5527375000.0,1108162000.0,,608952000.0,109224000.0,500191000.0,5.57,5.53,89772000.0,90409000.0,1536358000.0,,681809000.0,,370317000.0,,462739000.0,2957101000.0,,,5372071000.0,,926066000.0,27918698000.0,84084000.0,214519000.0,109736000.0,1605954000.0,,,124032000.0,763411000.0,17036934000.0,2260493000.0,-1085751000.0,10882082000.0,27918698000.0,1660524000.0,363774000.0,40371000.0,1873000.0,,,114268000.0,,,-27644000.0,2547206000.0,,,,,158498000.0,2751512000.0,,,-3006738000.0,497870000.0,,413765000.0,-76241000.0,
2022-03-31,1734447000.0,915875000.0,,,,1467131000.0,267316000.0,,180437000.0,32744000.0,147453000.0,1.62,1.62,90771000.0,91162000.0,1695305000.0,,780404000.0,,,,471894000.0,3062796000.0,,15512991000.0,5316079000.0,,1019569000.0,28023233000.0,,232606000.0,115055000.0,1607014000.0,,,,740748000.0,17080423000.0,2407946000.0,-1052914000.0,10942885000.0,28023233000.0,436386000.0,89952000.0,,100727000.0,,,-6115000.0,,,48600000.0,581123000.0,,,,,,412518000.0,,,-258759000.0,,,-168915000.0,158042000.0,
2022-06-30,3551601000.0,1846132000.0,,,,2966432000.0,585169000.0,,405314000.0,41379000.0,363775000.0,4.0,3.99,91036000.0,91262000.0,1891311000.0,,812769000.0,,,,514313000.0,3289947000.0,,15455180000.0,5585330000.0,,1272090000.0,29038214000.0,,204351000.0,128461000.0,1608944000.0,,,,789644000.0,18408620000.0,2624268000.0,-1418756000.0,10629784000.0,29038214000.0,869214000.0,194634000.0,,127029000.0,,,-10259000.0,,,82221000.0,1382704000.0,,,,,883668000.0,897348000.0,,,-1627881000.0,0.0,,693378000.0,351665000.0,
2022-09-30,5392260000.0,2780801000.0,,,,4473932000.0,918328000.0,,651659000.0,75985000.0,575582000.0,6.31,6.29,91896000.0,92135000.0,2500816000.0,,778858000.0,,,,656865000.0,4017055000.0,,15140597000.0,5393708000.0,,1504530000.0,29325866000.0,,211428000.0,118044000.0,1695989000.0,,,,738924000.0,18171773000.0,2836075000.0,-1755917000.0,11154379000.0,29325866000.0,1300882000.0,296464000.0,,97206000.0,,,145376000.0,,,125431000.0,2202993000.0,,,,,964010000.0,1450077000.0,,,-2291427000.0,796018000.0,,1182447000.0,958414000.0,
2022-12-31,7263105000.0,3751501000.0,,,,6062577000.0,1200528000.0,,829369000.0,124792000.0,704345000.0,7.69,7.67,91569000.0,91828000.0,1906421000.0,,855380000.0,,308612000.0,,459138000.0,3305255000.0,,16649534000.0,5654217000.0,,1376137000.0,30310742000.0,115953000.0,251346000.0,132090000.0,1838298000.0,,,59806000.0,797863000.0,18804910000.0,2964838000.0,-1389446000.0,11505966000.0,30310742000.0,1739374000.0,403983000.0,42369000.0,153415000.0,,,52276000.0,,,109130000.0,2963182000.0,,,,,964010000.0,2278004000.0,,,-3362953000.0,796018000.0,,856766000.0,358794000.0,
2023-03-31,1998209000.0,1006091000.0,,,,1614088000.0,384121000.0,,313785000.0,55055000.0,258786000.0,2.78,2.77,92971000.0,93340000.0,2642578000.0,,913413000.0,,,,437155000.0,3993146000.0,,16913734000.0,5712063000.0,,1391884000.0,31274198000.0,,226077000.0,129378000.0,1754152000.0,,,,784900000.0,19245339000.0,3223624000.0,-1285188000.0,12029048000.0,31274198000.0,458995000.0,98715000.0,,53392000.0,,,129000.0,,,-15049000.0,691408000.0,,,,,,529600000.0,,,-522136000.0,300775000.0,,542237000.0,735392000.0,
2023-06-30,4016617000.0,2066891000.0,,,,3300110000.0,716507000.0,,558183000.0,92440000.0,465816000.0,5.0,4.98,93535000.0,93857000.0,2342177000.0,,1006116000.0,,,,395723000.0,3744016000.0,,17267282000.0,5732010000.0,,1487088000.0,31566945000.0,,215473000.0,118179000.0,1854228000.0,,,,785547000.0,19517945000.0,3430654000.0,-1288456000.0,12024109000.0,31566945000.0,919456000.0,203261000.0,,152556000.0,,,42173000.0,,,-29225000.0,1432706000.0,,,,,0.0,1167759000.0,,,-1190585000.0,300775000.0,,215010000.0,434333000.0,
2023-09-30,6077647000.0,3135882000.0,,,,4980789000.0,1096858000.0,,853928000.0,112425000.0,741610000.0,7.94,7.91,93683000.0,94168000.0,2357497000.0,,1030694000.0,,,,497189000.0,3885380000.0,,17370577000.0,5589124000.0,,1592972000.0,31684602000.0,,194700000.0,116937000.0,1893691000.0,,,,775271000.0,19773043000.0,3706448000.0,-1526010000.0,11886884000.0,31684602000.0,1381298000.0,301707000.0,,199703000.0,,,127695000.0,,,-26962000.0,2217881000.0,,,,,0.0,1785298000.0,,,-1943002000.0,300775000.0,,232952000.0,450006000.0,
2023-12-31,8188136000.0,4227658000.0,,,,6744862000.0,1443274000.0,,1124230000.0,155250000.0,969178000.0,10.35,10.31,93615000.0,94009000.0,2095712000.0,,1003792000.0,,290100000.0,,468193000.0,3567697000.0,,18600833000.0,5737122000.0,,1591312000.0,32650724000.0,162356000.0,301729000.0,124945000.0,3162250000.0,,,55439000.0,795549000.0,20137225000.0,3934016000.0,-1290117000.0,12488894000.0,32650724000.0,1843665000.0,407536000.0,4844000.0,150345000.0,,,145867000.0,,,43317000.0,3216595000.0,,,,,0.0,2781018000.0,,,-3224364000.0,733651000.0,,211446000.0,188061000.0,
2024-03-31,2127000000.0,1091000000.0,,,,1763000000.0,364000000.0,,277000000.0,46000000.0,,2.44,2.43,94665000.0,95156000.0,1527000000.0,,1079000000.0,,,,561000000.0,3167000000.0,,18511000000.0,5621000000.0,,1619000000.0,31937000000.0,,186000000.0,129000000.0,2891000000.0,,,,752000000.0,19613000000.0,4165000000.0,-1498000000.0,,31937000000.0,525000000.0,101000000.0,,85000000.0,,,77000000.0,,,-50000000.0,598000000.0,,,,,,707000000.0,,,-727000000.0,0.0,,-397000000.0,-566000000.0,
2024-06-30,4286000000.0,2173000000.0,,,,3486000000.0,800000000.0,,625000000.0,93000000.0,532000000.0,5.61,5.59,94919000.0,95166000.0,1993000000.0,,1124000000.0,,,,612000000.0,3729000000.0,,18614000000.0,5622000000.0,,1937000000.0,32854000000.0,,230000000.0,127000000.0,3068000000.0,,,,787000000.0,20551000000.0,4466000000.0,-1541000000.0,12278000000.0,32854000000.0,1015000000.0,226000000.0,,141000000.0,,,153000000.0,,,-11000000.0,1510000000.0,,,,,,1355000000.0,,,-1461000000.0,0.0,,-103000000.0,-100000000.0,
2024-09-30,6487000000.0,3271000000.0,,,,5262000000.0,1225000000.0,,975000000.0,147000000.0,829000000.0,8.73,8.69,95394000.0,95731000.0,2776000000.0,,1123000000.0,,,,705000000.0,5055000000.0,,19665000000.0,5768000000.0,,1919000000.0,35438000000.0,,297000000.0,128000000.0,4370000000.0,,,,822000000.0,21826000000.0,4763000000.0,-1283000000.0,13588000000.0,35438000000.0,1509000000.0,348000000.0,,153000000.0,,,204000000.0,,,-15000000.0,2268000000.0,,,,,,2079000000.0,,,-2826000000.0,976000000.0,,1245000000.0,680000000.0,
,,,,,,,,,,,,,,,,,,,,,,,,,,,,,,,,,,,,,,,,,,,,,,,,,,,,,,,,,,,,,,,,,,,
,,,,,,,,,,,,,,,,,,,,,,,,,,,,,,,,,,,,,,,,,,,,,,,,,,,,,,,,,,,,,,,,,,,
