Date,Net sales,Cost of sales,Gross margin,Research and development,"Selling, general and administrative",Total operating expenses,Operating income,"Other income/(expense), net",Income before provision for income taxes,Provision for income taxes,Net income,Earnings per share basic,Earnings per share diluted,Weighted-average basic,Weighted-average diluted,Cash and cash equivalents,Short-term marketable securities,"Accounts receivable, net",Inventories,Deferred tax assets,Vendor non-trade receivables,Other current assets,Total current assets,Long-term marketable securities,"Property, Plant and Equipment, Net",Goodwill,"Acquired intangible assets, net","Other Assets, Noncurrent",Total assets,accounts payable,Accrued expenses,Deferred revenue,Total current liabilities,Deferred revenue - non-current,deferred tax liabilities,long term taxes payable,Total other non-current liabilities,Total liabilities,Retained Earnings (Accumulated Deficit),Accumulated other comprehensive (loss)/income,Total shareholders equity,Total liabilities and shareholders' equity,"Depreciation, amortization and accretion",Stock-based compensation expense,Deferred income tax expense,"Increase (Decrease) in Accounts receivable, net",Increase (Decrease) in Inventories,Increase (Decrease) in Other Receivables,Increase (Decrease) in Other Operating Assets,Increase (Decrease) in Accounts Payable,Increase (Decrease) in Deferred Revenue,Increase (Decrease) Other liabilities,Cash generated by operating activities,Purchases of marketable securities,Proceeds from maturities of marketable securities,Proceeds from sales of marketable securities,Purchases of other long-term investments,"Business acquisitions, net of cash acquired",Cash payments for capital asset purchases,Payments for acquisition of intangible assets,Payments for (Proceeds from) Other Investing Activities,Cash used in investing activities,Proceeds from issuance of common stock,Excess tax benefits from stock-based compensation,Cash generated/used in financing activities,Increase/(decrease) in cash and cash equivalents,"Cash paid for income taxes, net"
2010-09-30,3489000000.0,,,,,,,,,176000000.0,150000000.0,,,,,312000000.0,,,,11000000.0,,,,,,,,,14158000000.0,,,,,,,,,7932000000.0,,,,14158000000.0,,,,,,,,,,,465000000.0,1415000000.0,794000000.0,486000000.0,,,,,,-301000000.0,,,-86000000.0,78000000.0,105000000.0
2010-12-31,4890000000.0,,,,,,,,,339000000.0,162000000.0,,,,,430000000.0,,,,0.0,,,,,,,,,14344000000.0,,,,,,,,,8010000000.0,,,,14344000000.0,,,,,,,,,,,721000000.0,1760000000.0,1009000000.0,562000000.0,,,,,,-405000000.0,,,-120000000.0,196000000.0,69000000.0
2011-03-31,1365000000.0,,,,,,,,,138000000.0,44000000.0,,,,,211000000.0,,,,,,,,,,,,,14553000000.0,,,,,,,,,8002000000.0,,,,14553000000.0,,,,,,,,,,,92000000.0,752000000.0,247000000.0,277000000.0,,,,,,-254000000.0,,,-57000000.0,-219000000.0,21000000.0
2011-09-30,3406000000.0,,,,,,,,-305000000.0,-125000000.0,143000000.0,,,,,76000000.0,,,,,,,,,,,,,14263000000.0,,,,,,,,,8165000000.0,,,845000000.0,14263000000.0,,,,,,,,,,,225000000.0,1482000000.0,722000000.0,525000000.0,,,,,,-395000000.0,,,-184000000.0,,38000000.0
2011-12-31,4824000000.0,,,,,,,,358000000.0,90000000.0,169000000.0,,,,,185000000.0,,,,-128000000.0,,,,,,,,,14348000000.0,,,,,,,,,8055000000.0,,,781000000.0,14348000000.0,,,-105000000.0,-91000000.0,,,,,,,360000000.0,1801000000.0,950000000.0,631000000.0,,,,,,-375000000.0,,,-230000000.0,,67000000.0
2012-03-31,1520000000.0,,,,,,,,534000000.0,180000000.0,36000000.0,,,,,199000000.0,,,,261000000.0,,,,,,,,,14832000000.0,,,,,,,,,8156000000.0,,,776000000.0,14832000000.0,,,,,,,,,,,72000000.0,418000000.0,217000000.0,163000000.0,,,,,,-22000000.0,,,-36000000.0,,52000000.0
2012-06-30,2680000000.0,,,,,,,,464000000.0,148000000.0,79000000.0,,,,,240000000.0,,,,214000000.0,,,,,,,,,15042000000.0,,,,,,,,,8445000000.0,,,766000000.0,15042000000.0,,,,,,,,,,,191000000.0,983000000.0,567000000.0,338000000.0,,,,,,-57000000.0,,,-79000000.0,,227000000.0
2012-09-30,4140000000.0,,,,,,,,734000000.0,234000000.0,130000000.0,,,,,404000000.0,,,,16000000.0,,,,,,,,,15544000000.0,,,,,,,,,8701000000.0,,,782000000.0,15544000000.0,,,,,,,,,,,365000000.0,1466000000.0,877000000.0,535000000.0,,,,,,-34000000.0,,,-112000000.0,,246000000.0
2012-12-31,5512000000.0,,,,,,,,899000000.0,280000000.0,160000000.0,,,,,400000000.0,,,,37000000.0,,,,,,,,,15441000000.0,,,,,,,,,8650000000.0,,,642000000.0,15441000000.0,,,118000000.0,166000000.0,,,,,,,577000000.0,2112000000.0,1169000000.0,881000000.0,,,,,,-85000000.0,,,-277000000.0,,227000000.0
2013-03-31,1571000000.0,,,,,,,,436000000.0,146000000.0,37000000.0,,,,,388000000.0,,,,39000000.0,,,,,,,,,15791000000.0,,,,,,,,,8774000000.0,,,636000000.0,15791000000.0,,,,,,,,,,,127000000.0,551000000.0,265000000.0,122000000.0,,,,,,-133000000.0,,,-6000000.0,,3000000.0
2013-06-30,2997000000.0,,,,,,,,699000000.0,232000000.0,81000000.0,,,,,365000000.0,,,,43000000.0,,,,,,,,,15879000000.0,,,,,,,,,8911000000.0,,,647000000.0,15879000000.0,,,,,,,,,,,330000000.0,1240000000.0,617000000.0,330000000.0,,,,,,-335000000.0,,,-30000000.0,,149000000.0
2013-09-30,4574000000.0,,,,,,,,1097000000.0,363000000.0,127000000.0,,,,,535000000.0,,,,42000000.0,,,,,,,,,16384000000.0,,,,,,,,,9185000000.0,,,657000000.0,16384000000.0,,,,,,,,,,,689000000.0,2157000000.0,881000000.0,716000000.0,,,,,,-498000000.0,,,-56000000.0,,208000000.0
2013-12-31,6271000000.0,,,,,,,,1567000000.0,519000000.0,163000000.0,,,,,452000000.0,,,,2000000.0,,,,,,,,,16676000000.0,,,,,,,,,9126000000.0,,,734000000.0,16676000000.0,,,198000000.0,112000000.0,,,,,,,903000000.0,2879000000.0,1135000000.0,849000000.0,,,,,,-759000000.0,,,-92000000.0,,284000000.0
2014-03-31,1511000000.0,,,,,,,,156000000.0,47000000.0,46000000.0,,,,,379000000.0,,,,,,,,,,,,,16931000000.0,,,,,,,,,9241000000.0,,,742000000.0,16931000000.0,,,,,,,,,,,54000000.0,501000000.0,244000000.0,159000000.0,,,,,,-95000000.0,,,-32000000.0,,14000000.0
2014-06-30,3109000000.0,,,,,,,,303000000.0,91000000.0,95000000.0,,,,,300000000.0,,,,1000000.0,,,,,,,,,17460000000.0,,,,,,,,,9639000000.0,,,755000000.0,17460000000.0,,,,,,,,,,,245000000.0,1090000000.0,413000000.0,371000000.0,,,,,,-332000000.0,,,-65000000.0,,98000000.0
2014-09-30,4535000000.0,,,,,,,,453000000.0,133000000.0,142000000.0,,,,,379000000.0,,,,2000000.0,,,,,,,,,17578000000.0,,,,,,,,,9742000000.0,,,771000000.0,17578000000.0,,,,,,,,,,,549000000.0,1825000000.0,685000000.0,490000000.0,,,,,,-533000000.0,,,-89000000.0,,126000000.0
2014-12-31,6124000000.0,,,,,,,,830000000.0,257000000.0,168000000.0,,,,,514000000.0,,,,37000000.0,,,,,,,,,17758000000.0,,,,,,,,,9775000000.0,,,703000000.0,17758000000.0,,,4000000.0,159000000.0,,,,,,,779000000.0,2298000000.0,854000000.0,645000000.0,,,,,,-596000000.0,,,-121000000.0,,190000000.0
2015-03-31,1605000000.0,,,,,,,,197000000.0,61000000.0,39000000.0,,,,,420000000.0,,,,40000000.0,,,,,,,,,17993000000.0,,,,,,,,,9856000000.0,,,710000000.0,17993000000.0,,,,,,,,,,,90000000.0,882000000.0,209000000.0,271000000.0,,,,,,-155000000.0,,,-29000000.0,,72000000.0
2015-06-30,3237000000.0,,,,,,,,492000000.0,159000000.0,95000000.0,,,,,421000000.0,,,,44000000.0,,,,,,,,,18069000000.0,,,,,,,,,9907000000.0,,,732000000.0,18069000000.0,,,,,,,,,,,311000000.0,1607000000.0,469000000.0,625000000.0,,,,,,-350000000.0,,,-54000000.0,,248000000.0
2015-09-30,4583000000.0,,,,,,,,532000000.0,166000000.0,145000000.0,,,,,618000000.0,,,,51000000.0,,,,,,,,,18115000000.0,,,,,,,,,9990000000.0,,,750000000.0,18115000000.0,,,,,,,,,,,663000000.0,2201000000.0,742000000.0,859000000.0,,,,,,-475000000.0,,,-84000000.0,,346000000.0
2015-12-31,1505508000.0,,,,,1272967000.0,232541000.0,,266249000.0,91571000.0,174678000.0,,,,,182889000.0,62067000.0,,,40686000.0,,,635146000.0,537874000.0,,,,20968000.0,1407296000.0,46526000.0,,,445699000.0,,,,1580000.0,637793000.0,1993976000.0,-96864000.0,769503000.0,1407296000.0,16461000.0,,-14584000.0,,,,,,,,217378000.0,228308000.0,,214991000.0,,,,,,622000.0,,,-126858000.0,,106347000.0
2016-03-31,374728000.0,,,,,307063000.0,67665000.0,,70224000.0,24329000.0,45895000.0,,,,,105282000.0,54285000.0,,,35250000.0,,,557969000.0,560928000.0,,,,19647000.0,1340624000.0,,,,371758000.0,,,,1500000.0,555757000.0,2005875000.0,-93399000.0,784867000.0,1340624000.0,,,,,,,,,,,-21762000.0,67557000.0,,,,,,,,-21849000.0,,,-33996000.0,,258000.0
2016-06-30,798612000.0,,,,,645188000.0,153424000.0,,163387000.0,56183000.0,107204000.0,,,,,124111000.0,46087000.0,,,35780000.0,,,597668000.0,607548000.0,,,,18892000.0,1414826000.0,,,,415502000.0,,,,140000.0,599632000.0,2033187000.0,-90373000.0,815194000.0,1414826000.0,,,,,,,,,,,50482000.0,161835000.0,,,,,,,,-41267000.0,,,-67993000.0,,42258000.0
2016-09-30,1217018000.0,,,,,981339000.0,235679000.0,,249968000.0,85388000.0,164580000.0,,,,,139813000.0,52108000.0,,,36161000.0,,,627750000.0,652267000.0,,,,19577000.0,1485015000.0,,,,453258000.0,,,,1763000.0,646086000.0,2056567000.0,-90018000.0,838929000.0,1485015000.0,,,,,,,,,,,155551000.0,269237000.0,,,,,,,,-96638000.0,,,-101989000.0,,69357000.0
2016-12-31,1596631000.0,,,,,1304267000.0,292364000.0,,320091000.0,109725000.0,210366000.0,,,,,189072000.0,56138000.0,,,53889000.0,,,665516000.0,657153000.0,,,,20096000.0,1548955000.0,,,,469600000.0,,,,1863000.0,732045000.0,2065911000.0,-121381000.0,816910000.0,1548955000.0,15100000.0,,-2000.0,,,,,,,,254336000.0,369811000.0,146285000.0,89498000.0,,,,,,-136944000.0,,,-111209000.0,,104607000.0
2017-03-31,399316000.0,,,,,332782000.0,66534000.0,,72954000.0,25078000.0,47876000.0,,,,,110418000.0,77412000.0,,,52495000.0,,,625718000.0,642457000.0,,,,21224000.0,1490036000.0,,,,404221000.0,,,,2972000.0,660178000.0,2077346000.0,-119860000.0,829858000.0,1490036000.0,,,,,,,,,,,-35122000.0,65521000.0,43460000.0,16633000.0,,,,,,-7081000.0,,,-36451000.0,,-234000.0
2017-06-30,847880000.0,,,,,698302000.0,149578000.0,,162189000.0,55786000.0,106403000.0,,,,,144709000.0,72057000.0,,,51811000.0,,,671085000.0,672625000.0,,,,22355000.0,1567225000.0,,,,431021000.0,,,,1004000.0,714011000.0,2099432000.0,-118768000.0,853214000.0,1567225000.0,,,,,,,,,,,39491000.0,184803000.0,100042000.0,57851000.0,,,,,,-35946000.0,,,-47908000.0,,47767000.0
2017-09-30,1290372000.0,,,,,1059958000.0,230414000.0,,251054000.0,86108000.0,164946000.0,,,,,184628000.0,65318000.0,,,47558000.0,,,720678000.0,683948000.0,,,,29424000.0,1631429000.0,,,,483401000.0,,,,1509000.0,756279000.0,2121535000.0,-118935000.0,875150000.0,1631429000.0,,,,,,,,,,,120334000.0,292702000.0,146434000.0,120418000.0,,,,,,-40415000.0,,,-84363000.0,,70504000.0
2017-12-31,1691774000.0,,,,,1403402000.0,288372000.0,,315695000.0,118696000.0,196999000.0,,,,,215721000.0,71190000.0,,,19390000.0,,,801882000.0,687523000.0,,,,28793000.0,1665859000.0,,,,509906000.0,,,,1476000.0,808515000.0,2140853000.0,-156059000.0,857344000.0,1665859000.0,14800000.0,,26912000.0,,,,,,,,197126000.0,391181000.0,194980000.0,144317000.0,,,,,,-74663000.0,,,-95814000.0,26649000.0,106250000.0
2018-03-31,572160000.0,,,,,494593000.0,77567000.0,,83221000.0,17463000.0,65758000.0,,,,,119627000.0,96574000.0,,,29055000.0,,,720746000.0,633230000.0,,,,45300000.0,1573476000.0,,,31951000.0,447649000.0,,,,1029000.0,733321000.0,2129100000.0,-161486000.0,840155000.0,1573476000.0,,,,,,,,,,,-40230000.0,77263000.0,28473000.0,57717000.0,,,,,,-16739000.0,,,-39125000.0,-96094000.0,276000.0
2018-06-30,1193618000.0,,,,,1020728000.0,172890000.0,,184207000.0,38743000.0,145464000.0,,,,,198412000.0,107369000.0,,,31527000.0,,,828065000.0,598059000.0,,,,47834000.0,1652275000.0,,,33137000.0,497864000.0,,,,422000.0,772087000.0,2169686000.0,-162037000.0,880188000.0,1652275000.0,,,,,,,,,,,41593000.0,114848000.0,69674000.0,76387000.0,,,,,,-5653000.0,,,-53249000.0,-17309000.0,208000.0
2018-09-30,1805744000.0,,,,,1536159000.0,269585000.0,,288678000.0,62768000.0,225910000.0,,,,,244688000.0,105031000.0,,,37660000.0,,,888857000.0,599164000.0,,,,62539000.0,1759503000.0,,,34086000.0,544508000.0,,,,9828000.0,838480000.0,2211013000.0,-162529000.0,921023000.0,1759503000.0,,,,,,,,,,,174314000.0,194773000.0,98922000.0,125913000.0,,,,,,-52975000.0,,,-92372000.0,28967000.0,29208000.0
2018-12-31,2382212000.0,,,,,2037869000.0,344343000.0,,371320000.0,83096000.0,288224000.0,,,,,266417000.0,402339000.0,,,24101000.0,,,1168946000.0,346184000.0,,,,61590000.0,1778327000.0,,,33854000.0,547067000.0,,,,11914000.0,804655000.0,2231417000.0,-130284000.0,973672000.0,1778327000.0,13400000.0,,-1358000.0,,,,,,3213000.0,,263585000.0,392895000.0,134396000.0,235323000.0,,,56297000.0,,,-81398000.0,,,-131491000.0,50696000.0,58814000.0
2019-03-31,594106000.0,,,,,507984000.0,86122000.0,,95515000.0,20204000.0,75311000.0,,,,,,139994000.0,,,22180000.0,,,962391000.0,534925000.0,,,,92860000.0,1799456000.0,,,34116000.0,502522000.0,,,,27754000.0,785652000.0,2264815000.0,-123574000.0,1013804000.0,1799456000.0,,,,,,,,,,,24240000.0,220811000.0,154343000.0,149155000.0,,,17411000.0,,,63758000.0,,,-42370000.0,45628000.0,-138000.0
2019-06-30,1241816000.0,,,,,1059084000.0,182732000.0,,201553000.0,38488000.0,163065000.0,,,,,,61210000.0,,,19090000.0,,,937247000.0,627898000.0,,,,89568000.0,1889647000.0,,,35374000.0,535360000.0,,,,32761000.0,826193000.0,2310655000.0,-119764000.0,1063454000.0,1889647000.0,,,,,,,,,,,114416000.0,615384000.0,261902000.0,430596000.0,124000.0,,34260000.0,,,42215000.0,,,-84786000.0,71845000.0,39863000.0
2019-09-30,1880558000.0,,,,,1591919000.0,288639000.0,,321055000.0,63821000.0,257234000.0,,,,,,32984000.0,,,15505000.0,,,934895000.0,647649000.0,,,,95138000.0,1974580000.0,,,36318000.0,568824000.0,,,,22396000.0,855309000.0,2362911000.0,-116203000.0,1119271000.0,1974580000.0,,,,,,,,,,,237866000.0,852886000.0,282846000.0,655519000.0,252000.0,,68363000.0,,,-32241000.0,,,-127170000.0,78455000.0,60863000.0
2019-12-31,2477298000.0,,,,,2119959000.0,357339000.0,,396705000.0,79884000.0,316821000.0,,,,,,32810000.0,,,17186000.0,,,891404000.0,697891000.0,,,,96853000.0,2016240000.0,,,35938000.0,587712000.0,,,,21605000.0,882987000.0,2377558000.0,-116868000.0,1133253000.0,2016240000.0,16800000.0,,3349000.0,,,,,,2646000.0,,364527000.0,956818000.0,303798000.0,687347000.0,1032000.0,,102039000.0,,,-124634000.0,,,-169571000.0,70322000.0,72817000.0
2020-03-31,616737000.0,,,,,531046000.0,85691000.0,-9195000.0,76127000.0,16801000.0,59326000.0,,,,,,34818000.0,482238000.0,,,,,810074000.0,716835000.0,,,,32624000.0,1957493000.0,,,35810000.0,541724000.0,,,,19433000.0,840501000.0,2390869000.0,-146444000.0,1116992000.0,1957493000.0,,,,,,,,,,,20077000.0,137442000.0,35405000.0,44562000.0,,,21086000.0,,,-82749000.0,,,-45421000.0,-108093000.0,
2020-06-30,1273756000.0,,,,,1096876000.0,176880000.0,11553000.0,178609000.0,37306000.0,141303000.0,,,,,,27409000.0,506700000.0,,,,,859238000.0,777416000.0,,,,32702000.0,2082861000.0,,,36625000.0,589123000.0,,,,14895000.0,888722000.0,2427905000.0,-106333000.0,1194139000.0,2082861000.0,,,,,,,,,,,127282000.0,198192000.0,58722000.0,68977000.0,603000.0,,37426000.0,,,-115423000.0,,,-90860000.0,-79001000.0,
2020-09-30,1927237000.0,,,,,1654132000.0,273105000.0,18796000.0,290305000.0,59786000.0,230519000.0,,,,,,13429000.0,501200000.0,,,,,792922000.0,894625000.0,,,,32489000.0,2159342000.0,,,37420000.0,606460000.0,,,,11495000.0,912125000.0,2472181000.0,-97531000.0,1247217000.0,2159342000.0,,,,,,,,,,,234478000.0,338093000.0,92731000.0,89264000.0,768000.0,,52289000.0,,,-218571000.0,,,-136291000.0,-120384000.0,
2020-12-31,2536489000.0,,,,,2198332000.0,338157000.0,,368515000.0,75211000.0,293304000.0,,,,,,17697000.0,494637000.0,,12341000.0,,,732300000.0,910539000.0,,,,40081000.0,2117122000.0,,,36917000.0,627669000.0,,,,9444000.0,929074000.0,2393624000.0,-78143000.0,1188048000.0,2117122000.0,21200000.0,,-5162000.0,,,,,,1422000.0,,342595000.0,396014000.0,118852000.0,101718000.0,1142000.0,,55528000.0,,,-243225000.0,,,-274869000.0,-175499000.0,82576000.0
2021-03-31,630177000.0,,,,,554082000.0,76095000.0,17988000.0,92555000.0,18989000.0,73566000.0,,,,,,16847000.0,481500000.0,,,,,701927000.0,901475000.0,,,,44273000.0,2099098000.0,,,35799000.0,571440000.0,,,,17062000.0,890965000.0,2418989000.0,-83432000.0,1208133000.0,2099098000.0,,,,,,,,,,,33482000.0,75183000.0,45145000.0,31238000.0,349000.0,,11146000.0,,,-10828000.0,,,-48702000.0,-26048000.0,1000.0
2021-06-30,1310207000.0,,,,,1149047000.0,161160000.0,34406000.0,192451000.0,39856000.0,152595000.0,,491.0,,2542.0,,20856000.0,504013000.0,,,,,746809000.0,915942000.0,,,,48652000.0,2163644000.0,,,35742000.0,591861000.0,,,,17867000.0,918542000.0,2449819000.0,-77293000.0,1245102000.0,2163644000.0,,,,,,,,,,,127720000.0,168671000.0,99788000.0,59203000.0,605000.0,,28197000.0,,,-35511000.0,,,-97411000.0,-5202000.0,40503000.0
2021-09-30,1998046000.0,,,,,1741783000.0,256263000.0,55004000.0,306577000.0,63759000.0,242818000.0,,,,,,30627000.0,503413000.0,,,,,831153000.0,906877000.0,,,,57704000.0,2236558000.0,,,35853000.0,614263000.0,,,,17783000.0,949702000.0,2491842000.0,-77562000.0,1286856000.0,2236558000.0,,,,,,,,,,,264038000.0,267067000.0,142614000.0,108869000.0,605000.0,,38097000.0,,,-43158000.0,,,-146124000.0,74756000.0,63504000.0
2021-12-31,2633977000.0,,,,,2315880000.0,318097000.0,,376404000.0,78544000.0,297860000.0,,,,,,38396000.0,479123000.0,,145000.0,,,763730000.0,907689000.0,,,,49265000.0,2242057000.0,,,34935000.0,630863000.0,,,,14342000.0,899579000.0,2495190000.0,-25288000.0,1342478000.0,2242057000.0,37200000.0,,-1854000.0,,,,,,-3176000.0,,402794000.0,380017000.0,184820000.0,150153000.0,1646000.0,,148800000.0,,,-185490000.0,,,-194842000.0,22462000.0,84494000.0
2022-03-31,672110000.0,,,,,587798000.0,84312000.0,,86795000.0,18176000.0,68619000.0,,,,,,46155000.0,478800000.0,,,,,751346000.0,877165000.0,,,,49804000.0,2223853000.0,,,34872000.0,601331000.0,,,,26600000.0,889653000.0,2512116000.0,-50477000.0,1334200000.0,2223853000.0,,,,,,,,,,,23553000.0,91055000.0,42699000.0,48291000.0,0.0,,15458000.0,,,-13732000.0,,,-52218000.0,-42397000.0,-17000.0
2022-06-30,1398253000.0,,,,,1209941000.0,188312000.0,,188143000.0,39377000.0,148766000.0,,,,,,57150000.0,538300000.0,,,,,743104000.0,832577000.0,,,,48262000.0,2180222000.0,,,35836000.0,636565000.0,,,,27234000.0,840816000.0,2540570000.0,-73725000.0,1339406000.0,2180222000.0,,,,,,,,,,,106274000.0,211492000.0,74628000.0,123758000.0,157000.0,,28021000.0,,,-42196000.0,,,-157456000.0,-93378000.0,38989000.0
2022-09-30,2139489000.0,,,,,1844705000.0,294784000.0,,294491000.0,61412000.0,233079000.0,,,,,,25750000.0,544400000.0,,,,,724479000.0,848937000.0,,,,45085000.0,2177752000.0,,,36786000.0,634192000.0,,,,26294000.0,821173000.0,2573190000.0,-89172000.0,1356579000.0,2177752000.0,,,,,,,,,,,238108000.0,375466000.0,111419000.0,238732000.0,157000.0,,50885000.0,,,-74997000.0,,,-249149000.0,-86038000.0,59989000.0
2022-12-31,2840124000.0,,,,,2463910000.0,376214000.0,,376452000.0,77883000.0,298569000.0,,,,,,24267000.0,524937000.0,,,,,778796000.0,870394000.0,,,,43295000.0,2239456000.0,,,36547000.0,665111000.0,,,,29019000.0,791048000.0,2583261000.0,-7414000.0,1448408000.0,2239456000.0,45900000.0,,9468000.0,,,,,,1821000.0,,366152000.0,465071000.0,130401000.0,295996000.0,157000.0,,67204000.0,,,-106922000.0,,,-300842000.0,-41612000.0,80619000.0
2023-03-31,752465000.0,,,,,641922000.0,110543000.0,,109148000.0,22907000.0,86241000.0,,,,,,57470000.0,533306000.0,,,,,784081000.0,858196000.0,,,,32075000.0,2223969000.0,,,37187000.0,611568000.0,,,,25055000.0,737002000.0,2614083000.0,338000.0,1486967000.0,2223969000.0,,,,,,,,,,,48031000.0,47594000.0,14402000.0,42715000.0,3000.0,,19142000.0,,,-12326000.0,,,-55419000.0,-19714000.0,370000.0
2023-06-30,1592335000.0,,,,,1347634000.0,244701000.0,,258238000.0,54145000.0,204093000.0,,,,,,63510000.0,591008000.0,,,,,872803000.0,857442000.0,,,,34776000.0,2325511000.0,,,39046000.0,652093000.0,,,,25353000.0,780599000.0,2676516000.0,-4150000.0,1544912000.0,2325511000.0,,,,,,,,,,,180007000.0,123767000.0,28972000.0,78808000.0,7000.0,,45003000.0,,,-68264000.0,,,-110837000.0,906000.0,36372000.0
2023-09-30,2451273000.0,,,,,2058101000.0,393172000.0,,422012000.0,86879000.0,335133000.0,,,,,,69822000.0,620683000.0,,,,,873826000.0,845415000.0,,,,36110000.0,2394549000.0,,,40831000.0,680913000.0,,,,24758000.0,782660000.0,2752137000.0,-12794000.0,1611889000.0,2394549000.0,,,,,,,,,,,232769000.0,206616000.0,55772000.0,126361000.0,7000.0,,72101000.0,,,-105730000.0,,,-166256000.0,-39217000.0,68372000.0
2023-12-31,3268940000.0,,,,,2748684000.0,520256000.0,,561936000.0,115875000.0,446061000.0,,,,,,82017000.0,625338000.0,,,,,930189000.0,879224000.0,,,,42934000.0,2471964000.0,,,41210000.0,708977000.0,,,,21565000.0,809129000.0,2803689000.0,-13400000.0,1662835000.0,2471964000.0,47400000.0,,-1002000.0,,,,,,6678000.0,,381205000.0,279999000.0,76617000.0,160614000.0,88000.0,,92647000.0,,,-157565000.0,,,-221675000.0,1965000.0,104372000.0
2024-03-31,880701000.0,,,,,741889000.0,138812000.0,,157302000.0,32750000.0,124552000.0,,,,,,76693000.0,641691000.0,,,,,941771000.0,892952000.0,,,,48839000.0,2555794000.0,,,40555000.0,727516000.0,,,,28497000.0,829614000.0,2868864000.0,-15230000.0,1726180000.0,2555794000.0,,,,,,,,,,,87193000.0,77530000.0,46926000.0,25922000.0,0.0,,22446000.0,,,-26999000.0,,,-59377000.0,817000.0,-3142000.0
2024-06-30,1871139000.0,,,,,1542119000.0,329020000.0,,364629000.0,76174000.0,288455000.0,,,,,,47734000.0,708171000.0,,,,,1020272000.0,946525000.0,,,,47731000.0,2691960000.0,,,41570000.0,772272000.0,,,,22106000.0,863147000.0,2973390000.0,-17123000.0,1828813000.0,2691960000.0,,,,,,,,,,,218620000.0,236000000.0,100655000.0,105172000.0,7000000.0,,50488000.0,,,-79632000.0,,,-112409000.0,26579000.0,79881000.0
2024-09-30,2871025000.0,,,,,2361880000.0,509145000.0,,565471000.0,117186000.0,448285000.0,,,,,,48575000.0,736973000.0,,,,,1097358000.0,1000282000.0,,,,48318000.0,2864147000.0,,,42754000.0,806935000.0,,,,23493000.0,916192000.0,3073843000.0,1566000.0,1947955000.0,2864147000.0,,,,,,,,,,,417791000.0,373381000.0,152174000.0,156357000.0,7000000.0,,78202000.0,,,-170406000.0,,,-170227000.0,77158000.0,123881000.0
,,,,,,,,,,,,,,,,,,,,,,,,,,,,,,,,,,,,,,,,,,,,,,,,,,,,,,,,,,,,,,,,,,,
,,,,,,,,,,,,,,,,,,,,,,,,,,,,,,,,,,,,,,,,,,,,,,,,,,,,,,,,,,,,,,,,,,,
,,,,,,,,,,,,,,,,,,,,,,,,,,,,,,,,,,,,,,,,,,,,,,,,,,,,,,,,,,,,,,,,,,,
,,,,,,,,,,,,,,,,,,,,,,,,,,,,,,,,,,,,,,,,,,,,,,,,,,,,,,,,,,,,,,,,,,,
