Date,Net sales,Cost of sales,Gross margin,Research and development,"Selling, general and administrative",Total operating expenses,Operating income,"Other income/(expense), net",Income before provision for income taxes,Provision for income taxes,Net income,Earnings per share basic,Earnings per share diluted,Weighted-average basic,Weighted-average diluted,Cash and cash equivalents,Short-term marketable securities,"Accounts receivable, net",Inventories,Deferred tax assets,Vendor non-trade receivables,Other current assets,Total current assets,Long-term marketable securities,"Property, Plant and Equipment, Net",Goodwill,"Acquired intangible assets, net","Other Assets, Noncurrent",Total assets,accounts payable,Accrued expenses,Deferred revenue,Total current liabilities,Deferred revenue - non-current,deferred tax liabilities,long term taxes payable,Total other non-current liabilities,Total liabilities,Retained Earnings (Accumulated Deficit),Accumulated other comprehensive (loss)/income,Total shareholders equity,Total liabilities and shareholders' equity,"Depreciation, amortization and accretion",Stock-based compensation expense,Deferred income tax expense,"Increase (Decrease) in Accounts receivable, net",Increase (Decrease) in Inventories,Increase (Decrease) in Other Receivables,Increase (Decrease) in Other Operating Assets,Increase (Decrease) in Accounts Payable,Increase (Decrease) in Deferred Revenue,Increase (Decrease) Other liabilities,Cash generated by operating activities,Purchases of marketable securities,Proceeds from maturities of marketable securities,Proceeds from sales of marketable securities,Purchases of other long-term investments,"Business acquisitions, net of cash acquired",Cash payments for capital asset purchases,Payments for acquisition of intangible assets,Payments for (Proceeds from) Other Investing Activities,Cash used in investing activities,Proceeds from issuance of common stock,Excess tax benefits from stock-based compensation,Cash generated/used in financing activities,Increase/(decrease) in cash and cash equivalents,"Cash paid for income taxes, net"
2012-09-30,0.0,,,,,7690.0,,,-7757.0,0.0,,,,,,23273.0,,,,,,,,,,,,,4776348.0,,,,4784103.0,,,,,,-7757.0,,-7755.0,4776348.0,,,,,,,,,,,-7690.0,,,,,,,,,,,,30763.0,23273.0,
2012-12-31,16311000000.0,11448000000.0,,439000000.0,2894000000.0,,2216000000.0,,1251000000.0,31000000.0,1217000000.0,3.54,3.46,347800000.0,350900000.0,577000000.0,527000000.0,,2349000000.0,449000000.0,,,7844000000.0,,3877000000.0,14396000000.0,6779000000.0,1698000000.0,35848000000.0,1879000000.0,2018000000.0,,5431000000.0,,2024000000.0,,774000000.0,,5805000000.0,-1990000000.0,15086000000.0,35848000000.0,598000000.0,,-105000000.0,-108000000.0,-166000000.0,,,-220000000.0,,,1664000000.0,,,,,6936000000.0,593000000.0,,46000000.0,-6972000000.0,,21000000.0,5480000000.0,192000000.0,
2013-03-31,5310000000.0,3735000000.0,,152000000.0,958000000.0,,723000000.0,,400000000.0,20000000.0,,0.8,0.79,471900000.0,475100000.0,639000000.0,,,2394000000.0,459000000.0,,,8196000000.0,,3841000000.0,14275000000.0,6664000000.0,898000000.0,34977000000.0,1978000000.0,1954000000.0,,4903000000.0,,2007000000.0,,862000000.0,,,,15167000000.0,34977000000.0,245000000.0,,,,,,,,,,100000000.0,,,,,-8000000.0,122000000.0,,6000000.0,773000000.0,,16000000.0,-810000000.0,62000000.0,
2013-06-30,10912000000.0,7605000000.0,,313000000.0,1918000000.0,,1565000000.0,,934000000.0,57000000.0,,1.84,1.83,473400000.0,476300000.0,628000000.0,,,2405000000.0,448000000.0,,,8229000000.0,,3749000000.0,14049000000.0,7186000000.0,875000000.0,35257000000.0,2045000000.0,1878000000.0,,4981000000.0,,2301000000.0,,934000000.0,,,,15388000000.0,35257000000.0,490000000.0,,,,,,,,,,709000000.0,,,,,11000000.0,251000000.0,,41000000.0,606000000.0,,22000000.0,-1250000000.0,51000000.0,
2013-09-30,16519000000.0,11488000000.0,,479000000.0,2885000000.0,,2411000000.0,,1455000000.0,64000000.0,,2.92,2.9,474000000.0,477200000.0,642000000.0,,,2403000000.0,404000000.0,,,8766000000.0,,3757000000.0,14276000000.0,7231000000.0,954000000.0,35312000000.0,1976000000.0,1984000000.0,,5054000000.0,,1513000000.0,,1065000000.0,,,,16071000000.0,35312000000.0,740000000.0,,,,,,,,,,1413000000.0,,,,,11000000.0,372000000.0,,50000000.0,143000000.0,,24000000.0,-1485000000.0,65000000.0,
2013-12-31,0.0,15369000000.0,,644000000.0,3886000000.0,,3178000000.0,,1884000000.0,11000000.0,,3.93,3.9,473500000.0,476700000.0,915000000.0,794000000.0,,2382000000.0,577000000.0,,,8731000000.0,,3833000000.0,14495000000.0,7186000000.0,1006000000.0,35491000000.0,1960000000.0,1913000000.0,,4914000000.0,,1313000000.0,,1299000000.0,,6866000000.0,-1560000000.0,16791000000.0,35491000000.0,997000000.0,,-346000000.0,231000000.0,92000000.0,,,86000000.0,,,2285000000.0,,,,,9000000.0,614000000.0,,68000000.0,-202000000.0,,32000000.0,-1736000000.0,338000000.0,
2014-03-31,5492000000.0,3858000000.0,,162000000.0,962000000.0,,,,453000000.0,12000000.0,,0.92,0.92,475800000.0,478800000.0,784000000.0,,,2532000000.0,554000000.0,,,8683000000.0,,3806000000.0,14450000000.0,7078000000.0,988000000.0,35262000000.0,2076000000.0,2071000000.0,,4805000000.0,,1296000000.0,,1165000000.0,,,,17037000000.0,35262000000.0,249000000.0,,,,,,,,,,12000000.0,,,,,,110000000.0,,20000000.0,304000000.0,,20000000.0,-443000000.0,-131000000.0,
2014-06-30,11259000000.0,7883000000.0,,330000000.0,1946000000.0,,,,510000000.0,-115000000.0,,1.28,1.27,475900000.0,478700000.0,631000000.0,,,2534000000.0,552000000.0,,,8838000000.0,,3793000000.0,14377000000.0,6976000000.0,1032000000.0,35258000000.0,2044000000.0,2708000000.0,,5543000000.0,,1047000000.0,,1121000000.0,,,,16982000000.0,35258000000.0,499000000.0,,,,,,,,,,645000000.0,,,,,,236000000.0,,51000000.0,148000000.0,,20000000.0,-1078000000.0,-284000000.0,
2014-09-30,16987000000.0,11799000000.0,,493000000.0,2907000000.0,,,,1152000000.0,-66000000.0,,2.55,2.53,475500000.0,478200000.0,655000000.0,,,2498000000.0,581000000.0,,,8431000000.0,,3702000000.0,14088000000.0,6739000000.0,1038000000.0,34239000000.0,2038000000.0,2111000000.0,,4986000000.0,,1035000000.0,,1141000000.0,,,,16587000000.0,34239000000.0,743000000.0,,,,,,,,,,934000000.0,,,,,,378000000.0,,56000000.0,293000000.0,,20000000.0,-1480000000.0,-260000000.0,
2014-12-31,0.0,15646000000.0,,647000000.0,3810000000.0,,3312000000.0,,1761000000.0,-42000000.0,,3.78,3.76,474100000.0,476800000.0,781000000.0,245000000.0,,2428000000.0,593000000.0,,,8100000000.0,,3750000000.0,13893000000.0,6556000000.0,1002000000.0,33529000000.0,1940000000.0,1985000000.0,,5355000000.0,,901000000.0,,1085000000.0,,7078000000.0,-2899000000.0,15786000000.0,33529000000.0,983000000.0,,-396000000.0,205000000.0,152000000.0,,,49000000.0,,,1878000000.0,,,,,-2000000.0,632000000.0,,31000000.0,143000000.0,,20000000.0,-2130000000.0,-134000000.0,
2015-03-31,5223000000.0,3593000000.0,,158000000.0,915000000.0,,,,505000000.0,38000000.0,466000000.0,1.0,0.99,467900000.0,470000000.0,663000000.0,,,2424000000.0,576000000.0,,,7940000000.0,,3634000000.0,13548000000.0,6317000000.0,1037000000.0,32696000000.0,1969000000.0,1904000000.0,,5666000000.0,,881000000.0,,1020000000.0,,,,15210000000.0,32696000000.0,226000000.0,,,,,,,,,,77000000.0,,,,,38000000.0,105000000.0,,9000000.0,-53000000.0,,0.0,-127000000.0,-118000000.0,
2015-06-30,10595000000.0,7268000000.0,,316000000.0,1816000000.0,,,,1103000000.0,101000000.0,1001000000.0,2.14,2.13,467700000.0,469600000.0,303000000.0,,,2439000000.0,553000000.0,,,7644000000.0,,3680000000.0,13698000000.0,6282000000.0,1025000000.0,32579000000.0,1931000000.0,1817000000.0,,5056000000.0,,876000000.0,,1015000000.0,,,,15753000000.0,32579000000.0,460000000.0,,,,,,,,,,656000000.0,,,,,38000000.0,246000000.0,,33000000.0,-207000000.0,,0.0,-912000000.0,-478000000.0,
2015-09-30,15798000000.0,10865000000.0,,472000000.0,2723000000.0,,,,1590000000.0,143000000.0,1447000000.0,3.1,3.09,466800000.0,468500000.0,418000000.0,,,2395000000.0,550000000.0,,,7579000000.0,,3590000000.0,13540000000.0,6139000000.0,1107000000.0,32201000000.0,1997000000.0,1888000000.0,,5100000000.0,,820000000.0,,997000000.0,,,,15366000000.0,32201000000.0,692000000.0,,,,,,,,,,1629000000.0,,,,,38000000.0,368000000.0,,44000000.0,-373000000.0,,0.0,-1589000000.0,-363000000.0,
2015-12-31,0.0,14292000000.0,,625000000.0,3596000000.0,,3133000000.0,,2145000000.0,164000000.0,,4.25,4.23,465500000.0,467100000.0,268000000.0,177000000.0,,2323000000.0,0.0,,,6616000000.0,,3565000000.0,13479000000.0,6014000000.0,995000000.0,31031000000.0,1758000000.0,1833000000.0,,4625000000.0,,390000000.0,,978000000.0,,7346000000.0,-3863000000.0,15186000000.0,31031000000.0,925000000.0,,-194000000.0,-5000000.0,20000000.0,,,-120000000.0,,,2371000000.0,,,,,72000000.0,506000000.0,,35000000.0,-575000000.0,,1000000.0,-2267000000.0,-513000000.0,
2016-03-31,4813000000.0,3291000000.0,,149000000.0,892000000.0,,,,442000000.0,39000000.0,404000000.0,0.88,0.88,458600000.0,459800000.0,333000000.0,,,2391000000.0,,,,7013000000.0,,3583000000.0,13588000000.0,5947000000.0,1072000000.0,31583000000.0,1795000000.0,1878000000.0,,5022000000.0,,395000000.0,,1008000000.0,,,,15519000000.0,31583000000.0,233000000.0,,,,,,,,,,371000000.0,,,,,-1000000.0,111000000.0,,-4000000.0,-159000000.0,,2000000.0,-160000000.0,65000000.0,
2016-06-30,9893000000.0,6710000000.0,,298000000.0,1789000000.0,,,,995000000.0,100000000.0,895000000.0,1.96,1.95,457800000.0,459000000.0,323000000.0,,,2323000000.0,,,,6826000000.0,,3551000000.0,13450000000.0,5795000000.0,1119000000.0,31154000000.0,1802000000.0,1889000000.0,,4816000000.0,,365000000.0,,1017000000.0,,,,15320000000.0,31154000000.0,467000000.0,,,,,,,,,,1116000000.0,,,,,-1000000.0,246000000.0,,-3000000.0,-204000000.0,,3000000.0,-865000000.0,55000000.0,
2016-09-30,14880000000.0,10081000000.0,,444000000.0,2642000000.0,,,,1568000000.0,151000000.0,1418000000.0,3.1,3.09,456500000.0,457900000.0,494000000.0,,,2328000000.0,,,,7087000000.0,,3506000000.0,13434000000.0,5689000000.0,1109000000.0,31237000000.0,1790000000.0,1866000000.0,,4595000000.0,,366000000.0,,988000000.0,,,,15404000000.0,31237000000.0,700000000.0,,,,,,,,,,1914000000.0,,,,,-1000000.0,346000000.0,,-3000000.0,-371000000.0,,0.0,-1325000000.0,226000000.0,
2016-12-31,0.0,13400000000.0,,589000000.0,3505000000.0,,2958000000.0,,2127000000.0,202000000.0,,4.22,4.21,455000000.0,456500000.0,543000000.0,203000000.0,,2254000000.0,,,,6941000000.0,,3443000000.0,13201000000.0,5514000000.0,960000000.0,30419000000.0,1718000000.0,1822000000.0,,5485000000.0,,321000000.0,,934000000.0,,7498000000.0,-4448000000.0,14897000000.0,30419000000.0,929000000.0,,-102000000.0,170000000.0,-25000000.0,,,0.0,,,2552000000.0,,,,,-1000000.0,497000000.0,,-7000000.0,-529000000.0,,1000000.0,-1720000000.0,275000000.0,
2017-03-31,4848000000.0,3310000000.0,,143000000.0,885000000.0,,,,464000000.0,32000000.0,432000000.0,0.96,0.96,448800000.0,451000000.0,222000000.0,,,2344000000.0,,,,6975000000.0,,3481000000.0,13296000000.0,5441000000.0,979000000.0,30611000000.0,1891000000.0,1860000000.0,,5557000000.0,,319000000.0,,940000000.0,,,,15157000000.0,30611000000.0,225000000.0,,,,,,,,,,463000000.0,,,,,0.0,116000000.0,,20000000.0,-229000000.0,,,-563000000.0,-321000000.0,
2017-06-30,9980000000.0,6760000000.0,,293000000.0,1787000000.0,,,,1034000000.0,86000000.0,947000000.0,2.12,2.1,447500000.0,449800000.0,312000000.0,,,2393000000.0,,,,7487000000.0,,3530000000.0,13478000000.0,5410000000.0,1007000000.0,31355000000.0,1885000000.0,1745000000.0,,6309000000.0,,316000000.0,,930000000.0,,,,15552000000.0,31355000000.0,453000000.0,,,,,,,,,,1037000000.0,,,,,0.0,246000000.0,,31000000.0,-586000000.0,,,-689000000.0,-231000000.0,
2017-09-30,15191000000.0,10229000000.0,,440000000.0,2703000000.0,,,,2725000000.0,378000000.0,2346000000.0,5.26,5.23,445900000.0,448300000.0,791000000.0,,,2457000000.0,,,,8449000000.0,,3486000000.0,13545000000.0,5354000000.0,1627000000.0,32725000000.0,2039000000.0,1928000000.0,,5900000000.0,,327000000.0,,895000000.0,,,,16593000000.0,32725000000.0,685000000.0,,,,,,,,,,1787000000.0,,,,,0.0,351000000.0,,63000000.0,-435000000.0,,,-1115000000.0,248000000.0,
2017-12-31,20404000000.0,13756000000.0,,584000000.0,3565000000.0,,3214000000.0,,3368000000.0,382000000.0,,6.71,6.68,444500000.0,447000000.0,561000000.0,534000000.0,,2620000000.0,253000000.0,,,8337000000.0,,3502000000.0,13568000000.0,5265000000.0,1698000000.0,32623000000.0,2166000000.0,1872000000.0,,5075000000.0,,538000000.0,,965000000.0,,8669000000.0,-3404000000.0,17253000000.0,32623000000.0,914000000.0,,24000000.0,231000000.0,202000000.0,,,388000000.0,,,2666000000.0,,,,,0.0,520000000.0,,6000000.0,-217000000.0,,,-2442000000.0,18000000.0,
2018-03-31,5251000000.0,3573000000.0,,156000000.0,889000000.0,,,,565000000.0,78000000.0,488000000.0,1.11,1.1,438800000.0,441700000.0,317000000.0,,,2745000000.0,,,,8129000000.0,,3543000000.0,13698000000.0,5206000000.0,1736000000.0,32668000000.0,2203000000.0,1861000000.0,,5396000000.0,,557000000.0,,985000000.0,,,,17263000000.0,32668000000.0,230000000.0,,,,,,,,,,339000000.0,,,,,,131000000.0,,37000000.0,-137000000.0,,,-443000000.0,-244000000.0,
2018-06-30,10738000000.0,7244000000.0,,301000000.0,1790000000.0,,,,1259000000.0,161000000.0,1098000000.0,2.51,2.5,437000000.0,439500000.0,256000000.0,,,2753000000.0,,,,7913000000.0,,3462000000.0,13427000000.0,5050000000.0,1717000000.0,31865000000.0,2192000000.0,1910000000.0,,5387000000.0,,486000000.0,,986000000.0,,,,16690000000.0,31865000000.0,457000000.0,,,,,,,,,,838000000.0,,,,,,280000000.0,,41000000.0,-37000000.0,,,-1168000000.0,-305000000.0,
2018-09-30,16150000000.0,10841000000.0,,439000000.0,2679000000.0,,,,1698000000.0,184000000.0,1514000000.0,3.47,3.45,435800000.0,438400000.0,327000000.0,,,2835000000.0,,,,7867000000.0,,3446000000.0,13385000000.0,4949000000.0,1740000000.0,31628000000.0,2165000000.0,2167000000.0,,5267000000.0,,347000000.0,,984000000.0,,,,16754000000.0,31628000000.0,680000000.0,,,,,,,,,,1838000000.0,,,,,,411000000.0,,52000000.0,-256000000.0,,,-1868000000.0,-234000000.0,
2018-12-31,21609000000.0,14511000000.0,,584000000.0,3548000000.0,,3630000000.0,,2424000000.0,278000000.0,2145000000.0,4.93,4.91,434300000.0,436900000.0,283000000.0,,,2785000000.0,,,,7590000000.0,,3467000000.0,13328000000.0,4846000000.0,1568000000.0,31092000000.0,2130000000.0,1814000000.0,,5154000000.0,,349000000.0,,1054000000.0,,8161000000.0,-4145000000.0,16107000000.0,31092000000.0,903000000.0,,-139000000.0,123000000.0,242000000.0,,,23000000.0,,,2658000000.0,,,,,,565000000.0,,78000000.0,-398000000.0,,,-2581000000.0,-278000000.0,
2019-03-31,5305000000.0,3573000000.0,,156000000.0,917000000.0,,,,603000000.0,81000000.0,522000000.0,1.23,1.23,424000000.0,425900000.0,303000000.0,,,2897000000.0,,,,7744000000.0,,3473000000.0,13318000000.0,4754000000.0,1631000000.0,31649000000.0,2274000000.0,1927000000.0,,5286000000.0,,360000000.0,,1061000000.0,,8225000000.0,-4078000000.0,16233000000.0,31649000000.0,221000000.0,,,,,,,,,,551000000.0,,,,,,149000000.0,,-14000000.0,-68000000.0,,,-471000000.0,20000000.0,
2019-06-30,10838000000.0,7270000000.0,,307000000.0,1824000000.0,,,,1341000000.0,183000000.0,1158000000.0,2.74,2.73,422800000.0,424500000.0,412000000.0,,,2853000000.0,,,,8126000000.0,,3510000000.0,13463000000.0,4766000000.0,1657000000.0,32244000000.0,2268000000.0,1818000000.0,,4450000000.0,,389000000.0,,1064000000.0,,8300000000.0,-4108000000.0,16306000000.0,32244000000.0,442000000.0,,,,,,,,,,1431000000.0,,,,,243000000.0,298000000.0,,-2000000.0,-710000000.0,,,-599000000.0,129000000.0,
2019-09-30,16152000000.0,10782000000.0,,454000000.0,2709000000.0,,,,2059000000.0,299000000.0,1759000000.0,4.18,4.16,420700000.0,422500000.0,549000000.0,,,2901000000.0,,,,8012000000.0,,3483000000.0,13337000000.0,4657000000.0,1668000000.0,31895000000.0,2290000000.0,1942000000.0,,4661000000.0,,309000000.0,,1118000000.0,,8062000000.0,-4367000000.0,15848000000.0,31895000000.0,668000000.0,,,,,,,,,,2514000000.0,,,,,277000000.0,441000000.0,,8000000.0,-832000000.0,,,-1423000000.0,266000000.0,
2019-12-31,21400000000.0,14338000000.0,,606000000.0,3583000000.0,,3675000000.0,,2591000000.0,378000000.0,,5.28,5.25,419000000.0,420800000.0,370000000.0,,,2805000000.0,,,,8728000000.0,,3496000000.0,13456000000.0,4638000000.0,1679000000.0,32805000000.0,2114000000.0,1741000000.0,,5132000000.0,,396000000.0,,1204000000.0,,8170000000.0,-4290000000.0,16082000000.0,32805000000.0,884000000.0,,-58000000.0,-200000000.0,60000000.0,,,147000000.0,,,3451000000.0,,,,,1180000000.0,587000000.0,,47000000.0,-1866000000.0,,,-1494000000.0,87000000.0,
2020-03-31,4789000000.0,3302000000.0,,153000000.0,865000000.0,,,,621000000.0,183000000.0,438000000.0,1.07,1.07,409300000.0,411100000.0,239000000.0,,,2346000000.0,,,,8670000000.0,,2939000000.0,12397000000.0,4319000000.0,1740000000.0,30845000000.0,1785000000.0,1840000000.0,,4944000000.0,,,,1437000000.0,,7007000000.0,-4966000000.0,14245000000.0,30845000000.0,199000000.0,,,,,,,,,,323000000.0,,,,,195000000.0,112000000.0,,9000000.0,1100000000.0,,,-1530000000.0,-131000000.0,
2020-06-30,8645000000.0,6179000000.0,,279000000.0,1556000000.0,,,,668000000.0,176000000.0,489000000.0,1.21,1.2,404800000.0,406200000.0,292000000.0,,,2138000000.0,,,,8213000000.0,,2904000000.0,12497000000.0,4241000000.0,1718000000.0,30348000000.0,1620000000.0,1821000000.0,,5489000000.0,,,,1442000000.0,,6767000000.0,-4809000000.0,14188000000.0,30348000000.0,397000000.0,,,,,,,,,,1080000000.0,,,,,195000000.0,202000000.0,,33000000.0,900000000.0,,,-2034000000.0,-78000000.0,
2020-09-30,13171000000.0,9230000000.0,,411000000.0,2310000000.0,,,,1193000000.0,254000000.0,935000000.0,2.32,2.31,403300000.0,404900000.0,429000000.0,,,2096000000.0,,,,8671000000.0,,2916000000.0,12677000000.0,4179000000.0,1745000000.0,30985000000.0,1788000000.0,2004000000.0,,5805000000.0,,,,1423000000.0,,6741000000.0,-4533000000.0,14476000000.0,30985000000.0,603000000.0,,,,,,,,,,2001000000.0,,,,,200000000.0,291000000.0,,59000000.0,709000000.0,,,-2619000000.0,59000000.0,
2020-12-31,17900000000.0,12408000000.0,,551000000.0,3075000000.0,,,,1746000000.0,331000000.0,1410000000.0,3.51,3.49,402200000.0,404000000.0,438000000.0,,,2109000000.0,,,,9178000000.0,,2964000000.0,12903000000.0,4175000000.0,1750000000.0,31824000000.0,1987000000.0,2027000000.0,,5881000000.0,,,,1439000000.0,,6794000000.0,-4195000000.0,14930000000.0,31824000000.0,811000000.0,,-125000000.0,-219000000.0,-371000000.0,,,76000000.0,,,2944000000.0,,,,,200000000.0,389000000.0,,75000000.0,397000000.0,,,-3258000000.0,68000000.0,
2021-03-31,4692000000.0,3184000000.0,,148000000.0,795000000.0,,,,538000000.0,79000000.0,458000000.0,1.15,1.14,398300000.0,400900000.0,,,,2399000000.0,,,,9905000000.0,,2922000000.0,13757000000.0,4722000000.0,1909000000.0,34080000000.0,2172000000.0,2098000000.0,,6581000000.0,,,,1398000000.0,,6883000000.0,-4225000000.0,14995000000.0,34080000000.0,208000000.0,,,,,,,,,,260000000.0,,,,,1700000000.0,119000000.0,,85000000.0,-2201000000.0,,,1875000000.0,-84000000.0,
2021-06-30,9907000000.0,6729000000.0,,302000000.0,1671000000.0,,,,1158000000.0,193000000.0,964000000.0,2.42,2.4,398800000.0,401400000.0,279000000.0,,,2668000000.0,,,,9789000000.0,,3058000000.0,14880000000.0,6195000000.0,1967000000.0,36804000000.0,2484000000.0,2089000000.0,,8906000000.0,,,,1460000000.0,,7068000000.0,-4031000000.0,15408000000.0,36804000000.0,437000000.0,,,,,,,,,,897000000.0,,,,,4500000000.0,272000000.0,,20000000.0,-4483000000.0,,,3453000000.0,-159000000.0,
2021-09-30,14830000000.0,10067000000.0,,454000000.0,2505000000.0,,,,2271000000.0,676000000.0,1593000000.0,4.0,3.97,398900000.0,401900000.0,271000000.0,,,2802000000.0,,,,7487000000.0,,3025000000.0,14767000000.0,6041000000.0,1938000000.0,34128000000.0,2591000000.0,2290000000.0,,5914000000.0,,,,1541000000.0,,7345000000.0,-3788000000.0,15971000000.0,34128000000.0,684000000.0,,,,,,,,,,1368000000.0,,,,,4500000000.0,412000000.0,,23000000.0,-1688000000.0,,,166000000.0,-167000000.0,
2021-12-31,19628000000.0,13293000000.0,,616000000.0,3256000000.0,,,,2896000000.0,750000000.0,2144000000.0,5.38,5.34,398700000.0,401600000.0,297000000.0,,,2969000000.0,,,,7511000000.0,,3064000000.0,14751000000.0,5855000000.0,2012000000.0,34027000000.0,2797000000.0,2166000000.0,395000000.0,7212000000.0,,,,1502000000.0,,7594000000.0,-3633000000.0,16413000000.0,34027000000.0,922000000.0,,-30000000.0,271000000.0,629000000.0,,,832000000.0,,,2163000000.0,,,,,4500000000.0,575000000.0,,46000000.0,-1764000000.0,,,-535000000.0,-141000000.0,
2022-03-31,4843000000.0,3269000000.0,,165000000.0,790000000.0,,,,619000000.0,86000000.0,532000000.0,1.33,1.33,399200000.0,401800000.0,237000000.0,,,3317000000.0,,,,8194000000.0,,3098000000.0,14955000000.0,6012000000.0,2112000000.0,35208000000.0,2867000000.0,2214000000.0,401000000.0,8256000000.0,,,,1465000000.0,,7707000000.0,-3517000000.0,16620000000.0,35208000000.0,244000000.0,,,,,,,,,,42000000.0,,,,,612000000.0,115000000.0,,17000000.0,-762000000.0,,,652000000.0,-60000000.0,
2022-06-30,10054000000.0,6774000000.0,,333000000.0,1618000000.0,,,,1339000000.0,205000000.0,1133000000.0,2.84,2.82,399100000.0,401200000.0,364000000.0,,,3445000000.0,,,,8687000000.0,,3043000000.0,14805000000.0,5689000000.0,2033000000.0,35153000000.0,3013000000.0,2176000000.0,421000000.0,8974000000.0,,,,1446000000.0,,7886000000.0,-3961000000.0,16380000000.0,35153000000.0,479000000.0,,,,,,,,,,382000000.0,,,,,612000000.0,254000000.0,,41000000.0,-822000000.0,,,492000000.0,66000000.0,
2022-09-30,15368000000.0,10319000000.0,,498000000.0,2431000000.0,,,,2060000000.0,316000000.0,1741000000.0,4.36,4.34,398900000.0,400900000.0,231000000.0,,,3428000000.0,,,,8540000000.0,,2967000000.0,14479000000.0,5492000000.0,1946000000.0,34364000000.0,2937000000.0,2358000000.0,407000000.0,6653000000.0,,,,1489000000.0,,8070000000.0,-4483000000.0,16068000000.0,34364000000.0,716000000.0,,,,,,,,,,1347000000.0,,,,,612000000.0,389000000.0,,58000000.0,-983000000.0,,,-445000000.0,-67000000.0,
2022-12-31,20800000000.0,13865000000.0,,665000000.0,3227000000.0,,,,2911000000.0,445000000.0,2462000000.0,6.17,6.14,398700000.0,400800000.0,294000000.0,,,3430000000.0,,,,8746000000.0,,3146000000.0,14796000000.0,5485000000.0,1940000000.0,35014000000.0,3072000000.0,2488000000.0,489000000.0,6360000000.0,,,,1444000000.0,,8468000000.0,-3946000000.0,17038000000.0,35014000000.0,954000000.0,,-128000000.0,743000000.0,490000000.0,,,334000000.0,,,2533000000.0,,,,,610000000.0,598000000.0,,79000000.0,-1200000000.0,,,-1340000000.0,-3000000.0,
2023-03-31,5483000000.0,3599000000.0,,179000000.0,904000000.0,,,,762000000.0,123000000.0,638000000.0,1.6,1.59,398500000.0,400500000.0,235000000.0,,,3604000000.0,,,,9138000000.0,,3206000000.0,14894000000.0,5386000000.0,1975000000.0,35517000000.0,3118000000.0,2524000000.0,586000000.0,6087000000.0,,,,1417000000.0,,8757000000.0,-3814000000.0,17449000000.0,35517000000.0,238000000.0,,,,,,,,,,335000000.0,,,,,0.0,126000000.0,,14000000.0,-124000000.0,,,-281000000.0,-59000000.0,
2023-06-30,11349000000.0,7346000000.0,,366000000.0,1890000000.0,,,,1660000000.0,276000000.0,1382000000.0,3.47,3.45,398900000.0,400700000.0,353000000.0,,,3670000000.0,,,,10303000000.0,,3267000000.0,14914000000.0,5285000000.0,2056000000.0,36772000000.0,3192000000.0,2571000000.0,604000000.0,6725000000.0,,,,1428000000.0,,9156000000.0,-3760000000.0,17953000000.0,36772000000.0,466000000.0,,,,,,,,,,1185000000.0,,,,,0.0,286000000.0,,-2000000.0,-1030000000.0,,,-113000000.0,59000000.0,
2023-09-30,17229000000.0,11030000000.0,,553000000.0,2839000000.0,,,,2739000000.0,463000000.0,2273000000.0,5.7,5.67,399400000.0,401600000.0,348000000.0,,,3713000000.0,,,,10983000000.0,,3341000000.0,14781000000.0,5158000000.0,2076000000.0,37289000000.0,3255000000.0,2716000000.0,610000000.0,7563000000.0,,,,1429000000.0,,9703000000.0,-3927000000.0,18383000000.0,37289000000.0,695000000.0,,,,,,,,,,2326000000.0,,,,,0.0,514000000.0,,9000000.0,-1782000000.0,,,-507000000.0,54000000.0,
2023-12-31,23200000000.0,14762000000.0,,754000000.0,3795000000.0,,,,3827000000.0,604000000.0,3218000000.0,8.06,8.02,399100000.0,401100000.0,488000000.0,,,3739000000.0,,,,11675000000.0,,3530000000.0,14977000000.0,5091000000.0,2052000000.0,38432000000.0,3365000000.0,2680000000.0,610000000.0,7747000000.0,,,,1489000000.0,,10305000000.0,-3906000000.0,19036000000.0,38432000000.0,926000000.0,,-182000000.0,341000000.0,282000000.0,,,256000000.0,,,3624000000.0,,,,,0.0,757000000.0,,54000000.0,-2575000000.0,,,-871000000.0,194000000.0,
2024-03-31,5943000000.0,3725000000.0,,189000000.0,1025000000.0,,,,1001000000.0,179000000.0,821000000.0,2.05,2.04,399900000.0,401900000.0,473000000.0,,,3868000000.0,,,,11853000000.0,,3558000000.0,14877000000.0,4975000000.0,2070000000.0,38535000000.0,3400000000.0,2726000000.0,651000000.0,7613000000.0,,,,1478000000.0,,10605000000.0,-3946000000.0,19292000000.0,38535000000.0,225000000.0,,,,,,,,,,475000000.0,,,,,,183000000.0,,3000000.0,33000000.0,,,-536000000.0,-15000000.0,
2024-06-30,12293000000.0,7665000000.0,,385000000.0,2046000000.0,,,,2195000000.0,379000000.0,1814000000.0,4.54,4.52,399600000.0,401500000.0,540000000.0,,,3963000000.0,,,,12652000000.0,,3604000000.0,14849000000.0,4883000000.0,2110000000.0,39381000000.0,3497000000.0,2812000000.0,639000000.0,8120000000.0,,,,1484000000.0,,10622000000.0,-4069000000.0,19219000000.0,39381000000.0,452000000.0,,,,,,,,,,1421000000.0,,,,,51000000.0,370000000.0,,7000000.0,-511000000.0,,,-839000000.0,52000000.0,
2024-09-30,18638000000.0,11564000000.0,,593000000.0,3074000000.0,,,,3399000000.0,573000000.0,2823000000.0,7.08,7.05,398700000.0,400600000.0,473000000.0,,,4178000000.0,,,,12152000000.0,,3711000000.0,15044000000.0,4809000000.0,2154000000.0,39236000000.0,3609000000.0,2928000000.0,607000000.0,7941000000.0,,,,1503000000.0,,10366000000.0,-3947000000.0,19117000000.0,39236000000.0,687000000.0,,,,,,,,,,2730000000.0,,,,,50000000.0,553000000.0,,27000000.0,0.0,,,-2692000000.0,-14000000.0,
