Date,Net sales,Cost of sales,Gross margin,Research and development,"Selling, general and administrative",Total operating expenses,Operating income,"Other income/(expense), net",Income before provision for income taxes,Provision for income taxes,Net income,Earnings per share basic,Earnings per share diluted,Weighted-average basic,Weighted-average diluted,Cash and cash equivalents,Short-term marketable securities,"Accounts receivable, net",Inventories,Deferred tax assets,Vendor non-trade receivables,Other current assets,Total current assets,Long-term marketable securities,"Property, Plant and Equipment, Net",Goodwill,"Acquired intangible assets, net","Other Assets, Noncurrent",Total assets,accounts payable,Accrued expenses,Deferred revenue,Total current liabilities,Deferred revenue - non-current,deferred tax liabilities,long term taxes payable,Total other non-current liabilities,Total liabilities,Retained Earnings (Accumulated Deficit),Accumulated other comprehensive (loss)/income,Total shareholders equity,Total liabilities and shareholders' equity,"Depreciation, amortization and accretion",Stock-based compensation expense,Deferred income tax expense,"Increase (Decrease) in Accounts receivable, net",Increase (Decrease) in Inventories,Increase (Decrease) in Other Receivables,Increase (Decrease) in Other Operating Assets,Increase (Decrease) in Accounts Payable,Increase (Decrease) in Deferred Revenue,Increase (Decrease) Other liabilities,Cash generated by operating activities,Purchases of marketable securities,Proceeds from maturities of marketable securities,Proceeds from sales of marketable securities,Purchases of other long-term investments,"Business acquisitions, net of cash acquired",Cash payments for capital asset purchases,Payments for acquisition of intangible assets,Payments for (Proceeds from) Other Investing Activities,Cash used in investing activities,Proceeds from issuance of common stock,Excess tax benefits from stock-based compensation,Cash generated/used in financing activities,Increase/(decrease) in cash and cash equivalents,"Cash paid for income taxes, net"
2010-03-31,,,,,,2282633000.0,476714000.0,60983000.0,366499000.0,147685000.0,213799000.0,1.13,1.12,189202684.0,191283703.0,1657034000.0,,936998000.0,,24155000.0,,733669000.0,4732620000.0,,247296000.0,377172000.0,,1121591000.0,38109402000.0,877093000.0,92907000.0,,3059781000.0,,7906361000.0,,677464000.0,,8115010000.0,85392000.0,8860079000.0,38109402000.0,423432000.0,,,43830000.0,,,,-79250000.0,,,674265000.0,,,,,,,,-96416000.0,-515448000.0,,,-211941000.0,-52517000.0,-1385000.0
2010-09-30,,,,,,7080876000.0,1873597000.0,135809000.0,1573226000.0,536227000.0,1021951000.0,5.44,5.38,187968582.0,189914439.0,1930919000.0,,1217205000.0,,4508000.0,,500290000.0,5047463000.0,,253290000.0,377172000.0,,1027813000.0,38668207000.0,1009194000.0,388532000.0,,2914186000.0,,8146036000.0,,631721000.0,,8611081000.0,72566000.0,8731752000.0,38668207000.0,1259543000.0,,,243326000.0,,,,44348000.0,,,3165089000.0,,,1974000000.0,,,,,-117696000.0,-1994744000.0,,,-949227000.0,221368000.0,32964000.0
2010-12-31,,,,,,9264373000.0,2267377000.0,195334000.0,1887544000.0,617239000.0,1250242000.0,6.72,6.66,186010452.0,187814235.0,1294472000.0,,1035582000.0,,-8559958000.0,,246036000.0,4339083000.0,,257847000.0,377172000.0,,909773000.0,38685276000.0,1181099000.0,395250000.0,,2776249000.0,,8573646000.0,,618559000.0,,8689401000.0,-38212000.0,8496400000.0,38685276000.0,1705331000.0,,-8321000.0,99640000.0,,,,216635000.0,,,3926081000.0,,,2606000000.0,,,,,-24956000.0,-2574223000.0,,,-1767275000.0,-415079000.0,32144000.0
2011-03-31,,,,,,2030317000.0,510891000.0,34637000.0,417928000.0,164250000.0,248663000.0,1.39,1.38,178834342000.0,180083830000.0,726237000.0,,932137000.0,,9301000.0,,253265000.0,3777586000.0,,260133000.0,377172000.0,,951507000.0,38598566000.0,986307000.0,394985000.0,,2310744000.0,,8759164000.0,,621980000.0,,8789534000.0,-67177000.0,8535138000.0,38598566000.0,422411000.0,,,-102711000.0,,,,-154398000.0,,,323101000.0,,,493000000.0,,,,,21212000.0,-896825000.0,,,5787000.0,-568235000.0,-4380000.0
2011-06-30,,,,,,4274859000.0,1069629000.0,74350000.0,889480000.0,315203000.0,564246000.0,3.16,3.14,178318784.0,179502551.0,529858000.0,,1203102000.0,,6975000.0,,237252000.0,3863142000.0,,260614000.0,377172000.0,,927658000.0,39129761000.0,1044217000.0,390089000.0,,2242404000.0,,8867158000.0,,599015000.0,,8957516000.0,-75156000.0,8597566000.0,39129761000.0,852028000.0,,,168253000.0,,,,-76803000.0,,,977249000.0,,,636000000.0,,,,,42994000.0,-1827723000.0,,,86170000.0,-764614000.0,77000.0
2011-09-30,8740041000.0,,,,,7069502000.0,1670539000.0,114966000.0,1403418000.0,196072000.0,1192300000.0,6.7,6.67,177857667.0,178805215.0,987140000.0,,1248373000.0,,5292000.0,,227851000.0,4154498000.0,,258967000.0,377172000.0,,879523000.0,39161498000.0,882651000.0,391712000.0,,4161343000.0,,8403453000.0,,547146000.0,,9439000000.0,-138337000.0,8965362000.0,39161498000.0,1315730000.0,,,213524000.0,,,,-238879000.0,,,2129756000.0,,,1053000000.0,,,,,60693000.0,-2395503000.0,,,-41810000.0,-307332000.0,-11000.0
2011-12-31,11229073000.0,,,,,9215839000.0,2013234000.0,154028000.0,1653635000.0,286263000.0,1346439000.0,7.59,7.55,177430208.0,178370695.0,694438000.0,,1001868000.0,,-8167522000.0,,291742000.0,3622703000.0,,260436000.0,377172000.0,,955691000.0,40701699000.0,1069096000.0,385512000.0,,4950699000.0,,8096452000.0,,501954000.0,,9446960000.0,-168452000.0,8961270000.0,40701699000.0,1745455000.0,,-311708000.0,-28091000.0,,,,-131970000.0,,,3128817000.0,,,1360000000.0,,,,,11623000.0,-3446853000.0,,,-282285000.0,-600034000.0,-2042000.0
2012-03-31,2383659000.0,,,,,2440516000.0,-56857000.0,47309000.0,-146902000.0,-162000.0,-151683000.0,-0.86,-0.86,176865363.0,177388045.0,685002000.0,,829063000.0,,4650000.0,,452042000.0,3476337000.0,,259867000.0,377172000.0,,1128012000.0,40930224000.0,916248000.0,370761000.0,,2910654000.0,,8163494000.0,,560697000.0,,9148262000.0,33667000.0,8914260000.0,40930224000.0,450009000.0,,,-156202000.0,,,,-145599000.0,,,600500000.0,,,536000000.0,,,,,-93786000.0,-749275000.0,,,139649000.0,-9436000.0,35992000.0
2012-06-30,4902260000.0,,,,,4616133000.0,342984000.0,91841000.0,248382000.0,-122363000.0,365001000.0,2.06,2.06,177166519.0,177565351.0,283393000.0,,1037450000.0,,4337000.0,,367736000.0,3203500000.0,,259352000.0,377172000.0,,1066351000.0,40917605000.0,1035834000.0,366799000.0,,3041943000.0,,7963476000.0,,537866000.0,,9366221000.0,-75597000.0,9029996000.0,40917605000.0,832662000.0,,,52185000.0,,,,8339000.0,,,1187919000.0,,,945000000.0,,,,,-37076000.0,-1500206000.0,,,-98657000.0,-411045000.0,42450000.0
2012-09-30,7865820000.0,,,,,6888841000.0,976979000.0,123959000.0,676653000.0,232503000.0,550405000.0,3.11,3.1,177517846.0,177975075.0,749719000.0,,1147280000.0,,4533000.0,,371686000.0,3807750000.0,,259525000.0,377172000.0,,966206000.0,42023680000.0,1362702000.0,369286000.0,,3924268000.0,,8173216000.0,,551567000.0,,9555859000.0,-136793000.0,9190522000.0,42023680000.0,1293667000.0,,,162015000.0,,,,143596000.0,,,2219788000.0,,,1417000000.0,,,,,69995000.0,-2323227000.0,,,159136000.0,55281000.0,42472000.0
2012-12-31,10302079000.0,,,,,9000898000.0,1301181000.0,167321000.0,899218000.0,30855000.0,846673000.0,4.77,4.76,177324813.0,177737565.0,532569000.0,,1001715000.0,,-7980215000.0,,242922000.0,3683126000.0,,256039000.0,377172000.0,,936648000.0,43202502000.0,1217180000.0,362226000.0,,4106321000.0,,8311756000.0,,577910000.0,,9704591000.0,-293083000.0,9197089000.0,43202502000.0,1771649000.0,,,14202000.0,,,,-6779000.0,,,2940285000.0,,,2074000000.0,,,,,-15175000.0,-3639797000.0,,,538151000.0,-161869000.0,49214000.0
2013-03-31,2608874000.0,,,,,2214829000.0,394045000.0,37434000.0,283518000.0,116536000.0,161400000.0,0.91,0.9,178027961.0,178413287.0,262931000.0,,1031560000.0,,192816000.0,,225385000.0,3322873000.0,,260068000.0,377172000.0,,983645000.0,42792973000.0,1036122000.0,116542000.0,,3896420000.0,,8348976000.0,,574555000.0,,9718171000.0,-303658000.0,9213076000.0,42792973000.0,472933000.0,,,29845000.0,,,,-40861000.0,,,543989000.0,,,398000000.0,,,,,44298000.0,-661760000.0,,,-152639000.0,-269638000.0,12341000.0
2013-06-30,5347082000.0,,,,,4606525000.0,740557000.0,81068000.0,524686000.0,189648000.0,325123000.0,1.83,1.82,178196525.0,178614383.0,311372000.0,,1222433000.0,,112613000.0,,263287000.0,3591722000.0,,260609000.0,377172000.0,,964364000.0,43262285000.0,1170405000.0,112450000.0,,3983954000.0,,8339892000.0,,538773000.0,,9733990000.0,-274303000.0,9274517000.0,43262285000.0,948950000.0,,,218279000.0,,,,151993000.0,,,1115905000.0,,,780000000.0,,,,,28895000.0,-1305174000.0,,,-32679000.0,-221197000.0,88665000.0
2013-09-30,8699041000.0,,,,,7569589000.0,1129452000.0,111960000.0,793422000.0,214202000.0,564973000.0,3.17,3.16,178283721.0,178652210.0,365332000.0,,1267759000.0,,84059000.0,,247585000.0,3489590000.0,,260076000.0,377172000.0,,922496000.0,43324126000.0,900131000.0,115507000.0,,3439028000.0,,8330667000.0,,563499000.0,,9825653000.0,-243530000.0,9408451000.0,43324126000.0,1472985000.0,,,273876000.0,,,,-80626000.0,,,2199459000.0,,,1064000000.0,,,,,43656000.0,-2057776000.0,,,-308967000.0,-167237000.0,107560000.0
2013-12-31,,,,,,10079517000.0,1354999000.0,205591000.0,956553000.0,225981000.0,711902000.0,3.99,3.99,178211192.0,178570400.0,739126000.0,,1172186000.0,,-8515858000.0,,303564000.0,3929691000.0,,199375000.0,377172000.0,,887160000.0,43406446000.0,1173313000.0,115139000.0,,4060572000.0,,8724635000.0,,583667000.0,,9825053000.0,-29324000.0,9632466000.0,43406446000.0,2012076000.0,,,180648000.0,,,,94436000.0,,,3189219000.0,,,2032000000.0,,,,,82955000.0,-2601593000.0,,,-380824000.0,206557000.0,127735000.0
2014-03-31,3208843000.0,,,,,2468966000.0,739877000.0,38673000.0,623019000.0,216966000.0,401174000.0,2.24,2.24,178797829.0,179055967.0,908483000.0,,1128192000.0,,64889000.0,,424751000.0,4193316000.0,,199251000.0,377172000.0,,961216000.0,43876769000.0,1145591000.0,118741000.0,,3917461000.0,,8876125000.0,,579763000.0,,10077952000.0,-5202000.0,9948428000.0,43876769000.0,516442000.0,,,-49107000.0,,,,32870000.0,,,767157000.0,,,537000000.0,,,,,-18093000.0,-655599000.0,,,57799000.0,169357000.0,4196000.0
2014-06-30,6205493000.0,,,,,5011139000.0,1194354000.0,63031000.0,946043000.0,345709000.0,590557000.0,3.3,3.29,179354103.0,180045432.0,650068000.0,,1232949000.0,,33241000.0,,600755000.0,4245133000.0,,198727000.0,377172000.0,,947584000.0,44150747000.0,1159726000.0,120015000.0,,4128069000.0,,8986343000.0,,622151000.0,,10118382000.0,31068000.0,10062468000.0,44150747000.0,1041970000.0,,,47120000.0,,,,46697000.0,,,1528563000.0,,,982000000.0,,,,,140772000.0,-1390660000.0,,,-226961000.0,-89058000.0,19505000.0
2014-09-30,9663603000.0,,,,,7976387000.0,1687216000.0,122668000.0,1342724000.0,507474000.0,820594000.0,4.58,4.56,179610067.0,180527116.0,1068509000.0,,1313383000.0,,14159000.0,,281796000.0,4264539000.0,,201943000.0,377172000.0,,903206000.0,44541649000.0,1104105000.0,403492000.0,,4453567000.0,,9063086000.0,,591784000.0,,10199338000.0,20384000.0,10149035000.0,44541649000.0,1585547000.0,,,119108000.0,,,,-40167000.0,,,2891489000.0,,,1447000000.0,,,,,-37090000.0,-2168441000.0,,,-393665000.0,329383000.0,47860000.0
2014-12-31,,,,,,10488032000.0,2006889000.0,170472000.0,1549854000.0,589597000.0,940721000.0,5.24,5.22,179506151.0,180296885.0,1422026000.0,,1103255000.0,,-9095066000.0,,343223000.0,4389633000.0,,213791000.0,377172000.0,,920907000.0,46527854000.0,1166431000.0,418128000.0,,3848891000.0,,9133161000.0,,557649000.0,,10169657000.0,-42307000.0,10007725000.0,46527854000.0,2127892000.0,,,-98493000.0,,,,-12996000.0,,,3889561000.0,,,1872000000.0,,,,,-46983000.0,-2954488000.0,,,-252173000.0,682900000.0,77799000.0
2015-03-31,2920090000.0,,,,,2377321000.0,542769000.0,70851000.0,453400000.0,150471000.0,298050000.0,1.66,1.65,179658981.0,180480523.0,1180546000.0,,1067907000.0,,22953000.0,,304108000.0,4139985000.0,,218235000.0,377172000.0,,965238000.0,46377533000.0,941596000.0,419471000.0,,3765425000.0,,9158586000.0,,539429000.0,,10318450000.0,-59737000.0,10133979000.0,46377533000.0,526008000.0,,,-22288000.0,,,,-153700000.0,,,610958000.0,,,493000000.0,,,,,-278000.0,-699879000.0,,,-152559000.0,-241480000.0,65919000.0
2015-06-30,5633321000.0,,,,,4713169000.0,920152000.0,106787000.0,706903000.0,250252000.0,446892000.0,2.49,2.48,179589748.0,180298233.0,910370000.0,,1190363000.0,,15580000.0,,446877000.0,4085050000.0,,217115000.0,377172000.0,,949325000.0,46265651000.0,1013026000.0,411157000.0,,3998371000.0,,9190368000.0,,486348000.0,,10318290000.0,-46816000.0,10158196000.0,46265651000.0,1069888000.0,,,100168000.0,,,,-104595000.0,,,1338361000.0,,,949000000.0,,,,,54022000.0,-1370091000.0,,,-479926000.0,-511656000.0,90767000.0
2015-09-30,9004728000.0,,,,,9049592000.0,-965016000.0,149965000.0,-1085898000.0,-367665000.0,-723027000.0,-4.04,-4.04,179442172.0,179442172.0,1040598000.0,,1333139000.0,,2951000.0,,400113000.0,4117346000.0,,217756000.0,377172000.0,,738513000.0,45041605000.0,1042173000.0,473330000.0,,3453826000.0,,8693338000.0,,464767000.0,,9445969000.0,-117798000.0,9157125000.0,45041605000.0,1612690000.0,,,222311000.0,,,,-90309000.0,,,2349645000.0,,,1488000000.0,,,,,15323000.0,-2186374000.0,,,-544699000.0,-381428000.0,95779000.0
2015-12-31,,,,,,11966453000.0,-299165000.0,142973000.0,-799661000.0,-642927000.0,-176562000.0,-0.99,-0.99,179176356.0,179176356.0,1350961000.0,,1068900000.0,,-8251962000.0,,344872000.0,4067412000.0,,219999000.0,377172000.0,,561610000.0,44647681000.0,1071798000.0,460727000.0,,3089958000.0,,8306865000.0,,449856000.0,,9393913000.0,8951000.0,9256791000.0,44647681000.0,2117236000.0,,,-38152000.0,,,,-135211000.0,,,3291184000.0,,,2492000000.0,,,,,-571000.0,-2608782000.0,,,-753467000.0,-71065000.0,103589000.0
2016-03-31,2609852000.0,,,,,2111634000.0,498218000.0,41098000.0,375187000.0,139945000.0,229966000.0,1.29,1.28,178578536.0,178976380.0,1091651000.0,,993424000.0,,,,541624000.0,4001195000.0,,221431000.0,377172000.0,,620534000.0,45933882000.0,888349000.0,456698000.0,,3839348000.0,,8467757000.0,,392924000.0,,9472040000.0,29792000.0,9360947000.0,45933882000.0,500248000.0,,,-76532000.0,,,,-67364000.0,,,532821000.0,,,729000000.0,,,947778000.0,,196509000.0,-1878027000.0,,,1085896000.0,-259310000.0,26382000.0
2016-06-30,5072415000.0,,,,,4131938000.0,940477000.0,92957000.0,698805000.0,-248973000.0,797280000.0,4.46,4.45,178808149.0,179503582.0,996099000.0,,1169970000.0,,,,292835000.0,3851928000.0,,225996000.0,377172000.0,,587566000.0,45877042000.0,967080000.0,462214000.0,,4021843000.0,,8183048000.0,,394993000.0,,9887350000.0,-9155000.0,9757787000.0,45877042000.0,1012753000.0,,,57673000.0,,,,45412000.0,,,1252080000.0,,,1233000000.0,,,947903000.0,,-57000.0,-2266238000.0,,,659296000.0,-354862000.0,84607000.0
2016-09-30,8197118000.0,,,,,6484582000.0,1712536000.0,139202000.0,1349914000.0,257906000.0,1185449000.0,6.63,6.6,179023351.0,179990888.0,1307434000.0,,1380457000.0,,,,285792000.0,4340035000.0,,223008000.0,377172000.0,,1642943000.0,47738181000.0,1063139000.0,463466000.0,,3451747000.0,,8510946000.0,,382275000.0,,10123086000.0,38136000.0,10069062000.0,47738181000.0,1548872000.0,,,270847000.0,,,,99933000.0,,,2252395000.0,,,1797000000.0,,,949329000.0,,-12374000.0,-2982492000.0,,,686570000.0,-43527000.0,79988000.0
2016-12-31,,,,,,11732110000.0,-886465000.0,171073000.0,-1381762000.0,-817259000.0,-583618000.0,-3.26,-3.26,178900000.0,178900000.0,1187844000.0,,1170167000.0,,-7377405000.0,,193448000.0,3684268000.0,,233641000.0,377172000.0,,1606009000.0,45904434000.0,1285577000.0,481636000.0,,3200096000.0,,7495290000.0,,1121619000.0,,8195571000.0,-34971000.0,8081809000.0,45904434000.0,2123291000.0,,,96975000.0,,,,174421000.0,,,2998699000.0,,,2409000000.0,,,,,-9055000.0,-3850048000.0,,,688232000.0,-163117000.0,95317000.0
2017-03-31,2588458000.0,,,,,2429925000.0,174803000.0,81058000.0,93814000.0,7763000.0,82605000.0,0.46,0.46,179335063.0,179842053.0,1083062000.0,,973143000.0,,,,208363000.0,3397491000.0,,243683000.0,377172000.0,,167289000.0,45318206000.0,1149498000.0,477281000.0,,3879043000.0,,7561382000.0,,378624000.0,,8122103000.0,10960000.0,8057189000.0,45318206000.0,531373000.0,,,-156201000.0,,,,-47682000.0,,,529393000.0,,,514000000.0,,,0.0,,10377000.0,-811800000.0,,,177625000.0,-104782000.0,-18044000.0
2017-06-30,5207008000.0,,,,,4904966000.0,318312000.0,176659000.0,170070000.0,-337112000.0,492528000.0,2.75,2.74,179500000.0,180234694.0,934495000.0,,1120436000.0,,,,252791000.0,3599344000.0,,247363000.0,377172000.0,,141777000.0,46007037000.0,1165699000.0,474020000.0,,4240530000.0,,7246612000.0,,375429000.0,,8375890000.0,52773000.0,8370856000.0,46007037000.0,1042671000.0,,,-6091000.0,,,,9687000.0,,,819683000.0,,,1463000000.0,,,0.0,,-1705000.0,-1770204000.0,,,697172000.0,-253349000.0,-14673000.0
2017-09-30,8450636000.0,,,,,7419125000.0,1047781000.0,257528000.0,813509000.0,241795000.0,890726000.0,4.96,4.94,179600000.0,180500000.0,546291000.0,,1313343000.0,,,,366324000.0,3471231000.0,,252621000.0,377172000.0,,129213000.0,46398442000.0,1105038000.0,471383000.0,,4460871000.0,,7538630000.0,,409125000.0,,8617901000.0,111678000.0,8690237000.0,46398442000.0,1561565000.0,,,198029000.0,,,,-75962000.0,,,1712751000.0,,,1903000000.0,,,0.0,,112217000.0,-2827722000.0,,,473418000.0,-641553000.0,-11883000.0
2017-12-31,,,,,,9831069000.0,1259682000.0,370584000.0,967923000.0,542570000.0,411612000.0,2.29,2.28,179671797.0,180535893.0,781273000.0,,1212950000.0,,2934190000.0,,156333000.0,3285331000.0,,260980000.0,377172000.0,,112062000.0,46707149000.0,1452216000.0,478273000.0,,5036207000.0,,4466503000.0,,393748000.0,,7977702000.0,-23531000.0,7992515000.0,46707149000.0,2078578000.0,,,97637000.0,,,,101802000.0,,,2623500000.0,,,3163000000.0,,,,,-1078000.0,-3841049000.0,,,810978000.0,-406571000.0,-13375000.0
2018-03-31,2723881000.0,,,,,2388217000.0,335664000.0,13857000.0,179863000.0,43663000.0,132761000.0,0.7346731314,0.73,180707575.0,181431968.0,1205596000.0,,1081801000.0,,,,231946000.0,3655734000.0,,289074000.0,377172000.0,,195290000.0,47281525000.0,1260718000.0,489026000.0,,5232672000.0,,4452168000.0,,409014000.0,,8493790000.0,-561498000.0,7974943000.0,47281525000.0,525181000.0,,,-131150000.0,,,,-68857000.0,,,557393000.0,,,1091000000.0,,,,,406000.0,-974438000.0,,,841368000.0,424323000.0,-4297000.0
2018-06-30,5392650000.0,,,,,4965390000.0,427260000.0,68170000.0,148126000.0,-280596000.0,378181000.0,2.09,2.08,180823203.0,183000000.0,812787000.0,,1258466000.0,,,,249645000.0,3534450000.0,,294548000.0,377172000.0,,166666000.0,47622649000.0,1459432000.0,505764000.0,,6232073000.0,,4434308000.0,,466189000.0,,8578276000.0,-613642000.0,8022461000.0,47622649000.0,1027609000.0,,,45515000.0,,,,97464000.0,,,1079923000.0,,,1801000000.0,,,,,10769000.0,-1929692000.0,,,881283000.0,31514000.0,14145000.0
2018-09-30,8496970000.0,,,,,7798673000.0,698297000.0,234014000.0,404940000.0,-519937000.0,,5.06,5.01,181002303.0,183700000.0,987981000.0,,1366653000.0,,,,,3694546000.0,,302784000.0,377172000.0,,133555000.0,48471172000.0,1392114000.0,184255000.0,,5750563000.0,,,,,,8953611000.0,-632126000.0,8412712000.0,48471172000.0,1517344000.0,,,153703000.0,,,,79949000.0,,,1859504000.0,,,4178000000.0,,,,,36140000.0,-3000481000.0,,,1347685000.0,206708000.0,18200000.0
2018-12-31,11009452000.0,,,,,10540087000.0,469365000.0,63712000.0,-174271000.0,-1036826000.0,848661000.0,4.68,4.63,181409597.0,183400000.0,480975000.0,,1114405000.0,,3247555000.0,,,2958064000.0,,304382000.0,377172000.0,,262988000.0,48275066000.0,1496058000.0,132820000.0,,5443544000.0,,,,,,8721150000.0,-557173000.0,8844305000.0,48275066000.0,2040555000.0,,,-98546000.0,,,,97312000.0,,,2385247000.0,,,2406000000.0,,,,,54500000.0,-4105987000.0,499272000.0,,1420442000.0,-300298000.0,19825000.0
2019-03-31,2609584000.0,,,,,2326330000.0,283254000.0,201707000.0,301417000.0,42771000.0,,1.34,1.32,189575187.0,192234191.0,983496000.0,,1074709000.0,,,,,3407776000.0,,310215000.0,377172000.0,,330745000.0,49605381000.0,1406327000.0,203655000.0,,4861083000.0,,,,,,8809902000.0,-551152000.0,8970367000.0,49605381000.0,530224000.0,,,-39697000.0,,,,-63613000.0,,,501189000.0,,,365000000.0,,,,,-39045000.0,-950958000.0,,,952290000.0,502521000.0,-13844000.0
2019-06-30,5275792000.0,,,,,4653763000.0,622029000.0,289225000.0,543409000.0,44229000.0,,2.57,2.54,193019269.0,194238315.0,635909000.0,,1234624000.0,,,,,3283508000.0,,324366000.0,377172000.0,,333055000.0,50565745000.0,1412607000.0,195746000.0,,4522608000.0,,,,,,8873465000.0,-430404000.0,9797503000.0,50565745000.0,1068807000.0,,,127259000.0,,,,-18832000.0,,,1053090000.0,,,726000000.0,,,,,-51073000.0,-2025001000.0,607650000.0,,1126845000.0,154934000.0,-6967000.0
2019-09-30,8416367000.0,,,,,7274410000.0,1141957000.0,354595000.0,942069000.0,73430000.0,,4.42,4.38,198932387.0,200500000.0,955831000.0,,1338371000.0,,,,,3661672000.0,,326704000.0,377172000.0,,296620000.0,50506268000.0,1328631000.0,194117000.0,,5103046000.0,,,,,,9057749000.0,-419772000.0,10035061000.0,50506268000.0,1634677000.0,,,231005000.0,,,,-175246000.0,,,2117947000.0,,,1133000000.0,,,,,-30370000.0,-3024926000.0,607650000.0,,1381835000.0,474856000.0,-8649000.0
2019-12-31,10878673000.0,,,,,9488176000.0,1390497000.0,440347000.0,1088419000.0,-169825000.0,1241226000.0,6.36,6.3,195200000.0,197000000.0,425722000.0,,1208592000.0,,3769302000.0,,,3045992000.0,,332864000.0,377172000.0,,288301000.0,51723912000.0,1499861000.0,201780000.0,,5620463000.0,,,,,,9257609000.0,-446920000.0,10223675000.0,51723912000.0,2182313000.0,,,101227000.0,,,,-71898000.0,,,2816627000.0,,,1427000000.0,,,,,-30319000.0,-4510242000.0,607650000.0,,1638362000.0,-55253000.0,-40435000.0
2020-03-31,2427179000.0,,,,,2027423000.0,399756000.0,-157511000.0,52100000.0,-71194000.0,,0.59,0.59,199800000.0,200901349.0,1463833000.0,,1076073000.0,,,,,3973951000.0,,335314000.0,377172000.0,,339133000.0,52555029000.0,1502392000.0,201514000.0,408803000.0,6017939000.0,,,,,,9190141000.0,-398987000.0,10223967000.0,52555029000.0,568596000.0,,,-70357000.0,,,,-127727000.0,,,659060000.0,,,400000000.0,,,,,-2265000.0,-1045487000.0,,,1424538000.0,1038111000.0,-23063000.0
2020-06-30,4839967000.0,,,,,4000900000.0,839067000.0,219573000.0,506327000.0,89115000.0,,2.4,2.39,200200000.0,200900000.0,935468000.0,,1177420000.0,,,,,3546996000.0,,337849000.0,377172000.0,,312479000.0,53365302000.0,1509355000.0,216214000.0,408251000.0,6115901000.0,,,,,,9364523000.0,-388604000.0,10425988000.0,53365302000.0,1131212000.0,,,30990000.0,,,,-39054000.0,,,1448307000.0,,,676000000.0,,,,,-2262000.0,-2198193000.0,0.0,,1259632000.0,509746000.0,-10007000.0
2020-09-30,7743534000.0,,,,,6126450000.0,1617084000.0,155919000.0,1181471000.0,167366000.0,,5.0,4.98,200220018.0,201115768.0,1239664000.0,,1347420000.0,,,,,4062805000.0,,341190000.0,377172000.0,,296103000.0,56070251000.0,2872447000.0,221342000.0,408764000.0,6875526000.0,,,,,,9699435000.0,-390420000.0,10771839000.0,56070251000.0,1694904000.0,,,200990000.0,,,,174083000.0,,,2370166000.0,,,832000000.0,,,,,9821000.0,-3255882000.0,0.0,,1699658000.0,813942000.0,-2484000.0
2020-12-31,10113636000.0,,,,,8344441000.0,1769195000.0,301615000.0,1285147000.0,-121506000.0,1388334000.0,6.94,6.9,200106945.0,201102220.0,1759099000.0,,1285727000.0,,4214739000.0,,,4559899000.0,,343328000.0,377172000.0,,245339000.0,58239212000.0,2739437000.0,206640000.0,401512000.0,7060506000.0,,,,,,9897182000.0,-449207000.0,10926142000.0,58239212000.0,2257750000.0,,,139296000.0,,,,137457000.0,,,2689866000.0,,,1024000000.0,,,,,12755000.0,-4772306000.0,0.0,,3415817000.0,1333377000.0,-31228000.0
2021-03-31,2844838000.0,,,,,2336841000.0,507997000.0,96963000.0,405087000.0,65942000.0,,1.67,1.66,200525549.0,201100000.0,1742656000.0,,1338416000.0,,,,,4788554000.0,,355819000.0,377172000.0,,332606000.0,58667628000.0,1697206000.0,207984000.0,391032000.0,4511906000.0,,,,,,10041152000.0,-500507000.0,11017176000.0,58667628000.0,580571000.0,,,52690000.0,,,,-175651000.0,,,-49565000.0,,,524000000.0,,,,,-12521000.0,-1513272000.0,,,1546394000.0,-16443000.0,9015000.0
2021-06-30,5666907000.0,,,,,4990702000.0,676205000.0,122321000.0,385276000.0,47526000.0,,1.64,1.63,200800000.0,201400000.0,686881000.0,,1440004000.0,,,,,3794706000.0,,353423000.0,377172000.0,,312869000.0,55949283000.0,1348734000.0,193640000.0,390306000.0,3804540000.0,,,,,,9844549000.0,-478739000.0,10887947000.0,55949283000.0,1150294000.0,,,154277000.0,,,,-131414000.0,,,746547000.0,,,797000000.0,,,36534000.0,,-10753000.0,-2826225000.0,26817000.0,,1007460000.0,-1072218000.0,27488000.0
2021-09-30,9020440000.0,,,,,7516363000.0,1504077000.0,197815000.0,1079141000.0,205808000.0,,4.28,4.26,201000000.0,202003329.0,1000036000.0,,1530809000.0,,,,,4232667000.0,,352706000.0,377172000.0,,326153000.0,58843499000.0,3452217000.0,194605000.0,390423000.0,6644900000.0,,,,,,10184645000.0,-472039000.0,11252524000.0,58843499000.0,1696323000.0,,,245082000.0,,,,362529000.0,,,2010983000.0,,,1151000000.0,,,36534000.0,,-4239000.0,-3861975000.0,26817000.0,,1091929000.0,-759063000.0,29454000.0
2021-12-31,11742896000.0,,,,,9897270000.0,1845626000.0,299161000.0,1310093000.0,191374000.0,1118500000.0,5.57,5.54,200941511.0,201900000.0,442559000.0,,1370356000.0,,4963459000.0,,,3623595000.0,,357576000.0,377172000.0,,269873000.0,59454242000.0,2610132000.0,204613000.0,395184000.0,6190742000.0,,,,,,10240552000.0,-332528000.0,11637284000.0,59454242000.0,2242944000.0,,,84629000.0,,,,269797000.0,,,2300713000.0,,,1465000000.0,,,,,-2343000.0,-6179276000.0,200776000.0,,2562023000.0,,98377000.0
2022-03-31,2877925000.0,,,,,2311865000.0,566060000.0,1556000.0,346090000.0,66497000.0,,1.36,1.36,202943628.0,203900000.0,701591000.0,,1215002000.0,,,,,3839001000.0,,357092000.0,377172000.0,,359340000.0,59833526000.0,1741052000.0,177997000.0,402600000.0,5363185000.0,,,,,,10311894000.0,-336578000.0,11710103000.0,59833526000.0,561731000.0,,,-122987000.0,,,,-283175000.0,,,537966000.0,,,303000000.0,,,,,11862000.0,-1551219000.0,,,1272285000.0,259032000.0,-11505000.0
2022-06-30,6273122000.0,,,,,5625930000.0,647192000.0,-49903000.0,-195632000.0,-359643000.0,,2.15,2.13,203400000.0,204712242.0,579889000.0,,1562488000.0,,,,,4795411000.0,,358609000.0,377172000.0,,329719000.0,57827579000.0,1935286000.0,209663000.0,410307000.0,5541615000.0,,,,,,10266189000.0,-324038000.0,11711079000.0,57827579000.0,1113954000.0,,,224499000.0,,,,42915000.0,,,815963000.0,,,636000000.0,,,105149000.0,,36057000.0,-3223982000.0,0.0,,2545349000.0,137330000.0,-7485000.0
2022-09-30,10491737000.0,,,,,8889840000.0,1601897000.0,-35597000.0,890452000.0,184112000.0,,4.9,4.88,203445773.0,204600000.0,1003491000.0,,1706761000.0,,,,,5509805000.0,,360709000.0,377172000.0,,294626000.0,58975295000.0,1744246000.0,215358000.0,417132000.0,6154875000.0,,,,,,10621307000.0,-313370000.0,12096351000.0,58975295000.0,1667756000.0,,,368772000.0,,,,-59787000.0,,,1809441000.0,,,755000000.0,,,106193000.0,,33238000.0,-4368967000.0,0.0,,3120458000.0,560932000.0,-7412000.0
2022-12-31,13764237000.0,,,,,11713462000.0,2050775000.0,-80378000.0,1058160000.0,-38978000.0,1103200000.0,5.4,5.37,204500000.0,205547578.0,224164000.0,,1495257000.0,,3643187000.0,,,4095026000.0,,366405000.0,377172000.0,,291804000.0,58595191000.0,1777590000.0,202779000.0,424723000.0,6369447000.0,,,,,,10502041000.0,-191754000.0,12966985000.0,58595191000.0,2190371000.0,,,157267000.0,,,,-102013000.0,,,2585490000.0,,,889000000.0,,,106193000.0,,3328000.0,-5709897000.0,852555000.0,,2906012000.0,,28354000.0
2023-03-31,2981059000.0,,,,,2518950000.0,462109000.0,16953000.0,233324000.0,-78975000.0,,1.47,1.47,211400000.0,212146507.0,1970512000.0,,1240657000.0,,,,,5266242000.0,,400579000.0,377172000.0,,362340000.0,59203276000.0,1385949000.0,200028000.0,429211000.0,5825329000.0,,,,,,10586782000.0,-189727000.0,13058234000.0,59203276000.0,553224000.0,,,-272533000.0,,,,-339963000.0,,,959543000.0,,,124000000.0,,,,,3462000.0,-1283591000.0,,,2070396000.0,1746348000.0,-5352000.0
2023-06-30,5827085000.0,,,,,4609049000.0,1218036000.0,38703000.0,760133000.0,134796000.0,,3.32,3.31,211449211.0,212201529.0,1194342000.0,,1429998000.0,,,,,4692614000.0,,416431000.0,377172000.0,,345188000.0,59717236000.0,1523747000.0,239889000.0,434462000.0,5881282000.0,,,,,,10751778000.0,-193019000.0,13237066000.0,59717236000.0,1116843000.0,,,-65259000.0,,,,-267820000.0,,,1825972000.0,,,260000000.0,,,30433000.0,,-262000.0,-2445431000.0,,,1589637000.0,970178000.0,31231000.0
2023-09-30,9422607000.0,,,,,7061189000.0,2361418000.0,47474000.0,1656844000.0,282818000.0,1368900000.0,6.47,6.45,211500000.0,212238117.0,1519774000.0,,1712740000.0,,,,,5329659000.0,,419931000.0,377172000.0,,317436000.0,60552147000.0,1336107000.0,250123000.0,441018000.0,5848692000.0,,,,,,11192276000.0,-195453000.0,13691468000.0,60552147000.0,1668540000.0,,,217483000.0,,,,-304264000.0,,,3230993000.0,,,486000000.0,,,30433000.0,,4998000.0,-3579062000.0,,,1643679000.0,1295610000.0,35291000.0
2023-12-31,12147412000.0,,,,,9529437000.0,2617975000.0,60206000.0,1671775000.0,-690535000.0,2356536000.0,11.14,11.1,211600000.0,212400000.0,132548000.0,,1393455000.0,,4612667000.0,,,3660869000.0,,418546000.0,374099000.0,,301171000.0,59703396000.0,1566745000.0,219528000.0,446146000.0,6396492000.0,,,,,,11940384000.0,-162460000.0,14622647000.0,59703396000.0,2244479000.0,,,-101801000.0,,,,-135048000.0,,,4294328000.0,,,661000000.0,,,35094000.0,,16733000.0,-4628977000.0,130649000.0,,243033000.0,-91616000.0,42821000.0
2024-03-31,2794628000.0,,,,,2556646000.0,237982000.0,126748000.0,97530000.0,20994000.0,,0.35,0.35,213143719.0,213900000.0,1294859000.0,,1285534000.0,,,,,4757766000.0,,417730000.0,374099000.0,,395698000.0,61629856000.0,1187454000.0,214018000.0,455707000.0,6884527000.0,,,,,,11774706000.0,-166128000.0,14458340000.0,61629856000.0,600412000.0,,,-107921000.0,,,,-287418000.0,,,521092000.0,,,169000000.0,,,172614000.0,,1562000.0,-1287872000.0,,,1929091000.0,1162311000.0,-316000.0
2024-06-30,5748248000.0,,,,,4892635000.0,855613000.0,-242687000.0,182895000.0,54627000.0,,0.58,0.58,213617110.0,214400000.0,1355164000.0,,1581009000.0,,,,,5147097000.0,,417553000.0,374099000.0,,392771000.0,62766297000.0,1314661000.0,253489000.0,462222000.0,5487180000.0,,,,,,11582332000.0,80361000.0,14567729000.0,62766297000.0,1206492000.0,,,187554000.0,,,,-149554000.0,,,1546456000.0,,,330000000.0,,,172614000.0,,9689000.0,-2466491000.0,,,2142651000.0,1222616000.0,7822000.0
2024-09-30,9137348000.0,,,,,7155873000.0,1981475000.0,-85430000.0,1044125000.0,270103000.0,,3.6,3.58,214012467.0,215700000.0,1411812000.0,,,,,,,5217806000.0,,420975000.0,374099000.0,,380617000.0,64462049000.0,1523279000.0,266390000.0,,5859246000.0,,,,,,11985552000.0,76185000.0,15032842000.0,64462049000.0,1821258000.0,,,273120000.0,,,,-137268000.0,,,3108828000.0,,,504000000.0,,,3264856000.0,,-3812000.0,-4001615000.0,,,2172051000.0,1279264000.0,8789000.0
,,,,,,,,,,,,,,,,,,,,,,,,,,,,,,,,,,,,,,,,,,,,,,,,,,,,,,,,,,,,,,,,,,,
,,,,,,,,,,,,,,,,,,,,,,,,,,,,,,,,,,,,,,,,,,,,,,,,,,,,,,,,,,,,,,,,,,,
