Date,Net sales,Cost of sales,Gross margin,Research and development,"Selling, general and administrative",Total operating expenses,Operating income,"Other income/(expense), net",Income before provision for income taxes,Provision for income taxes,Net income,Earnings per share basic,Earnings per share diluted,Weighted-average basic,Weighted-average diluted,Cash and cash equivalents,Short-term marketable securities,"Accounts receivable, net",Inventories,Deferred tax assets,Vendor non-trade receivables,Other current assets,Total current assets,Long-term marketable securities,"Property, Plant and Equipment, Net",Goodwill,"Acquired intangible assets, net","Other Assets, Noncurrent",Total assets,accounts payable,Accrued expenses,Deferred revenue,Total current liabilities,Deferred revenue - non-current,deferred tax liabilities,long term taxes payable,Total other non-current liabilities,Total liabilities,Retained Earnings (Accumulated Deficit),Accumulated other comprehensive (loss)/income,Total shareholders equity,Total liabilities and shareholders' equity,"Depreciation, amortization and accretion",Stock-based compensation expense,Deferred income tax expense,"Increase (Decrease) in Accounts receivable, net",Increase (Decrease) in Inventories,Increase (Decrease) in Other Receivables,Increase (Decrease) in Other Operating Assets,Increase (Decrease) in Accounts Payable,Increase (Decrease) in Deferred Revenue,Increase (Decrease) Other liabilities,Cash generated by operating activities,Purchases of marketable securities,Proceeds from maturities of marketable securities,Proceeds from sales of marketable securities,Purchases of other long-term investments,"Business acquisitions, net of cash acquired",Cash payments for capital asset purchases,Payments for acquisition of intangible assets,Payments for (Proceeds from) Other Investing Activities,Cash used in investing activities,Proceeds from issuance of common stock,Excess tax benefits from stock-based compensation,Cash generated/used in financing activities,Increase/(decrease) in cash and cash equivalents,"Cash paid for income taxes, net"
2010-06-30,705700000.0,199000000.0,506700000.0,95800000.0,274600000.0,,,4600000.0,131900000.0,26700000.0,,0.93,0.88,113400000.0,118900000.0,320300000.0,,,182300000.0,37800000.0,,35500000.0,918900000.0,,249800000.0,315200000.0,74300000.0,11800000.0,1641900000.0,,,,,,,,98900000.0,,1011200000.0,-53000000.0,,1641900000.0,27700000.0,13800000.0,-4200000.0,,27600000.0,,,,,,61000000.0,,,,,,23700000.0,1200000.0,,-23200000.0,,31500000.0,-20700000.0,-13800000.0,
2010-09-30,1054600000.0,294800000.0,759800000.0,148500000.0,407600000.0,,,7700000.0,198100000.0,44900000.0,,1.35,1.29,113600000.0,118900000.0,361000000.0,,,212200000.0,44200000.0,,26600000.0,992400000.0,,260300000.0,315200000.0,71700000.0,12100000.0,1725400000.0,,,,382200000.0,,,,109700000.0,,1059200000.0,-24200000.0,,1725400000.0,41100000.0,22400000.0,-6800000.0,,43500000.0,,,,,,157400000.0,,,,,,40100000.0,1200000.0,,-38400000.0,,42000000.0,-77300000.0,26900000.0,
2010-12-31,1447000000.0,408300000.0,1038700000.0,204400000.0,550000000.0,,,8100000.0,268200000.0,50200000.0,,1.92,1.83,113700000.0,119200000.0,396100000.0,,277300000.0,203600000.0,96400000.0,,43100000.0,1032600000.0,,269800000.0,315200000.0,,13000000.0,1767200000.0,47600000.0,226100000.0,,337800000.0,,,,121200000.0,,1124000000.0,-42100000.0,,1767200000.0,56500000.0,29300000.0,-5900000.0,,36800000.0,,,,,,251400000.0,,,300000.0,,,61800000.0,1200000.0,,-61500000.0,,55100000.0,-103900000.0,62000000.0,14700000.0
2011-03-31,404500000.0,116800000.0,287700000.0,59000000.0,150300000.0,,,6200000.0,84600000.0,20700000.0,,0.56,0.53,114900000.0,120500000.0,433800000.0,,,217700000.0,56000000.0,,45900000.0,1150300000.0,,274300000.0,349900000.0,76300000.0,12000000.0,1931100000.0,,,,445200000.0,,,,128100000.0,,1187900000.0,-15500000.0,,1931100000.0,14500000.0,7700000.0,,,5900000.0,,,,,,14900000.0,,,,,42600000.0,13900000.0,300000.0,,-52500000.0,,15200000.0,59500000.0,37700000.0,
2011-06-30,835700000.0,244600000.0,591100000.0,123900000.0,313500000.0,,,7400000.0,157400000.0,35400000.0,,1.06,1.01,114900000.0,120200000.0,468200000.0,,,229400000.0,57800000.0,,53300000.0,1216800000.0,,281000000.0,349900000.0,72900000.0,11900000.0,2002400000.0,,,,313300000.0,,,,129100000.0,,1246000000.0,-9500000.0,,2002400000.0,29300000.0,15500000.0,,,14800000.0,,,,,,74200000.0,,,,,42600000.0,31100000.0,2300000.0,-100000.0,-63800000.0,,36400000.0,40800000.0,72100000.0,
2011-09-30,1248400000.0,370200000.0,878200000.0,185600000.0,479000000.0,,,5100000.0,215000000.0,41400000.0,,1.51,1.45,114800000.0,119800000.0,451100000.0,,,247900000.0,25300000.0,,67800000.0,1181900000.0,,286400000.0,349800000.0,70200000.0,24600000.0,1982900000.0,,,,302000000.0,,,,151300000.0,,1297600000.0,-23200000.0,1354600000.0,1982900000.0,43200000.0,26000000.0,,,38300000.0,,,,,,171400000.0,,,3600000.0,,42600000.0,50600000.0,2300000.0,,-81400000.0,,47000000.0,-38200000.0,,
2011-12-31,1678600000.0,489800000.0,1188800000.0,246300000.0,642400000.0,,,4800000.0,283600000.0,46900000.0,,2.07,1.98,114600000.0,119400000.0,171200000.0,,283800000.0,261300000.0,54800000.0,,57100000.0,1168500000.0,,304300000.0,349800000.0,66900000.0,24600000.0,1980500000.0,85000000.0,234800000.0,,335200000.0,,,,157000000.0,,1360700000.0,-37500000.0,1337900000.0,1980500000.0,58000000.0,35000000.0,-10200000.0,,57000000.0,,,,,,314500000.0,,,3600000.0,643300000.0,42600000.0,82900000.0,7700000.0,,-412800000.0,,6000000.0,-135200000.0,,15400000.0
2012-03-31,459200000.0,127300000.0,331900000.0,68600000.0,177200000.0,,,-500000.0,85600000.0,20500000.0,,0.57,0.55,114000000.0,118000000.0,213300000.0,,,268300000.0,31600000.0,,90200000.0,1188000000.0,,308200000.0,349800000.0,65100000.0,25800000.0,2004200000.0,,,,,,,,169300000.0,,1425800000.0,-24600000.0,1390300000.0,2004200000.0,13800000.0,9200000.0,,,7900000.0,,,,,,-30700000.0,,,2100000.0,106100000.0,,18000000.0,,,68400000.0,,38200000.0,-3100000.0,,
2012-06-30,941200000.0,257100000.0,684100000.0,142600000.0,359600000.0,,,1000000.0,175500000.0,42600000.0,,1.16,1.12,114900000.0,118400000.0,304300000.0,,,265400000.0,36000000.0,,95500000.0,1278800000.0,,315800000.0,349800000.0,61700000.0,25800000.0,2075100000.0,,,,,,,,171100000.0,,1493600000.0,-51000000.0,1434600000.0,2075100000.0,27800000.0,20400000.0,,,11400000.0,,,,,,116100000.0,,,2100000.0,246600000.0,,39200000.0,7000000.0,-900000.0,25700000.0,,43000000.0,-8200000.0,,
2012-09-30,1389100000.0,368800000.0,1020300000.0,216400000.0,527400000.0,,,-1500000.0,268900000.0,66800000.0,,1.76,1.71,115700000.0,119000000.0,305800000.0,,,286000000.0,42400000.0,,69300000.0,1387700000.0,,328700000.0,349800000.0,59600000.0,26000000.0,2195800000.0,,,,,,,,185500000.0,,1562800000.0,-37100000.0,1536300000.0,2195800000.0,42200000.0,31300000.0,,,23900000.0,,,,,,247400000.0,,,2100000.0,526200000.0,,64900000.0,7000000.0,-900000.0,-106200000.0,,39000000.0,-8700000.0,,
2012-12-31,1899600000.0,494600000.0,1405000000.0,291300000.0,705300000.0,,,,391100000.0,97900000.0,,2.55,2.48,114900000.0,118300000.0,310900000.0,,321100000.0,281000000.0,80200000.0,,57000000.0,1291900000.0,,373300000.0,384700000.0,67000000.0,26300000.0,2221500000.0,74700000.0,263200000.0,,347400000.0,,,,205500000.0,,1653900000.0,-37900000.0,1479300000.0,2221500000.0,57300000.0,42100000.0,-26800000.0,,21700000.0,,,,,,373800000.0,,,2100000.0,592600000.0,36600000.0,120700000.0,7000000.0,-900000.0,-90500000.0,,56500000.0,-155600000.0,,38000000.0
2013-03-31,496700000.0,122200000.0,374500000.0,79800000.0,185200000.0,,,,192100000.0,47200000.0,,1.27,1.24,113900000.0,116500000.0,401500000.0,,,288500000.0,34900000.0,,106500000.0,1360700000.0,,385400000.0,380200000.0,65500000.0,25600000.0,2296600000.0,,,,,,,,211500000.0,,1798800000.0,-52000000.0,1592000000.0,2296600000.0,15300000.0,11200000.0,,,18700000.0,,,,,,87300000.0,,,0.0,92700000.0,,23000000.0,,500000.0,27500000.0,,61600000.0,-24900000.0,,
2013-06-30,1013900000.0,247200000.0,766700000.0,160300000.0,374600000.0,,,,313900000.0,74900000.0,,2.11,2.07,113300000.0,115600000.0,372700000.0,,,299500000.0,33900000.0,,97700000.0,1390600000.0,,399200000.0,381500000.0,64600000.0,25400000.0,2339700000.0,,,,,,,,218400000.0,,1892900000.0,-48000000.0,1579800000.0,2339700000.0,31400000.0,24000000.0,,,31700000.0,,,,,,214300000.0,,,,222000000.0,,51400000.0,500000.0,-200000.0,-44400000.0,,58900000.0,-114200000.0,,
2013-09-30,1509500000.0,376900000.0,1132600000.0,244400000.0,555100000.0,,,,413800000.0,97900000.0,,2.81,2.75,112500000.0,114700000.0,471000000.0,,,313900000.0,41300000.0,,83200000.0,1570400000.0,,409000000.0,383800000.0,63100000.0,31000000.0,2530600000.0,,,,,,,,226000000.0,,1969800000.0,-42900000.0,1437400000.0,2530600000.0,49900000.0,35900000.0,,,41300000.0,,,,,,361400000.0,,,,373900000.0,,88900000.0,600000.0,4100000.0,-165800000.0,,63300000.0,-45600000.0,,
2013-12-31,2045500000.0,522400000.0,1523100000.0,323000000.0,745600000.0,,,,515300000.0,123600000.0,,3.51,3.44,111700000.0,113800000.0,420400000.0,,302500000.0,308900000.0,92400000.0,,71800000.0,1725800000.0,,421600000.0,385400000.0,57200000.0,35400000.0,2724700000.0,48400000.0,,,345600000.0,,,,100400000.0,,2045600000.0,-27600000.0,1559200000.0,2724700000.0,68700000.0,47400000.0,47500000.0,,44400000.0,,,,,,472700000.0,,,,823200000.0,,109000000.0,1100000.0,4000000.0,-412700000.0,,73500000.0,34900000.0,109500000.0,54000000.0
2014-03-31,522400000.0,145900000.0,376500000.0,85800000.0,197200000.0,,,,77300000.0,17000000.0,,0.57,0.56,106700000.0,108500000.0,295700000.0,,,308000000.0,35400000.0,,77200000.0,1603300000.0,,418700000.0,385400000.0,31600000.0,35200000.0,2651700000.0,,,,,,,,229300000.0,,2091100000.0,-32400000.0,1340800000.0,2651700000.0,16200000.0,12000000.0,,,500000.0,,,,,,138900000.0,,,,,,14300000.0,,-600000.0,-119800000.0,,14000000.0,-143800000.0,-124700000.0,
2014-06-30,1097500000.0,297100000.0,800400000.0,174900000.0,412700000.0,,,,890500000.0,283200000.0,,5.72,5.63,106100000.0,107900000.0,498600000.0,,,317100000.0,42800000.0,,60300000.0,2278100000.0,,422500000.0,384300000.0,29500000.0,35700000.0,3326600000.0,,,,,,,,273200000.0,,2638100000.0,-41100000.0,1914900000.0,3326600000.0,32300000.0,23900000.0,,,11500000.0,,,,,,916900000.0,,,,,,30300000.0,,-1300000.0,-590200000.0,,21300000.0,-247600000.0,78200000.0,
2014-09-30,1704900000.0,465200000.0,1239700000.0,262500000.0,634900000.0,,,,1011100000.0,309200000.0,,6.61,6.49,106400000.0,108400000.0,404100000.0,,,303600000.0,29500000.0,,89600000.0,2309200000.0,,429300000.0,379000000.0,25800000.0,37900000.0,3350000000.0,59900000.0,,,,,,,282400000.0,,2732700000.0,-70600000.0,2043400000.0,3350000000.0,50300000.0,36100000.0,,,19000000.0,,,,,,929100000.0,,,,,,48400000.0,,-1600000.0,-745000000.0,,34200000.0,-198900000.0,-16300000.0,200300000.0
2014-12-31,2322900000.0,625600000.0,1697300000.0,346500000.0,858000000.0,,,,1144000000.0,332900000.0,,7.62,7.48,106500000.0,108500000.0,653800000.0,,288000000.0,296800000.0,143200000.0,,121700000.0,2294600000.0,,442900000.0,376000000.0,23400000.0,49200000.0,3524300000.0,58200000.0,,,434400000.0,,,,105600000.0,,2841900000.0,-100900000.0,2191400000.0,3524300000.0,68600000.0,48300000.0,-66700000.0,,30500000.0,,,,,,1022300000.0,160400000.0,,,,15000000.0,82900000.0,10800000.0,,-633000000.0,,49400000.0,-153000000.0,233400000.0,274700000.0
2015-03-31,590300000.0,136000000.0,454300000.0,86400000.0,202500000.0,,,,162500000.0,39100000.0,,1.14,1.12,107800000.0,110300000.0,457000000.0,,,298500000.0,57000000.0,,138400000.0,2254800000.0,,445100000.0,368400000.0,20500000.0,53400000.0,3488400000.0,68600000.0,,,,,,,266500000.0,,2965300000.0,-147900000.0,2213900000.0,3488400000.0,16000000.0,13600000.0,,,18900000.0,,,,,,73300000.0,84600000.0,,,,,20800000.0,,-300000.0,-180300000.0,,9800000.0,-71900000.0,-196800000.0,
2015-06-30,1207100000.0,294600000.0,912500000.0,183900000.0,416400000.0,,,,304700000.0,68600000.0,,2.19,2.14,107700000.0,110100000.0,597600000.0,,,313300000.0,65200000.0,,112400000.0,2297000000.0,,450600000.0,370900000.0,18900000.0,57700000.0,3608300000.0,66200000.0,,,,,,,274200000.0,,3078000000.0,-146600000.0,2288600000.0,3608300000.0,32800000.0,24400000.0,,,32300000.0,,,,,,243400000.0,206600000.0,,,,,39200000.0,,5100000.0,-167800000.0,,19700000.0,-122500000.0,-56200000.0,
2015-09-30,1822600000.0,441300000.0,1381300000.0,284900000.0,628400000.0,,,,455400000.0,101200000.0,,3.29,3.22,107700000.0,110100000.0,646100000.0,,,333500000.0,79000000.0,,96600000.0,2145500000.0,,454800000.0,621200000.0,207300000.0,54900000.0,3876600000.0,71500000.0,,,,,,,317800000.0,,3196100000.0,-169200000.0,2421400000.0,3876600000.0,51300000.0,37000000.0,,,56100000.0,,,,,,445900000.0,307200000.0,,,,320100000.0,65200000.0,,1700000.0,-343400000.0,,27100000.0,-98900000.0,-7700000.0,
2015-12-31,2493700000.0,617200000.0,1876500000.0,383100000.0,850700000.0,,,,622400000.0,127500000.0,,2.3,2.25,215500000.0,220300000.0,718400000.0,,315400000.0,339900000.0,170700000.0,,94100000.0,2047900000.0,,482500000.0,628300000.0,205400000.0,131200000.0,4059300000.0,63900000.0,,,476200000.0,,,,285400000.0,,3336800000.0,-182600000.0,2503100000.0,4059300000.0,65800000.0,49900000.0,-15800000.0,,67700000.0,,,,,,549700000.0,380300000.0,,,,331600000.0,102700000.0,3800000.0,0.0,-316100000.0,,41300000.0,-158600000.0,64600000.0,
2016-03-31,697300000.0,180300000.0,517000000.0,102400000.0,212700000.0,,,,183300000.0,40300000.0,,0.67,0.66,213100000.0,217800000.0,501400000.0,,,356600000.0,,,73600000.0,1819300000.0,,497300000.0,630900000.0,203700000.0,131100000.0,3853800000.0,78600000.0,,,,,,,494000000.0,,3479800000.0,-172600000.0,2299300000.0,3853800000.0,15900000.0,14300000.0,,,4600000.0,,,,,,107100000.0,73400000.0,,,,,27700000.0,,-4200000.0,47300000.0,,11100000.0,-369100000.0,-217000000.0,
2016-06-30,1456600000.0,382800000.0,1073800000.0,215300000.0,441500000.0,,,,352300000.0,82700000.0,,1.27,1.24,212600000.0,217600000.0,369900000.0,,,367600000.0,,,81500000.0,1985100000.0,,516200000.0,629400000.0,208700000.0,126400000.0,4051400000.0,83400000.0,,,,,,,499500000.0,,3606400000.0,-178700000.0,2471200000.0,4051400000.0,33900000.0,28600000.0,,,14700000.0,,,,,,297400000.0,174800000.0,,,,,64800000.0,41100000.0,-4500000.0,-295800000.0,,37200000.0,-337400000.0,-348500000.0,
2016-09-30,2196000000.0,584200000.0,1611800000.0,328400000.0,671100000.0,,,,537500000.0,126500000.0,,1.93,1.89,213200000.0,218100000.0,645000000.0,,,401000000.0,,,66100000.0,2171400000.0,,543700000.0,630000000.0,207000000.0,124800000.0,4339000000.0,87000000.0,,,,,,,513800000.0,,3747800000.0,-171200000.0,2691800000.0,4339000000.0,52100000.0,43000000.0,,,43100000.0,,,,,,503300000.0,337000000.0,,,,0.0,112900000.0,41300000.0,-700000.0,-291900000.0,,56600000.0,-273600000.0,-73400000.0,
2016-12-31,2963700000.0,797400000.0,2166300000.0,443300000.0,904700000.0,,,,737900000.0,168400000.0,,2.67,2.61,213000000.0,217800000.0,930100000.0,,365500000.0,396600000.0,194900000.0,,111800000.0,2240000000.0,,580000000.0,626100000.0,204800000.0,123200000.0,4510000000.0,97100000.0,,,532500000.0,,,,306400000.0,,3906300000.0,-198400000.0,2619000000.0,4510000000.0,71200000.0,56900000.0,-24500000.0,,65600000.0,,,,,,704400000.0,470400000.0,,,,0.0,176100000.0,41300000.0,1200000.0,-211700000.0,,64300000.0,-268500000.0,211700000.0,
2017-03-31,883500000.0,215600000.0,667900000.0,128700000.0,229600000.0,,,,293600000.0,63400000.0,,1.09,1.06,211200000.0,216400000.0,819300000.0,,,431400000.0,,,105600000.0,2018400000.0,,588800000.0,945200000.0,402100000.0,127800000.0,4780400000.0,93000000.0,,,,,,,409400000.0,,4145800000.0,-181500000.0,2742700000.0,4780400000.0,21100000.0,15200000.0,,,24300000.0,,,,,,128300000.0,167400000.0,,,,82000000.0,15900000.0,2700000.0,-600000.0,151200000.0,,0.0,-391300000.0,-110800000.0,
2017-06-30,1725300000.0,426700000.0,1298600000.0,263100000.0,473400000.0,,,,499200000.0,82900000.0,,1.97,1.93,210800000.0,216100000.0,508200000.0,,,491600000.0,,,95200000.0,2283400000.0,,627900000.0,965100000.0,408600000.0,116800000.0,5138500000.0,104600000.0,,,,,,,420900000.0,,4331900000.0,-157800000.0,2939600000.0,5138500000.0,40000000.0,30500000.0,,,72200000.0,,,,,,326000000.0,332300000.0,,,,84800000.0,73900000.0,6400000.0,-100000.0,-487000000.0,,0.0,-264500000.0,-421900000.0,
2017-09-30,2546800000.0,640000000.0,1906800000.0,406000000.0,718000000.0,,,,711000000.0,124600000.0,,2.78,2.71,211300000.0,216200000.0,630300000.0,,,538400000.0,,,97400000.0,2566400000.0,,649600000.0,980500000.0,414900000.0,112400000.0,5488400000.0,113400000.0,,,735200000.0,,,,416200000.0,,1964900000.0,-142700000.0,3162500000.0,5488400000.0,60700000.0,46300000.0,,,109800000.0,,,,,,636800000.0,477800000.0,,,,84900000.0,116200000.0,7400000.0,-400000.0,-696500000.0,,0.0,-244200000.0,-299800000.0,
2017-12-31,3435300000.0,875300000.0,2560000000.0,552600000.0,984700000.0,,,,1034900000.0,451300000.0,,2.77,2.7,210900000.0,215900000.0,818300000.0,,421600000.0,554900000.0,186000000.0,,116900000.0,2532100000.0,,679700000.0,1126500000.0,468000000.0,108900000.0,5695800000.0,116600000.0,,,1402900000.0,,,,147100000.0,,1962100000.0,-132700000.0,2956200000.0,5695800000.0,81900000.0,61600000.0,27100000.0,,124000000.0,,,,,,1000700000.0,529800000.0,,,,192900000.0,168100000.0,7400000.0,-800000.0,-647200000.0,,0.0,-473200000.0,-111800000.0,
2018-03-31,894800000.0,233600000.0,661200000.0,143200000.0,256000000.0,,252500000.0,,263500000.0,56900000.0,,0.98,0.96,210200000.0,215100000.0,1227000000.0,,406600000.0,573900000.0,,,118900000.0,2716900000.0,,711600000.0,1144800000.0,480500000.0,57800000.0,5825100000.0,121200000.0,,,1314500000.0,,,,321800000.0,,2179100000.0,-121300000.0,3245700000.0,5825100000.0,19100000.0,18400000.0,,,3300000.0,,,,,,151300000.0,0.0,,,,0.0,43200000.0,3000000.0,-600000.0,220300000.0,,,40900000.0,408700000.0,
2018-06-30,1838500000.0,479800000.0,1358700000.0,297300000.0,530900000.0,,504600000.0,,514500000.0,-31700000.0,,2.33,2.28,209800000.0,214500000.0,1226400000.0,,431400000.0,568100000.0,,,137100000.0,2696000000.0,,770200000.0,1118600000.0,466000000.0,34800000.0,5686100000.0,124600000.0,,,1183200000.0,,,,282500000.0,,2461800000.0,-150800000.0,3164200000.0,5686100000.0,38300000.0,37600000.0,,,20500000.0,,,,,,291500000.0,0.0,,,,0.0,96000000.0,3000000.0,-1500000.0,325200000.0,,,-199800000.0,408100000.0,
2018-09-30,2745100000.0,704700000.0,2040400000.0,459100000.0,800400000.0,,753500000.0,,763200000.0,48000000.0,,3.41,3.34,209500000.0,214100000.0,1261300000.0,,423800000.0,583800000.0,,,150400000.0,2912600000.0,,826100000.0,1122300000.0,467900000.0,35200000.0,5958200000.0,134000000.0,,,1261100000.0,,,,285100000.0,,2687700000.0,-139000000.0,3361300000.0,5958200000.0,57500000.0,55000000.0,,,43500000.0,,,,,,633800000.0,115300000.0,,,,0.0,181100000.0,,13800000.0,71000000.0,,,-256500000.0,443000000.0,
2018-12-31,3722800000.0,939400000.0,2783400000.0,622200000.0,1088500000.0,,748200000.0,,761400000.0,39200000.0,,3.45,3.38,209200000.0,213600000.0,714100000.0,,456900000.0,607000000.0,165000000.0,,131800000.0,2286900000.0,,867500000.0,1112200000.0,343200000.0,33600000.0,5323700000.0,134000000.0,,,876600000.0,,,,150000000.0,,2694700000.0,-138500000.0,3140400000.0,5323700000.0,77400000.0,71000000.0,-21200000.0,,65700000.0,,,,,,926800000.0,249300000.0,,,,0.0,238700000.0,3000000.0,-5200000.0,76700000.0,,0.0,-1101200000.0,-104200000.0,
2019-03-31,993000000.0,231800000.0,761200000.0,171400000.0,280300000.0,,274200000.0,,278000000.0,28300000.0,,1.2,1.18,207900000.0,212200000.0,709200000.0,,,630900000.0,,,141500000.0,2368800000.0,,892200000.0,1103400000.0,341300000.0,75500000.0,5469300000.0,147200000.0,,,646500000.0,,,,156700000.0,,2944400000.0,-141200000.0,3447500000.0,5469300000.0,20600000.0,20800000.0,,,29400000.0,,,,,,1500000.0,,,,,35000000.0,42200000.0,16800000.0,-1600000.0,-49500000.0,,,44400000.0,-4900000.0,
2019-06-30,2079900000.0,535800000.0,1544100000.0,363300000.0,588800000.0,,541700000.0,,549300000.0,57300000.0,,2.37,2.32,208100000.0,212100000.0,726800000.0,,,624900000.0,,,130200000.0,2354700000.0,,931100000.0,1173900000.0,385600000.0,80300000.0,5573500000.0,151000000.0,,,697000000.0,,,,162200000.0,,3186700000.0,-138200000.0,3500300000.0,5573500000.0,42300000.0,43100000.0,,,61900000.0,,,,,,342700000.0,75400000.0,,,,100200000.0,106800000.0,24000000.0,7200000.0,-137800000.0,,,-187000000.0,12700000.0,
2019-09-30,3173900000.0,828200000.0,2345700000.0,558800000.0,895000000.0,,836000000.0,,851000000.0,84300000.0,,3.68,3.61,208200000.0,212100000.0,1186600000.0,,,611100000.0,,,144400000.0,2739700000.0,,973600000.0,1156600000.0,381100000.0,100200000.0,5966300000.0,135900000.0,,,775800000.0,,,,159900000.0,,3461400000.0,-155800000.0,3814800000.0,5966300000.0,65400000.0,62900000.0,,,83900000.0,,,,,,780000000.0,95000000.0,,,,100200000.0,182900000.0,24000000.0,11700000.0,-150500000.0,,,-152600000.0,472500000.0,
2019-12-31,4348000000.0,1114400000.0,3233600000.0,752700000.0,1242200000.0,,1146800000.0,,1166500000.0,119600000.0,,5.03,4.93,208300000.0,212200000.0,1179100000.0,,543600000.0,640900000.0,135400000.0,,168000000.0,2984000000.0,,1060300000.0,1167700000.0,336500000.0,101800000.0,6488100000.0,180400000.0,,,902400000.0,,,,203300000.0,,3741600000.0,-156000000.0,4148300000.0,6488100000.0,89300000.0,81300000.0,10500000.0,,105400000.0,,,,,,1179400000.0,437900000.0,,,,100200000.0,254400000.0,24000000.0,24000000.0,-595800000.0,,,-115600000.0,465000000.0,
2020-03-31,1128700000.0,265100000.0,863600000.0,187400000.0,307800000.0,,358100000.0,,364500000.0,53900000.0,,1.49,1.47,208200000.0,211700000.0,662900000.0,,,662200000.0,,,163700000.0,2507900000.0,,1100600000.0,1166200000.0,334800000.0,145300000.0,6076100000.0,151500000.0,,,746900000.0,,,,192300000.0,,4052200000.0,-152000000.0,3901100000.0,6076100000.0,24500000.0,23900000.0,,,35200000.0,,,,,,207000000.0,150900000.0,,,,,82200000.0,0.0,-100000.0,-134700000.0,,,-586400000.0,-516200000.0,
2020-06-30,2053700000.0,503300000.0,1550400000.0,369500000.0,582700000.0,,188400000.0,,196300000.0,-46300000.0,,0.3,0.3,622500000.0,627700000.0,903500000.0,,,735100000.0,,,166200000.0,2690300000.0,,1195600000.0,1167700000.0,333500000.0,153800000.0,6424100000.0,153400000.0,,,873200000.0,,,,465700000.0,,3930300000.0,-146100000.0,3839100000.0,6424100000.0,49000000.0,48700000.0,,,99200000.0,,,,,,438200000.0,275700000.0,,,,,190500000.0,0.0,2000000.0,-144900000.0,,,-562300000.0,-275600000.0,
2020-09-30,3194600000.0,784300000.0,2410300000.0,565000000.0,889900000.0,,546200000.0,,560600000.0,46700000.0,,0.83,0.82,622300000.0,631000000.0,1024000000.0,,549700000.0,773300000.0,,,171500000.0,2980400000.0,,1276300000.0,1170000000.0,332400000.0,138000000.0,6800800000.0,162500000.0,,,846300000.0,,,,484000000.0,,4255500000.0,-157900000.0,4210300000.0,6800800000.0,74600000.0,71700000.0,,,118200000.0,,,,,,654300000.0,394300000.0,,,,,293800000.0,0.0,5100000.0,-271200000.0,,,-528300000.0,-155100000.0,
2020-12-31,4386300000.0,1080600000.0,3305700000.0,760700000.0,1228400000.0,,897600000.0,,916700000.0,93300000.0,,1.32,1.3,622600000.0,631900000.0,1183200000.0,,514600000.0,802300000.0,202800000.0,,208200000.0,3091000000.0,,1395200000.0,1173200000.0,331400000.0,119600000.0,7237100000.0,196500000.0,,,893900000.0,,,,252400000.0,,4565000000.0,-161100000.0,4574300000.0,7237100000.0,107200000.0,92600000.0,-52200000.0,,120600000.0,,,,,,1054300000.0,689700000.0,,,,,407000000.0,300000.0,12100000.0,-531100000.0,,,-486900000.0,15800000.0,
2021-03-31,1216600000.0,293400000.0,923200000.0,207000000.0,330800000.0,,383500000.0,,389300000.0,51100000.0,,0.54,0.54,623200000.0,631300000.0,1174200000.0,,586600000.0,767900000.0,,,229100000.0,3069200000.0,,1417900000.0,1170800000.0,330300000.0,125500000.0,7213700000.0,150400000.0,,,799000000.0,,,,250800000.0,,4903200000.0,-172400000.0,4658400000.0,7213700000.0,32400000.0,28200000.0,,,-2500000.0,,,,,,300500000.0,77400000.0,,,,,106000000.0,,-500000.0,-49700000.0,,,-274300000.0,-9300000.0,
2021-06-30,2592600000.0,627700000.0,1964900000.0,432300000.0,705300000.0,,925600000.0,,934800000.0,107100000.0,,1.33,1.31,622700000.0,630600000.0,1312800000.0,,640500000.0,759500000.0,,,233300000.0,3322900000.0,,1445800000.0,1171800000.0,327000000.0,105300000.0,7662100000.0,144600000.0,,,886200000.0,,,,268400000.0,,5392700000.0,-159600000.0,5133300000.0,7662100000.0,68200000.0,58500000.0,,,-17500000.0,,,,,,826600000.0,376500000.0,,,,,175300000.0,,11600000.0,-379200000.0,,,-333300000.0,125700000.0,
2021-09-30,3902800000.0,939400000.0,2963400000.0,670300000.0,1069700000.0,,1315900000.0,,1325700000.0,157900000.0,,1.87,1.85,623600000.0,631700000.0,1506900000.0,,600600000.0,737800000.0,,,241900000.0,3515500000.0,,1464600000.0,1170400000.0,325300000.0,133700000.0,8160300000.0,139500000.0,,,966500000.0,,,,275500000.0,2619000000.0,5732800000.0,-155400000.0,5541300000.0,8160300000.0,101800000.0,85100000.0,,,-25600000.0,,,,,,1358500000.0,722000000.0,,,,,236000000.0,,28400000.0,-756600000.0,,,-294300000.0,319700000.0,
2021-12-31,5232500000.0,1248900000.0,3983600000.0,903100000.0,1493700000.0,,1690300000.0,,1702000000.0,198900000.0,,2.41,2.38,623300000.0,631200000.0,862800000.0,,582200000.0,726700000.0,222100000.0,,237100000.0,3180700000.0,,1546600000.0,1167900000.0,323600000.0,110800000.0,8502600000.0,204500000.0,,,1032300000.0,,,,267300000.0,2666700000.0,6068100000.0,-157700000.0,5835900000.0,8502600000.0,134800000.0,109300000.0,-44000000.0,,-19000000.0,,,,,,1732100000.0,1629300000.0,,,,,325800000.0,4000000.0,44400000.0,-1722500000.0,,,-356300000.0,-332800000.0,
2022-03-31,1341200000.0,299300000.0,1041900000.0,228600000.0,370300000.0,,438800000.0,,436100000.0,62500000.0,,0.6,0.59,622100000.0,629400000.0,1030900000.0,,636300000.0,730600000.0,,,234500000.0,3241300000.0,,1552200000.0,1166300000.0,322000000.0,129400000.0,8419900000.0,158800000.0,,,949900000.0,,,,259700000.0,2575000000.0,6441700000.0,-186600000.0,5844900000.0,8419900000.0,34700000.0,32400000.0,,,24000000.0,,,,,,293300000.0,74100000.0,,,,,72700000.0,,5200000.0,229500000.0,,,-368100000.0,167900000.0,
2022-06-30,2715100000.0,568700000.0,2146400000.0,479400000.0,779300000.0,,898300000.0,,900800000.0,120800000.0,,1.26,1.24,621500000.0,628100000.0,1198100000.0,,636400000.0,740000000.0,,,248800000.0,3263100000.0,,1559900000.0,1164100000.0,320700000.0,234700000.0,8425100000.0,162500000.0,,,969100000.0,,,,222200000.0,2481500000.0,6848100000.0,-224400000.0,5943600000.0,8425100000.0,68800000.0,68600000.0,,,85800000.0,,,,,,625500000.0,114300000.0,,,,,115800000.0,,8700000.0,359100000.0,,,-676200000.0,335500000.0,
2022-09-30,4034100000.0,822500000.0,3211600000.0,713000000.0,1156600000.0,,1300700000.0,,1308100000.0,184600000.0,,1.81,1.79,621000000.0,626900000.0,1247800000.0,,618100000.0,757800000.0,,,267600000.0,3513900000.0,,1566400000.0,1158700000.0,266500000.0,316500000.0,8638200000.0,154900000.0,,,917900000.0,,,,221100000.0,2420400000.0,7191600000.0,-256000000.0,6217800000.0,8638200000.0,104200000.0,98900000.0,,,151100000.0,,,,,,935400000.0,302800000.0,,,,,175700000.0,,22900000.0,157600000.0,,,-746100000.0,384300000.0,
2022-12-31,5382400000.0,1080400000.0,4302000000.0,945200000.0,1567600000.0,,1748500000.0,,1767400000.0,245500000.0,,2.46,2.44,619000000.0,624200000.0,769000000.0,,643000000.0,875500000.0,469300000.0,,195900000.0,3095800000.0,,1632800000.0,1164300000.0,285200000.0,299100000.0,8292500000.0,201900000.0,,,1022400000.0,,,,217500000.0,2485800000.0,7590000000.0,-254900000.0,5806700000.0,8292500000.0,139600000.0,126800000.0,-250900000.0,,213400000.0,,,,,,1218200000.0,315800000.0,,,,,244600000.0,20200000.0,28800000.0,252300000.0,,,-1584500000.0,-94800000.0,
2023-03-31,1459600000.0,329500000.0,1130100000.0,261200000.0,436300000.0,,388400000.0,,398600000.0,58100000.0,,0.56,0.56,607500000.0,610900000.0,872500000.0,,717700000.0,914300000.0,,,190300000.0,3257200000.0,,1646000000.0,1308400000.0,446800000.0,293600000.0,8651200000.0,180800000.0,,,1082000000.0,,,,260100000.0,2589200000.0,7930500000.0,-255400000.0,5978000000.0,8651200000.0,35200000.0,38900000.0,,,32800000.0,,,,,,314100000.0,3200000.0,,,,,61500000.0,,15000000.0,500000.0,,,-206600000.0,103800000.0,
2023-06-30,2989800000.0,672500000.0,2317300000.0,531500000.0,905000000.0,,715600000.0,,737100000.0,91100000.0,647600000.0,1.07,1.06,607200000.0,610600000.0,1042600000.0,,754400000.0,980200000.0,,,217400000.0,3647000000.0,,1662200000.0,1299500000.0,431400000.0,412100000.0,9004000000.0,193000000.0,,,1157200000.0,,,,242700000.0,2557500000.0,8237600000.0,-255500000.0,6375700000.0,9004000000.0,71300000.0,76300000.0,,,113700000.0,,,,,,347700000.0,6800000.0,,,,,109400000.0,,16900000.0,70700000.0,,,-154500000.0,274900000.0,
2023-09-30,4470700000.0,1022900000.0,3447800000.0,801800000.0,1344600000.0,,1134000000.0,,1176400000.0,146700000.0,1032500000.0,1.7,1.69,607200000.0,610200000.0,1410100000.0,,739800000.0,1032400000.0,,,235800000.0,4067500000.0,,1681300000.0,1297400000.0,429800000.0,447400000.0,9370800000.0,190600000.0,,,1238900000.0,,,,240300000.0,2643700000.0,8622500000.0,-250100000.0,6657500000.0,9370800000.0,108200000.0,108900000.0,,,189700000.0,,,,,,759200000.0,8400000.0,,,,,164700000.0,,18400000.0,159700000.0,,,-297800000.0,641300000.0,
2023-12-31,6004800000.0,1379800000.0,4625000000.0,1071800000.0,1824600000.0,,1534100000.0,,1598100000.0,198700000.0,1402400000.0,2.31,2.3,606700000.0,609400000.0,1144000000.0,,775100000.0,1168200000.0,726100000.0,,239300000.0,4035700000.0,,1749400000.0,1253500000.0,428400000.0,463700000.0,9363200000.0,201400000.0,,,1195400000.0,,,,264300000.0,2643800000.0,8992400000.0,-242800000.0,6650000000.0,9363200000.0,144900000.0,139400000.0,-262000000.0,,289000000.0,,,,,,895800000.0,9100000.0,,,,,253000000.0,13300000.0,12500000.0,173800000.0,,,-711000000.0,375400000.0,
2024-03-31,1598200000.0,385600000.0,1212600000.0,285200000.0,489700000.0,,387500000.0,,409400000.0,58400000.0,351900000.0,0.58,0.58,601600000.0,604100000.0,1224600000.0,,817600000.0,1207300000.0,,,250600000.0,4170500000.0,,1767900000.0,1252800000.0,446800000.0,767600000.0,9736300000.0,212300000.0,,,1110800000.0,,,,266500000.0,2549900000.0,9344300000.0,-233300000.0,7117900000.0,9736300000.0,38500000.0,44600000.0,,,69500000.0,,,,,,-53500000.0,1800000.0,,,,,65300000.0,20000000.0,2300000.0,63100000.0,,,61700000.0,81000000.0,
2024-06-30,2732800000.0,581600000.0,2151200000.0,530400000.0,883600000.0,,720200000.0,,759900000.0,66800000.0,718200000.0,1.19,1.19,602100000.0,604300000.0,1644500000.0,,778300000.0,1024700000.0,,,252100000.0,4516000000.0,,1640100000.0,1151000000.0,417100000.0,789800000.0,10099300000.0,185900000.0,,,1217000000.0,,,,257100000.0,2594700000.0,9710600000.0,-220200000.0,7437400000.0,10099300000.0,78100000.0,88500000.0,,,163700000.0,,,,,,318000000.0,1800000.0,,,,,150700000.0,20000000.0,10800000.0,187900000.0,,,-34900000.0,510100000.0,
2024-09-30,4053700000.0,825300000.0,3228400000.0,781900000.0,1297300000.0,,1066100000.0,,1158000000.0,107000000.0,3789000000.0,6.31,6.29,600300000.0,602200000.0,3676400000.0,,716000000.0,1104200000.0,,,231000000.0,6727700000.0,,1675700000.0,1605300000.0,956100000.0,683500000.0,12971200000.0,172800000.0,,,1944100000.0,,,,322600000.0,3359800000.0,12781400000.0,-252500000.0,9545600000.0,12971200000.0,112600000.0,130600000.0,,,204900000.0,,,,,,669800000.0,518800000.0,,,,,202600000.0,25400000.0,36400000.0,2889600000.0,,,-1011600000.0,2535400000.0,
,,,,,,,,,,,,,,,,,,,,,,,,,,,,,,,,,,,,,,,,,,,,,,,,,,,,,,,,,,,,,,,,,,,
,,,,,,,,,,,,,,,,,,,,,,,,,,,,,,,,,,,,,,,,,,,,,,,,,,,,,,,,,,,,,,,,,,,
