Date,Net sales,Cost of sales,Gross margin,Research and development,"Selling, general and administrative",Total operating expenses,Operating income,"Other income/(expense), net",Income before provision for income taxes,Provision for income taxes,Net income,Earnings per share basic,Earnings per share diluted,Weighted-average basic,Weighted-average diluted,Cash and cash equivalents,Short-term marketable securities,"Accounts receivable, net",Inventories,Deferred tax assets,Vendor non-trade receivables,Other current assets,Total current assets,Long-term marketable securities,"Property, Plant and Equipment, Net",Goodwill,"Acquired intangible assets, net","Other Assets, Noncurrent",Total assets,accounts payable,Accrued expenses,Deferred revenue,Total current liabilities,Deferred revenue - non-current,deferred tax liabilities,long term taxes payable,Total other non-current liabilities,Total liabilities,Retained Earnings (Accumulated Deficit),Accumulated other comprehensive (loss)/income,Total shareholders equity,Total liabilities and shareholders' equity,"Depreciation, amortization and accretion",Stock-based compensation expense,Deferred income tax expense,"Increase (Decrease) in Accounts receivable, net",Increase (Decrease) in Inventories,Increase (Decrease) in Other Receivables,Increase (Decrease) in Other Operating Assets,Increase (Decrease) in Accounts Payable,Increase (Decrease) in Deferred Revenue,Increase (Decrease) Other liabilities,Cash generated by operating activities,Purchases of marketable securities,Proceeds from maturities of marketable securities,Proceeds from sales of marketable securities,Purchases of other long-term investments,"Business acquisitions, net of cash acquired",Cash payments for capital asset purchases,Payments for acquisition of intangible assets,Payments for (Proceeds from) Other Investing Activities,Cash used in investing activities,Proceeds from issuance of common stock,Excess tax benefits from stock-based compensation,Cash generated/used in financing activities,Increase/(decrease) in cash and cash equivalents,"Cash paid for income taxes, net"
2010-06-30,1551879000.0,326601000.0,,,,,305864000.0,-38211000.0,267653000.0,91701000.0,173657000.0,0.61,0.6,286333000.0,291726000.0,795854000.0,,390685000.0,,,,124464000.0,1815691000.0,,257012000.0,3596764000.0,801328000.0,152099000.0,6622894000.0,211131000.0,296554000.0,26853000.0,2587222000.0,,226962000.0,,246782000.0,,-1442376000.0,-46013000.0,2605934000.0,6622894000.0,,33543000.0,3344000.0,105232000.0,,,,,10896000.0,,933333000.0,,,,,36353000.0,73128000.0,,882000.0,-491338000.0,,5053000.0,-240780000.0,153310000.0,46135000.0
2010-09-30,2539739000.0,516634000.0,,,,,582668000.0,-76407000.0,506261000.0,152285000.0,350207000.0,1.23,1.21,284608000.0,289893000.0,950871000.0,,408089000.0,,,,112493000.0,2208322000.0,,261832000.0,3633508000.0,803996000.0,225083000.0,7132741000.0,212379000.0,299681000.0,30794000.0,2380223000.0,,237121000.0,,98815000.0,,-1265826000.0,-3225000.0,2709883000.0,7132741000.0,,46564000.0,8975000.0,113742000.0,,,,,12013000.0,,937717000.0,,,,,36353000.0,113324000.0,,2024000.0,-849212000.0,,6475000.0,240992000.0,308327000.0,130343000.0
2010-12-31,3348109000.0,692832000.0,,,,,731915000.0,-111347000.0,620568000.0,195008000.0,421500000.0,1.49,1.46,282465000.0,288028000.0,714332000.0,,328468000.0,,,,128985000.0,1701627000.0,,277061000.0,3642360000.0,797707000.0,232239000.0,6650994000.0,181765000.0,322827000.0,29466000.0,1889420000.0,,248461000.0,,131516000.0,,-1194533000.0,-8803000.0,2672544000.0,6650994000.0,,59690000.0,23581000.0,35382000.0,,,,,10729000.0,,777483000.0,,,,,50465000.0,155189000.0,,1953000.0,-817696000.0,,8753000.0,131881000.0,71788000.0,163405000.0
2011-03-31,822177000.0,177842000.0,,,,,108241000.0,-34056000.0,74185000.0,21976000.0,52039000.0,0.19,0.19,273860000.0,278167000.0,953169000.0,,434045000.0,,,,151558000.0,2427450000.0,,301201000.0,3665001000.0,795882000.0,268054000.0,7457588000.0,202288000.0,279168000.0,35958000.0,2652880000.0,,258460000.0,,132085000.0,,-1142494000.0,15638000.0,2703087000.0,7457588000.0,,17272000.0,7027000.0,101238000.0,,,,,6345000.0,,729090000.0,,,,,4894000.0,51079000.0,,-430000.0,-433972000.0,,2016000.0,-65050000.0,238837000.0,13498000.0
2011-06-30,1845811000.0,376386000.0,,,,,335210000.0,-64685000.0,270525000.0,77426000.0,192432000.0,0.7,0.69,273725000.0,278136000.0,1409008000.0,63000000.0,469488000.0,,,,,2954000000.0,231000000.0,317987000.0,3678538000.0,793482000.0,,8045277000.0,216460000.0,356852000.0,36194000.0,2998119000.0,,265717000.0,,122356000.0,,-1002101000.0,22608000.0,2880075000.0,8045277000.0,,30753000.0,13138000.0,134113000.0,,,,,6575000.0,,1219791000.0,,,,,12969000.0,109040000.0,,-1033000.0,-545052000.0,,5044000.0,-663000.0,694676000.0,26821000.0
2011-09-30,2986646000.0,586063000.0,,,,,624563000.0,-82853000.0,541710000.0,138205000.0,401966000.0,1.47,1.44,273263000.0,279368000.0,1453508000.0,69000000.0,431064000.0,,,,,2598173000.0,220000000.0,340972000.0,3653161000.0,779248000.0,,7676683000.0,213201000.0,421697000.0,36477000.0,2616269000.0,,258326000.0,,118654000.0,,-792567000.0,-13819000.0,2897795000.0,7676683000.0,,45812000.0,7202000.0,103402000.0,,,,,6976000.0,,1225490000.0,,,,,15970000.0,173895000.0,,-1039000.0,-309747000.0,,6892000.0,-163288000.0,739176000.0,47674000.0
2011-12-31,3449009000.0,761272000.0,,,,,479609000.0,-77537000.0,402072000.0,75731000.0,472294000.0,3.48,3.41,135888000.0,138702000.0,689134000.0,57000000.0,339427000.0,,-264479000.0,,,2274429000.0,212000000.0,320282000.0,2877301000.0,743898000.0,,6505258000.0,173855000.0,333237000.0,15238000.0,2553357000.0,,279962000.0,,117491000.0,,-722239000.0,-17350000.0,2199864000.0,6505258000.0,,63847000.0,9942000.0,70012000.0,,,,,-2159000.0,,825729000.0,,,,,35221000.0,207837000.0,,-1898000.0,-463460000.0,,7271000.0,-353494000.0,67935000.0,53772000.0
2012-03-31,816488000.0,200098000.0,,,,,48683000.0,-21856000.0,26827000.0,5240000.0,-3281000.0,-0.02,-0.02,133202000.0,139306000.0,1272508000.0,75000000.0,414555000.0,,,,,2584642000.0,186000000.0,343540000.0,2888930000.0,738858000.0,,6818183000.0,200872000.0,304952000.0,16913000.0,3002189000.0,,287925000.0,,123274000.0,,-725520000.0,-3008000.0,2048840000.0,6818183000.0,,16951000.0,10323000.0,71836000.0,,,,,1673000.0,,847816000.0,,,,,,50814000.0,,1031000.0,-97757000.0,,7492000.0,-175251000.0,583374000.0,-17231000.0
2012-06-30,1856468000.0,429839000.0,,,,,203124000.0,-41433000.0,161691000.0,33995000.0,105241000.0,0.79,0.76,132877000.0,138747000.0,1343346000.0,121000000.0,512856000.0,,,,,3086511000.0,133000000.0,376528000.0,3000754000.0,836365000.0,,7505096000.0,277042000.0,360510000.0,22855000.0,3450185000.0,,337450000.0,,126171000.0,,-620279000.0,-26761000.0,2234569000.0,7505096000.0,,33572000.0,8556000.0,142121000.0,,,,,7619000.0,,1400595000.0,,,,,199267000.0,117217000.0,,1999000.0,-641453000.0,,16920000.0,-85889000.0,654212000.0,-3597000.0
2012-09-30,3055488000.0,673472000.0,,,,,430214000.0,-64185000.0,366029000.0,70145000.0,273437000.0,2.04,1.96,135968000.0,141423000.0,1314728000.0,126000000.0,566339000.0,,,,,3091410000.0,114000000.0,393454000.0,3006962000.0,828318000.0,,7507565000.0,311610000.0,398194000.0,23062000.0,3298579000.0,,353233000.0,,134116000.0,,-448802000.0,-12584000.0,2365107000.0,7507565000.0,,48910000.0,16219000.0,192105000.0,,,,,7790000.0,,1453908000.0,,,,,198398000.0,176980000.0,,2203000.0,-672776000.0,,28433000.0,-153927000.0,625594000.0,-584000.0
2012-12-31,4030347000.0,898604000.0,,,,,431724000.0,-81667000.0,350057000.0,47078000.0,280171000.0,2.09,2.0,134203000.0,139929000.0,1293161000.0,119000000.0,461531000.0,,-240732000.0,,,2614502000.0,126000000.0,409373000.0,3015670000.0,821419000.0,,7085195000.0,283029000.0,590505000.0,26475000.0,2982311000.0,,323766000.0,,140385000.0,,-442068000.0,22000.0,2280259000.0,7085195000.0,,64596000.0,-55120000.0,84017000.0,,,,,1141000.0,,1237182000.0,,,,,199360000.0,235697000.0,,2250000.0,-367825000.0,,41100000.0,-272787000.0,604027000.0,9632000.0
2013-03-31,1012367000.0,250581000.0,,,,,-105628000.0,-13643000.0,-119271000.0,-11903000.0,-104226000.0,-0.77,-0.77,135641000.0,135641000.0,1082798000.0,132000000.0,627792000.0,,,,,2980871000.0,108000000.0,419241000.0,3642098000.0,1163828000.0,,8432420000.0,344730000.0,573063000.0,35585000.0,3984307000.0,,439755000.0,,133742000.0,,-546294000.0,-18782000.0,2159094000.0,8432420000.0,,75078000.0,4741000.0,150834000.0,,,,,9085000.0,,881089000.0,,,,,540489000.0,87156000.0,,,-974720000.0,,19379000.0,-78351000.0,-210363000.0,2552000.0
2013-06-30,2217384000.0,513188000.0,,,,,94286000.0,-20506000.0,87423000.0,24408000.0,71500000.0,0.52,0.51,136351000.0,141112000.0,1311817000.0,99000000.0,684875000.0,,,,,3263710000.0,132000000.0,440727000.0,3643196000.0,1145400000.0,,8744096000.0,414508000.0,450715000.0,40487000.0,4210912000.0,,460853000.0,,127025000.0,,-474794000.0,-16614000.0,2227804000.0,8744096000.0,,91164000.0,25012000.0,207418000.0,,,,,13886000.0,,1199608000.0,,,,,540489000.0,157840000.0,,43000.0,-1031155000.0,,28827000.0,-90032000.0,18656000.0,41797000.0
2013-09-30,3619244000.0,789506000.0,,,,,238691000.0,-47117000.0,212080000.0,57861000.0,170859000.0,1.25,1.22,136381000.0,141202000.0,1394498000.0,85000000.0,695137000.0,,,,,2705806000.0,127000000.0,464773000.0,3657994000.0,1129531000.0,,8201610000.0,,482014000.0,42621000.0,3721419000.0,,435715000.0,,132109000.0,,-303935000.0,9189000.0,2195596000.0,8201610000.0,,109203000.0,2863000.0,210118000.0,,,,,16728000.0,,975415000.0,,,,,540489000.0,235416000.0,,177000.0,-536949000.0,,33368000.0,-320355000.0,101337000.0,52550000.0
2013-12-31,4771259000.0,1038034000.0,,,,,366060000.0,-65367000.0,300693000.0,84335000.0,232850000.0,1.73,1.67,134912000.0,139593000.0,1021033000.0,67000000.0,614735000.0,,-353251000.0,,,2219287000.0,133000000.0,480702000.0,3663674000.0,1111041000.0,,7739481000.0,,536895000.0,39746000.0,3294381000.0,,433532000.0,,138300000.0,,-209218000.0,18197000.0,2145464000.0,7739481000.0,,130173000.0,-772000.0,127327000.0,,,,,13722000.0,,763200000.0,,,,,541247000.0,308581000.0,,2520000.0,-525513000.0,,39606000.0,-492516000.0,-272128000.0,73439000.0
2014-03-31,1200371000.0,294619000.0,,,,,-2998000.0,-16487000.0,-19485000.0,319000.0,-14304000.0,-0.11,-0.11,130559000.0,130559000.0,1484066000.0,40000000.0,818818000.0,,64442000.0,,,3314954000.0,120000000.0,490580000.0,3704456000.0,1109264000.0,,8888377000.0,,510243000.0,56847000.0,4449255000.0,,440215000.0,,152389000.0,,-223522000.0,28292000.0,1995161000.0,8888377000.0,,24821000.0,5793000.0,196870000.0,,,,,17239000.0,,971438000.0,,,,,,74749000.0,,504000.0,-433603000.0,,21783000.0,-78204000.0,463033000.0,29682000.0
2014-06-30,2695003000.0,595120000.0,,,,,129220000.0,-39102000.0,106605000.0,21070000.0,89373000.0,0.69,0.67,130046000.0,134399000.0,1433820000.0,27000000.0,927909000.0,,96947000.0,,,3640965000.0,123000000.0,509786000.0,3696861000.0,1087048000.0,,9234829000.0,,597668000.0,60862000.0,4857877000.0,,465283000.0,,182677000.0,,-134149000.0,25805000.0,1875666000.0,9234829000.0,,45835000.0,-809000.0,307000000.0,,,,,21237000.0,,1464942000.0,,,,,,157213000.0,,-2386000.0,-764993000.0,,27394000.0,-295610000.0,412787000.0,36630000.0
2014-09-30,4407507000.0,894828000.0,,,,,423058000.0,-46413000.0,376645000.0,59974000.0,332128000.0,2.57,2.48,129326000.0,133683000.0,2252748000.0,27000000.0,887436000.0,,97541000.0,,,3836818000.0,116000000.0,525053000.0,3669745000.0,1076780000.0,,9424988000.0,,669531000.0,56234000.0,4541707000.0,,446922000.0,,167325000.0,,31802000.0,-31035000.0,1884788000.0,9424988000.0,,68139000.0,-27371000.0,277056000.0,,,,,16702000.0,,1566802000.0,,,,,25177000.0,239678000.0,,-2188000.0,-361252000.0,,38352000.0,78837000.0,1231715000.0,42428000.0
2014-12-31,5763485000.0,1179081000.0,,,,,517764000.0,-53123000.0,464641000.0,91691000.0,398097000.0,3.09,2.99,128912000.0,133168000.0,1402700000.0,43000000.0,778334000.0,,-273636000.0,,,2924489000.0,100000000.0,553126000.0,3955901000.0,1290087000.0,,9020538000.0,,753625000.0,62206000.0,4186615000.0,,452958000.0,,180376000.0,,28278000.0,-138774000.0,1784267000.0,9020538000.0,,85011000.0,-79031000.0,157957000.0,,,,,18739000.0,,1366959000.0,,,,,560668000.0,328387000.0,,-1932000.0,-924257000.0,,58156000.0,48149000.0,381667000.0,70339000.0
2015-03-31,1373397000.0,321918000.0,,,,,-51001000.0,82652000.0,31651000.0,-910000.0,44143000.0,0.35,0.34,127563000.0,131402000.0,1735283000.0,35000000.0,985024000.0,,168040000.0,,,3485928000.0,91000000.0,580956000.0,4016188000.0,1511543000.0,,10135088000.0,,674691000.0,69066000.0,5382649000.0,,446341000.0,,203280000.0,,0.0,-239480000.0,1663541000.0,10135088000.0,,28886000.0,3478000.0,215036000.0,,,,,7606000.0,,1051064000.0,,,,,326088000.0,102650000.0,,-1807000.0,-627048000.0,,10059000.0,-26664000.0,332583000.0,68461000.0
2015-06-30,3035997000.0,643000000.0,,,,,90092000.0,550617000.0,589708000.0,131221000.0,493787000.0,3.85,3.74,128887000.0,132960000.0,3187129000.0,36000000.0,1123555000.0,,169449000.0,,,4990392000.0,82000000.0,867137000.0,3976617000.0,1476039000.0,,11831926000.0,,740650000.0,57142000.0,5968228000.0,,437959000.0,,220545000.0,,417428000.0,-256692000.0,2111106000.0,11831926000.0,,70380000.0,2021000.0,412670000.0,,,,,9819000.0,,1662031000.0,,,,,327362000.0,468727000.0,,-10435000.0,-508766000.0,,69085000.0,686040000.0,1784429000.0,79672000.0
2015-09-30,4973750000.0,971066000.0,,,,,384089000.0,547806000.0,931895000.0,196261000.0,777003000.0,6.03,5.86,129989000.0,133417000.0,1455339000.0,35000000.0,1242303000.0,,180951000.0,,,3173472000.0,76000000.0,966560000.0,5400968000.0,2122770000.0,,12403273000.0,,940198000.0,58249000.0,5941246000.0,,628019000.0,,284905000.0,,666177000.0,-284246000.0,2441048000.0,12403273000.0,,134036000.0,-42628000.0,381618000.0,,,,,6461000.0,,1541526000.0,,,,,1933821000.0,625439000.0,,-11665000.0,-2103796000.0,,85463000.0,724808000.0,52639000.0,87708000.0
2015-12-31,6672317000.0,1309559000.0,,,,,413566000.0,512396000.0,925962000.0,203214000.0,764465000.0,5.87,5.7,130159000.0,134018000.0,1676299000.0,34000000.0,1082406000.0,,434472000.0,,,2978761000.0,65000000.0,1064259000.0,7992941000.0,2793954000.0,,15503812000.0,,1469725000.0,235809000.0,5926017000.0,,473841000.0,,314432000.0,,507666000.0,-284894000.0,4864394000.0,15503812000.0,,178068000.0,-21635000.0,198262000.0,,,-97701000.0,,-5893000.0,,1368045000.0,,,,,2063649000.0,787041000.0,,-11728000.0,-2371260000.0,,90855000.0,1404199000.0,273599000.0,96834000.0
2016-03-31,1903961000.0,402841000.0,,,,,-102355000.0,-68588000.0,-170943000.0,-49139000.0,-121861000.0,-0.81,-0.81,151052000.0,151052000.0,2063329000.0,29000000.0,1363321000.0,,,,,3796132000.0,62000000.0,1174324000.0,8026352000.0,2738961000.0,,16390044000.0,,989614000.0,293030000.0,6957960000.0,,526406000.0,,328994000.0,,373300000.0,-287368000.0,4631700000.0,16390044000.0,,53965000.0,21886000.0,267867000.0,,,37399000.0,,55974000.0,,1099263000.0,,,,,,167578000.0,,-2230000.0,-159235000.0,,9060000.0,-603891000.0,387030000.0,39202000.0
2016-06-30,4099830000.0,808950000.0,,,,,-71636000.0,-106445000.0,-178081000.0,-75556000.0,-76940000.0,-0.51,-0.51,150332000.0,153532000.0,2296524000.0,16000000.0,1454518000.0,,,,,4163977000.0,60000000.0,1235282000.0,8019775000.0,2646039000.0,,16728542000.0,,1065251000.0,331837000.0,7446755000.0,,512088000.0,,322098000.0,,7369000.0,-299566000.0,4202304000.0,16728542000.0,,149339000.0,24107000.0,367188000.0,,,57052000.0,,96154000.0,,1726097000.0,,,,,,379981000.0,,-2222000.0,-394528000.0,,,-748489000.0,620225000.0,89972000.0
2016-09-30,6680735000.0,1225857000.0,,,,,386152000.0,-153042000.0,339555000.0,60627000.0,279331000.0,1.86,1.81,150281000.0,154332000.0,1844475000.0,26000000.0,1383774000.0,,,,,3620294000.0,44000000.0,1339621000.0,8027179000.0,2573640000.0,,16131766000.0,,1037055000.0,299291000.0,6619438000.0,,417886000.0,,358640000.0,,0.0,-307112000.0,3885756000.0,16131766000.0,,197602000.0,-66050000.0,297258000.0,,,51995000.0,,62970000.0,,1543678000.0,,,,,777000.0,567044000.0,,-2222000.0,-588923000.0,,0.0,-815297000.0,168176000.0,103901000.0
2016-12-31,8773564000.0,1596698000.0,,,,,461702000.0,-185102000.0,276600000.0,15315000.0,281848000.0,1.87,1.82,150367000.0,154517000.0,1796811000.0,48000000.0,1343247000.0,,446999000.0,,,3450251000.0,16000000.0,1394904000.0,7942023000.0,2446652000.0,,15777546000.0,,1090826000.0,282517000.0,6127198000.0,,484970000.0,,312939000.0,,129034000.0,-280399000.0,4132301000.0,15777546000.0,,242417000.0,-14088000.0,276154000.0,,,30198000.0,,50606000.0,,1564334000.0,,,,,777000.0,749348000.0,,-2222000.0,-718321000.0,,0.0,-690619000.0,120512000.0,124291000.0
2017-03-31,2188736000.0,421687000.0,,,,,-72833000.0,-58422000.0,-131255000.0,-46716000.0,-86122000.0,-0.57,-0.57,150531000.0,150531000.0,2503230000.0,46000000.0,1579657000.0,,,,,5328413000.0,12000000.0,1421962000.0,7979882000.0,2386504000.0,,17668906000.0,,1035271000.0,369722000.0,8019571000.0,,496202000.0,,323142000.0,,666000.0,-251413000.0,4089272000.0,17668906000.0,,47211000.0,13680000.0,232475000.0,,,51746000.0,,85861000.0,,1673443000.0,,,,,,166869000.0,,2000000.0,-949584000.0,,,-48120000.0,706419000.0,25128000.0
2017-06-30,4774788000.0,860694000.0,,,,,102768000.0,-104508000.0,-74573000.0,-43704000.0,56689000.0,0.37,0.36,151582000.0,157033000.0,2874823000.0,49000000.0,1809618000.0,,,,,6026561000.0,7000000.0,1479059000.0,8156716000.0,2390465000.0,,18623248000.0,,1161233000.0,393964000.0,8744502000.0,,,,369447000.0,,14916000.0,-188340000.0,4226077000.0,18623248000.0,,97313000.0,2278000.0,434412000.0,,,69101000.0,,101173000.0,,2365640000.0,,,,,138215000.0,356892000.0,,0.0,-1303941000.0,,,-80638000.0,1078012000.0,107480000.0
2017-09-30,7740636000.0,1319253000.0,,,,,511663000.0,-170805000.0,415431000.0,66078000.0,352238000.0,2.32,2.23,152088000.0,157760000.0,3239886000.0,37000000.0,1835286000.0,,,,,5983802000.0,6000000.0,1521609000.0,8226173000.0,2377597000.0,,19035232000.0,,1181265000.0,315181000.0,8272556000.0,,,,395808000.0,,321576000.0,-123973000.0,4603420000.0,19035232000.0,,103592000.0,-89277000.0,428191000.0,,,108292000.0,,18922000.0,,1922025000.0,,,,,170293000.0,525596000.0,,-7195000.0,-1480178000.0,,,860512000.0,1443075000.0,134980000.0
2017-12-31,10059844000.0,1756531000.0,,,,,625138000.0,-208374000.0,416764000.0,45405000.0,377964000.0,2.49,2.42,151619000.0,156385000.0,2846729000.0,0.0,1865995000.0,,325300000.0,,,5539589000.0,0.0,1575258000.0,8228865000.0,2308536000.0,,18515628000.0,,1264819000.0,325722000.0,7878690000.0,,,,408380000.0,,331078000.0,-148933000.0,4522335000.0,18515628000.0,,149350000.0,-103308000.0,455668000.0,,,116768000.0,,30085000.0,,1799154000.0,,,,,170639000.0,710330000.0,,-7195000.0,-1582390000.0,,0.0,687514000.0,1049918000.0,174180000.0
2018-03-31,2508000000.0,487000000.0,,,,,-165000000.0,-4000000.0,-169000000.0,-20000000.0,-137000000.0,-0.91,-0.91,151817000.0,151817000.0,3423000000.0,,2253000000.0,,,,,7431000000.0,,1627000000.0,8251000000.0,2243000000.0,,20429000000.0,,597000000.0,469000000.0,9991000000.0,,,,432000000.0,,117000000.0,-125000000.0,4195000000.0,20429000000.0,,50000000.0,88000000.0,345000000.0,,,57000000.0,,143000000.0,,1676000000.0,,,,,,192000000.0,,-6000000.0,-728000000.0,,,-236000000.0,729000000.0,67000000.0
2018-06-30,,985000000.0,,,,,111000000.0,-129000000.0,-183000000.0,-25000000.0,-136000000.0,-0.9,-0.9,150942000.0,152617000.0,3072000000.0,,2359000000.0,,,,,7794000000.0,,1689000000.0,8139000000.0,2157000000.0,,20554000000.0,,692000000.0,460000000.0,10497000000.0,,,,440000000.0,,74000000.0,-190000000.0,3967000000.0,20554000000.0,,100000000.0,-6000000.0,476000000.0,,,96000000.0,,135000000.0,,2491000000.0,,,,,0.0,411000000.0,,-6000000.0,-1434000000.0,,,-456000000.0,495000000.0,136000000.0
2018-09-30,,1489000000.0,,,,,672000000.0,-189000000.0,612000000.0,81000000.0,525000000.0,3.51,3.43,150450000.0,153404000.0,2920000000.0,,2294000000.0,,,,,6172000000.0,,1769000000.0,8157000000.0,2101000000.0,,19141000000.0,,695000000.0,346000000.0,8763000000.0,,,,455000000.0,,551000000.0,-202000000.0,4386000000.0,19141000000.0,,154000000.0,-281000000.0,416000000.0,,,12000000.0,,21000000.0,,2120000000.0,,,,,40000000.0,634000000.0,,-41000000.0,-655000000.0,,,-1154000000.0,192000000.0,188000000.0
2018-12-31,,1965000000.0,,,,,714000000.0,-229000000.0,485000000.0,87000000.0,406000000.0,2.71,2.65,149961000.0,152889000.0,2443000000.0,,2151000000.0,,486000000.0,,,5197000000.0,,1877000000.0,8120000000.0,1992000000.0,,18033000000.0,,808000000.0,364000000.0,8060000000.0,,,,506000000.0,,517000000.0,-220000000.0,4104000000.0,18033000000.0,,203000000.0,-308000000.0,282000000.0,,,29000000.0,,40000000.0,,1975000000.0,,,,,53000000.0,878000000.0,,-38000000.0,-559000000.0,,,-1489000000.0,-212000000.0,282000000.0
2019-03-31,,513000000.0,,,,,-131000000.0,-10000000.0,-141000000.0,-41000000.0,-103000000.0,-0.69,-0.69,147882000.0,147882000.0,3708000000.0,,2617000000.0,,,,,7702000000.0,,1828000000.0,8109000000.0,1936000000.0,,20963000000.0,,787000000.0,533000000.0,10726000000.0,,,,332000000.0,,373000000.0,-217000000.0,4083000000.0,20963000000.0,,56000000.0,17000000.0,468000000.0,,,23000000.0,,169000000.0,,2149000000.0,,,,,,274000000.0,,-6000000.0,-706000000.0,,,21000000.0,1453000000.0,105000000.0
2019-06-30,,1035000000.0,,,,,265000000.0,-40000000.0,235000000.0,48000000.0,183000000.0,1.23,1.21,149049000.0,151561000.0,4258000000.0,,2893000000.0,,,,,8824000000.0,,1953000000.0,8118000000.0,1887000000.0,,22201000000.0,,950000000.0,522000000.0,11676000000.0,,,,343000000.0,,508000000.0,-216000000.0,4342000000.0,22201000000.0,,115000000.0,-15000000.0,742000000.0,,,7000000.0,,157000000.0,,3287000000.0,,,,,,573000000.0,,-16000000.0,-1166000000.0,,,34000000.0,2175000000.0,157000000.0
2019-09-30,9320000000.0,1604000000.0,,,,,743000000.0,-88000000.0,655000000.0,161000000.0,489000000.0,3.3,3.24,148052000.0,150912000.0,3797000000.0,,2684000000.0,,,,,7969000000.0,,2090000000.0,8104000000.0,1843000000.0,,21381000000.0,,932000000.0,381000000.0,10582000000.0,,,,354000000.0,,850000000.0,-258000000.0,4184000000.0,21381000000.0,,175000000.0,-58000000.0,543000000.0,,,0.0,,16000000.0,,2426000000.0,,,,,-80000000.0,864000000.0,,-3000000.0,-1429000000.0,,,607000000.0,1542000000.0,216000000.0
2019-12-31,12067000000.0,2163000000.0,,,,,903000000.0,-128000000.0,775000000.0,203000000.0,565000000.0,3.84,3.77,147194000.0,149884000.0,3315000000.0,,2524000000.0,,89000000.0,,,7735000000.0,,2198000000.0,8127000000.0,1804000000.0,,21416000000.0,,1050000000.0,321000000.0,10714000000.0,,,,374000000.0,,879000000.0,-217000000.0,3967000000.0,21416000000.0,,241000000.0,-91000000.0,368000000.0,,,193000000.0,,-45000000.0,,2767000000.0,,,,,-80000000.0,1160000000.0,,-21000000.0,-1553000000.0,,,175000000.0,1392000000.0,304000000.0
2020-03-31,2209000000.0,,,,,,-1294000000.0,-185000000.0,-1479000000.0,-82000000.0,-1301000000.0,-9.24,-9.24,140823000.0,140823000.0,3905000000.0,,1423000000.0,,,,,7652000000.0,,2297000000.0,7330000000.0,1642000000.0,,20417000000.0,,978000000.0,221000000.0,9608000000.0,,,,383000000.0,,-470000000.0,-301000000.0,2270000000.0,20417000000.0,229000000.0,55000000.0,-108000000.0,-1086000000.0,,,791000000.0,,-99000000.0,,-784000000.0,,,,,,287000000.0,,-19000000.0,32000000.0,,,1517000000.0,624000000.0,56000000.0
2020-06-30,2775000000.0,,,,,,-2143000000.0,-289000000.0,-2432000000.0,-295000000.0,-2037000000.0,-14.57,-14.57,141072000.0,141072000.0,5053000000.0,,1002000000.0,,,,,8944000000.0,,2305000000.0,7330000000.0,1600000000.0,,21905000000.0,,1166000000.0,197000000.0,7872000000.0,,,,388000000.0,,-1206000000.0,-273000000.0,1734000000.0,21905000000.0,461000000.0,109000000.0,-279000000.0,-1479000000.0,,,585000000.0,,-121000000.0,,-2630000000.0,,,,,,493000000.0,,-76000000.0,-341000000.0,,,5333000000.0,2269000000.0,63000000.0
2020-09-30,4279000000.0,,,,,,-2256000000.0,-400000000.0,-2656000000.0,-319000000.0,-2229000000.0,-16.13,-16.13,141306000.0,141306000.0,4353000000.0,,839000000.0,,,,,6735000000.0,,2303000000.0,7343000000.0,1537000000.0,,19679000000.0,,1076000000.0,177000000.0,5636000000.0,,,,456000000.0,,-1398000000.0,-239000000.0,1632000000.0,19679000000.0,681000000.0,156000000.0,-368000000.0,-1636000000.0,,,219000000.0,,-142000000.0,,-3449000000.0,,,,,0.0,669000000.0,,-86000000.0,-107000000.0,,,4571000000.0,984000000.0,103000000.0
2020-12-31,5199000000.0,,,,,,-2719000000.0,-432000000.0,-3151000000.0,-423000000.0,-2612000000.0,-19.0,-19.0,141414000.0,141414000.0,3363000000.0,,701000000.0,,592000000.0,,,5634000000.0,,2257000000.0,7380000000.0,1515000000.0,,18690000000.0,,979000000.0,172000000.0,5406000000.0,,,,462000000.0,,-1781000000.0,-178000000.0,1510000000.0,18690000000.0,893000000.0,205000000.0,-488000000.0,-1781000000.0,,,188000000.0,,-142000000.0,,-3834000000.0,,,,,0.0,797000000.0,,-58000000.0,-263000000.0,,,4077000000.0,41000000.0,108000000.0
2021-03-31,1246000000.0,,,,,,-369000000.0,-381000000.0,-750000000.0,-169000000.0,-578000000.0,-4.17,-4.17,145181000.0,145181000.0,4291000000.0,,1007000000.0,,,,,8836000000.0,,2241000000.0,7363000000.0,1479000000.0,,21866000000.0,,946000000.0,174000000.0,8774000000.0,,,,456000000.0,,-2359000000.0,-199000000.0,1209000000.0,21866000000.0,209000000.0,83000000.0,-175000000.0,300000000.0,,,495000000.0,,2000000.0,,2170000000.0,,,,,,168000000.0,,12000000.0,-180000000.0,,,210000000.0,2127000000.0,11000000.0
2021-06-30,3357000000.0,,,,,,-501000000.0,-473000000.0,-974000000.0,-216000000.0,-750000000.0,-6.16,-6.16,149093000.0,149093000.0,5464000000.0,,1440000000.0,,,,,11113000000.0,,2261000000.0,7370000000.0,1457000000.0,,24181000000.0,,1038000000.0,172000000.0,11713000000.0,,,,465000000.0,,-2531000000.0,-186000000.0,1096000000.0,24181000000.0,414000000.0,203000000.0,-241000000.0,729000000.0,,,614000000.0,,0.0,,4684000000.0,,,,,,351000000.0,,73000000.0,-413000000.0,,,-378000000.0,3867000000.0,16000000.0
2021-09-30,6319000000.0,,,,,,524000000.0,-532000000.0,-509000000.0,-129000000.0,376000000.0,-3.67,-3.67,151019000.0,160460000.0,5031000000.0,,1485000000.0,,,,,9043000000.0,,2264000000.0,7318000000.0,1425000000.0,,21944000000.0,,915000000.0,161000000.0,9751000000.0,,,,438000000.0,,-2147000000.0,-221000000.0,1603000000.0,21944000000.0,615000000.0,319000000.0,-158000000.0,781000000.0,,,190000000.0,,-8000000.0,,3463000000.0,,,,,,530000000.0,,-2000000.0,-506000000.0,,,-351000000.0,2480000000.0,15000000.0
2021-12-31,8598000000.0,,,,,,186000000.0,-224000000.0,-38000000.0,-53000000.0,12000000.0,-1.8,-1.8,149734000.0,149734000.0,4111000000.0,,1264000000.0,,708000000.0,,,8181000000.0,,2180000000.0,7171000000.0,1393000000.0,,21548000000.0,,824000000.0,166000000.0,9450000000.0,,,,413000000.0,,-1761000000.0,-149000000.0,2057000000.0,21548000000.0,814000000.0,418000000.0,-145000000.0,721000000.0,,,224000000.0,,-2000000.0,,3748000000.0,,,,,,673000000.0,,20000000.0,-931000000.0,,,-973000000.0,1667000000.0,74000000.0
2022-03-31,2249000000.0,,,,,,-135000000.0,-73000000.0,-208000000.0,-85000000.0,-122000000.0,-0.78,-0.78,156336000.0,156366000.0,5552000000.0,,1736000000.0,,,,,11147000000.0,,2169000000.0,7166000000.0,1368000000.0,,24577000000.0,,843000000.0,178000000.0,12469000000.0,,,,414000000.0,,-1883000000.0,-161000000.0,2078000000.0,24577000000.0,197000000.0,90000000.0,-101000000.0,476000000.0,,,356000000.0,,13000000.0,,2991000000.0,,,,,,156000000.0,,31000000.0,13000000.0,,,-663000000.0,2330000000.0,26000000.0
2022-06-30,5430000000.0,,,,,,345000000.0,-545000000.0,-335000000.0,58000000.0,-307000000.0,-1.96,-1.96,157290000.0,157290000.0,5568000000.0,,2173000000.0,,,,,11786000000.0,,2163000000.0,7135000000.0,1306000000.0,,24744000000.0,,861000000.0,173000000.0,13837000000.0,,,,420000000.0,,-2068000000.0,-240000000.0,1910000000.0,24744000000.0,394000000.0,183000000.0,-83000000.0,921000000.0,,,330000000.0,,8000000.0,,4619000000.0,,,,,,315000000.0,,73000000.0,-248000000.0,,,-1687000000.0,2519000000.0,56000000.0
2022-09-30,9049000000.0,,,,,,957000000.0,-602000000.0,690000000.0,214000000.0,482000000.0,3.05,2.98,157628000.0,162495000.0,4588000000.0,,1991000000.0,,,,,9270000000.0,,2169000000.0,7109000000.0,1223000000.0,,21879000000.0,,789000000.0,160000000.0,11119000000.0,,,,445000000.0,,-1586000000.0,-317000000.0,2268000000.0,21879000000.0,593000000.0,280000000.0,106000000.0,748000000.0,,,-31000000.0,,-5000000.0,,3622000000.0,,,,,,485000000.0,,169000000.0,-514000000.0,,,-2245000000.0,561000000.0,71000000.0
2022-12-31,11667000000.0,,,,,,1085000000.0,-547000000.0,538000000.0,195000000.0,352000000.0,2.24,2.17,156672000.0,161751000.0,4096000000.0,,2078000000.0,,609000000.0,,,8791000000.0,,2210000000.0,7143000000.0,1209000000.0,,21561000000.0,,787000000.0,163000000.0,10778000000.0,,,,451000000.0,,-1409000000.0,-234000000.0,2283000000.0,21561000000.0,792000000.0,374000000.0,70000000.0,838000000.0,,,-55000000.0,,-2000000.0,,3440000000.0,,,,,,662000000.0,,67000000.0,-580000000.0,,,-2624000000.0,46000000.0,102000000.0
2023-03-31,2665000000.0,,,,,,-121000000.0,60000000.0,-61000000.0,79000000.0,-145000000.0,-0.95,-0.95,152477000.0,152477000.0,5904000000.0,,2523000000.0,,,,,12126000000.0,,2260000000.0,7150000000.0,1196000000.0,,24986000000.0,,745000000.0,186000000.0,14612000000.0,,,,501000000.0,,-1554000000.0,-211000000.0,1832000000.0,24986000000.0,192000000.0,103000000.0,-57000000.0,456000000.0,,,293000000.0,,,,3157000000.0,,,,,,233000000.0,,-33000000.0,-195000000.0,,,-437000000.0,2536000000.0,34000000.0
2023-06-30,6023000000.0,,,,,,443000000.0,81000000.0,464000000.0,156000000.0,385000000.0,2.62,2.54,149808000.0,154425000.0,6274000000.0,,2903000000.0,,,,,12813000000.0,,2318000000.0,7150000000.0,1180000000.0,,25676000000.0,,819000000.0,185000000.0,15429000000.0,,,,447000000.0,,-1169000000.0,-207000000.0,1759000000.0,25676000000.0,391000000.0,209000000.0,-17000000.0,846000000.0,,,147000000.0,,,,4303000000.0,,,,,,456000000.0,,-46000000.0,-388000000.0,,,-1018000000.0,2907000000.0,193000000.0
2023-09-30,9952000000.0,,,,,,929000000.0,-163000000.0,847000000.0,295000000.0,665000000.0,4.51,4.37,147253000.0,152172000.0,5056000000.0,,2753000000.0,,,,,10094000000.0,,2354000000.0,6845000000.0,1149000000.0,,22522000000.0,,874000000.0,167000000.0,12560000000.0,,,,464000000.0,,-764000000.0,-240000000.0,1673000000.0,22522000000.0,599000000.0,314000000.0,49000000.0,704000000.0,,,-43000000.0,,,,2928000000.0,,,,,,669000000.0,,15000000.0,-635000000.0,,,-1599000000.0,641000000.0,228000000.0
2023-12-31,12839000000.0,,,,,,1033000000.0,-15000000.0,1018000000.0,330000000.0,797000000.0,5.5,5.31,144967000.0,150228000.0,4225000000.0,,2786000000.0,,553000000.0,,,9230000000.0,,2359000000.0,6849000000.0,1023000000.0,,21642000000.0,,752000000.0,164000000.0,11783000000.0,,,,473000000.0,,-632000000.0,-209000000.0,1534000000.0,21642000000.0,807000000.0,413000000.0,62000000.0,741000000.0,,,-98000000.0,,,,2690000000.0,,,,,,846000000.0,,0.0,-800000000.0,,,-2096000000.0,-190000000.0,281000000.0
2024-03-31,2889000000.0,,,,,,-110000000.0,-45000000.0,-155000000.0,-19000000.0,-135000000.0,-0.99,-0.99,135501000.0,135501000.0,5686000000.0,,3750000000.0,,,,,12348000000.0,,2353000000.0,6847000000.0,1006000000.0,,24761000000.0,,816000000.0,177000000.0,15565000000.0,,,,472000000.0,,-767000000.0,-222000000.0,890000000.0,24761000000.0,210000000.0,104000000.0,-38000000.0,974000000.0,,,171000000.0,,,,2879000000.0,,,,,,177000000.0,,37000000.0,-240000000.0,,,-631000000.0,1961000000.0,26000000.0
2024-06-30,6447000000.0,,,,,,451000000.0,37000000.0,488000000.0,113000000.0,386000000.0,2.92,2.8,133724000.0,140131000.0,6242000000.0,,4127000000.0,,,,,13515000000.0,,2381000000.0,6847000000.0,991000000.0,,25893000000.0,,857000000.0,176000000.0,17756000000.0,,,,470000000.0,,-381000000.0,-223000000.0,889000000.0,25893000000.0,415000000.0,218000000.0,39000000.0,1361000000.0,,,180000000.0,,,,4380000000.0,,,,,,371000000.0,,52000000.0,-449000000.0,,,-1149000000.0,2701000000.0,57000000.0
2024-09-30,10507000000.0,,,,,,1103000000.0,112000000.0,1207000000.0,284000000.0,935000000.0,7.07,6.75,132393000.0,138655000.0,4722000000.0,,3764000000.0,,,,,10832000000.0,,2400000000.0,6851000000.0,947000000.0,,23405000000.0,,887000000.0,173000000.0,14787000000.0,,,,506000000.0,,303000000.0,-194000000.0,1322000000.0,23405000000.0,626000000.0,365000000.0,66000000.0,1007000000.0,,,19000000.0,,,,2887000000.0,,,,,,565000000.0,,-26000000.0,-901000000.0,,,-1590000000.0,385000000.0,97000000.0
,,,,,,,,,,,,,,,,,,,,,,,,,,,,,,,,,,,,,,,,,,,,,,,,,,,,,,,,,,,,,,,,,,,
,,,,,,,,,,,,,,,,,,,,,,,,,,,,,,,,,,,,,,,,,,,,,,,,,,,,,,,,,,,,,,,,,,,
