Date,Net sales,Cost of sales,Gross margin,Research and development,"Selling, general and administrative",Total operating expenses,Operating income,"Other income/(expense), net",Income before provision for income taxes,Provision for income taxes,Net income,Earnings per share basic,Earnings per share diluted,Weighted-average basic,Weighted-average diluted,Cash and cash equivalents,Short-term marketable securities,"Accounts receivable, net",Inventories,Deferred tax assets,Vendor non-trade receivables,Other current assets,Total current assets,Long-term marketable securities,"Property, Plant and Equipment, Net",Goodwill,"Acquired intangible assets, net","Other Assets, Noncurrent",Total assets,accounts payable,Accrued expenses,Deferred revenue,Total current liabilities,Deferred revenue - non-current,deferred tax liabilities,long term taxes payable,Total other non-current liabilities,Total liabilities,Retained Earnings (Accumulated Deficit),Accumulated other comprehensive (loss)/income,Total shareholders equity,Total liabilities and shareholders' equity,"Depreciation, amortization and accretion",Stock-based compensation expense,Deferred income tax expense,"Increase (Decrease) in Accounts receivable, net",Increase (Decrease) in Inventories,Increase (Decrease) in Other Receivables,Increase (Decrease) in Other Operating Assets,Increase (Decrease) in Accounts Payable,Increase (Decrease) in Deferred Revenue,Increase (Decrease) Other liabilities,Cash generated by operating activities,Purchases of marketable securities,Proceeds from maturities of marketable securities,Proceeds from sales of marketable securities,Purchases of other long-term investments,"Business acquisitions, net of cash acquired",Cash payments for capital asset purchases,Payments for acquisition of intangible assets,Payments for (Proceeds from) Other Investing Activities,Cash used in investing activities,Proceeds from issuance of common stock,Excess tax benefits from stock-based compensation,Cash generated/used in financing activities,Increase/(decrease) in cash and cash equivalents,"Cash paid for income taxes, net"
2009-12-31,118308000000.0,100016000000.0,,,13258000000.0,121132000000.0,,,,69000000.0,2717000000.0,0.91,0.86,2992000000.0,,21441000000.0,,,5450000000.0,3440000000.0,,,,,24778000000.0,,,,194850000000.0,,,,,,,,,201365000000.0,-13599000000.0,-10864000000.0,-7820000000.0,194850000000.0,,,,,,,,,,,16042000000.0,,,,,,4561000000.0,,377000000.0,6469000000.0,2450000000.0,,-22959000000.0,-608000000.0,
2010-03-31,31566000000.0,25139000000.0,,,3089000000.0,29888000000.0,,,,50000000.0,2085000000.0,0.62,0.5,,,24356000000.0,,,6292000000.0,2861000000.0,,,,,22826000000.0,,,,191968000000.0,,,,,,,,,197405000000.0,-11514000000.0,-11199000000.0,-5475000000.0,191968000000.0,,,,,,,,,,,2683000000.0,,,,,,1068000000.0,,80000000.0,1167000000.0,530000000.0,,-112000000.0,3462000000.0,
2010-06-30,66633000000.0,52967000000.0,,,6226000000.0,62358000000.0,,,,301000000.0,4684000000.0,1.38,1.1,3411000000.0,4610000000.0,18322000000.0,,,6076000000.0,2080000000.0,,,,,22210000000.0,,,,179750000000.0,,,,,,,,,183291000000.0,-8915000000.0,-12277000000.0,-3574000000.0,179750000000.0,,,,,,,,,,,6457000000.0,,,,,,2027000000.0,,-65000000.0,2844000000.0,842000000.0,,-11173000000.0,-2572000000.0,
2010-09-30,96526000000.0,77200000000.0,,,8880000000.0,90678000000.0,,,,500000000.0,6371000000.0,1.87,1.61,3446000000.0,4174000000.0,17992000000.0,,,6855000000.0,2201000000.0,,,,,22956000000.0,,,,177078000000.0,,,,,,,,,178818000000.0,-7228000000.0,-12609000000.0,-1773000000.0,177078000000.0,,,,,,,,,,,10238000000.0,,,,,,2946000000.0,,74000000.0,620000000.0,1230000000.0,,-13570000000.0,-2902000000.0,
2010-12-31,128954000000.0,104451000000.0,,5000000000.0,11909000000.0,122296000000.0,,,6611000000.0,592000000.0,6561000000.0,1.9,1.66,3449000000.0,4178000000.0,14805000000.0,,,5917000000.0,868000000.0,,,,,23179000000.0,,,,164687000000.0,,,,,,,,,165329000000.0,-7038000000.0,-14313000000.0,-673000000.0,164687000000.0,,,377000000.0,,,,,,,,11477000000.0,,,,,,4092000000.0,,-270000000.0,6908000000.0,1339000000.0,,-24421000000.0,-6089000000.0,73000000.0
2011-03-31,33114000000.0,26776000000.0,,,2734000000.0,30630000000.0,,,2776000000.0,220000000.0,2551000000.0,0.68,0.61,3771000000.0,4266000000.0,21318000000.0,,,7414000000.0,1962000000.0,,,,,23407000000.0,,,,167391000000.0,,,,,,,,,164926000000.0,-4487000000.0,-13684000000.0,2426000000.0,167391000000.0,,,,,,,,,,,2497000000.0,,,,,,929000000.0,,-147000000.0,6894000000.0,,,-3282000000.0,6513000000.0,
2011-12-31,136264000000.0,113345000000.0,,5300000000.0,11578000000.0,129321000000.0,,,8681000000.0,-11541000000.0,20213000000.0,5.33,4.94,3793000000.0,4111000000.0,17148000000.0,,,5901000000.0,14429000000.0,,,,,22371000000.0,,,,178348000000.0,,,,,,,,,163277000000.0,12985000000.0,-18734000000.0,15028000000.0,178348000000.0,5376000000.0,171000000.0,-11811000000.0,-927000000.0,-367000000.0,,,,,,9784000000.0,,,,,,4293000000.0,,-465000000.0,-3041000000.0,0.0,,-4241000000.0,,268000000.0
2012-03-31,32445000000.0,26854000000.0,,,2886000000.0,30738000000.0,,,2038000000.0,640000000.0,1396000000.0,0.37,0.35,3803000000.0,4055000000.0,15244000000.0,,,7031000000.0,14535000000.0,,,,,23150000000.0,,,,182075000000.0,,,,,,,,,165425000000.0,14190000000.0,-18314000000.0,16606000000.0,182075000000.0,,,,,,,,,,,2075000000.0,,,,,,1093000000.0,,31000000.0,-4511000000.0,,,370000000.0,,
2012-06-30,65656000000.0,54623000000.0,,,5865000000.0,62452000000.0,,,3633000000.0,1197000000.0,2436000000.0,0.64,0.61,3815000000.0,4036000000.0,15101000000.0,,,7289000000.0,14064000000.0,,,,,22808000000.0,,,,181236000000.0,,,,,,,,,164157000000.0,15230000000.0,-18928000000.0,17036000000.0,181236000000.0,,,,,,,,,,,5979000000.0,,,,,,2284000000.0,,248000000.0,-7549000000.0,,,-347000000.0,,
2012-09-30,97828000000.0,81166000000.0,,,8774000000.0,92923000000.0,,,5879000000.0,1810000000.0,4067000000.0,1.07,1.02,3814000000.0,4017000000.0,13539000000.0,,,8208000000.0,13526000000.0,,,,,24347000000.0,,,,184680000000.0,,,,,,,,,165474000000.0,16670000000.0,-18541000000.0,18841000000.0,184680000000.0,,,,,,,,,,,9406000000.0,,,,,,3603000000.0,,381000000.0,-12623000000.0,,,-382000000.0,,
2012-12-31,134252000000.0,112578000000.0,,5500000000.0,12182000000.0,127961000000.0,,,7720000000.0,2056000000.0,5665000000.0,1.48,1.42,3815000000.0,4015000000.0,15659000000.0,,,7362000000.0,14715000000.0,,,,,24942000000.0,,,,190554000000.0,,,,,,,,,174243000000.0,18077000000.0,-22854000000.0,15947000000.0,190554000000.0,6179000000.0,140000000.0,1779000000.0,-1622000000.0,-1401000000.0,,,,,,9045000000.0,,,,,,5488000000.0,,61000000.0,-14290000000.0,0.0,,3705000000.0,,344000000.0
2013-03-31,35810000000.0,30005000000.0,,,3285000000.0,34036000000.0,,,2123000000.0,511000000.0,1611000000.0,0.41,0.4,3923000000.0,4072000000.0,13820000000.0,,,8423000000.0,14479000000.0,,,,,25795000000.0,,,,193010000000.0,,,,,,,,,175048000000.0,19296000000.0,-22533000000.0,17595000000.0,193010000000.0,,,,,,,,,,,211000000.0,,,,,,1483000000.0,,-166000000.0,-3851000000.0,,,1967000000.0,,
2013-06-30,73905000000.0,62529000000.0,,,6660000000.0,70693000000.0,,,3942000000.0,1096000000.0,2844000000.0,0.72,0.7,3933000000.0,4084000000.0,13362000000.0,,,8192000000.0,13694000000.0,,,,,25863000000.0,,,,196210000000.0,,,,,,,,,176661000000.0,20136000000.0,-21837000000.0,19179000000.0,196210000000.0,,,,,,,,,,,6289000000.0,,,,,,3077000000.0,,-96000000.0,-11063000000.0,,,2675000000.0,,
2013-09-30,109881000000.0,92559000000.0,,,10096000000.0,104967000000.0,,,6033000000.0,1914000000.0,4116000000.0,1.05,1.02,3942000000.0,4096000000.0,14752000000.0,,,8799000000.0,13023000000.0,,,,,26836000000.0,,,,201071000000.0,,,,,,,,,180232000000.0,21014000000.0,-21509000000.0,20467000000.0,201071000000.0,,,,,,,,,,,10129000000.0,,,,,,4659000000.0,,-212000000.0,-15320000000.0,,,4342000000.0,,
2013-12-31,146917000000.0,125234000000.0,,6400000000.0,13176000000.0,141478000000.0,,,7001000000.0,-147000000.0,7155000000.0,1.82,1.76,3935000000.0,4087000000.0,14468000000.0,,,7708000000.0,12717000000.0,,,,,27616000000.0,,,,202026000000.0,,,,,,,,,175279000000.0,23658000000.0,-18231000000.0,26383000000.0,202026000000.0,6504000000.0,159000000.0,-390000000.0,1969000000.0,572000000.0,,,,,,10444000000.0,,,,,,6597000000.0,,-181000000.0,-19731000000.0,,,8133000000.0,,538000000.0
2014-03-31,35876000000.0,31021000000.0,,,3372000000.0,35110000000.0,,,1259000000.0,270000000.0,989000000.0,0.25,0.24,3946000000.0,4094000000.0,12983000000.0,,,8874000000.0,13134000000.0,,,,,28447000000.0,,,,207082000000.0,,,,,,,,,179944000000.0,23882000000.0,-18190000000.0,26773000000.0,207082000000.0,,,,,,,,,,,2220000000.0,,,,,,1516000000.0,,-100000000.0,-5662000000.0,,,1988000000.0,,
2014-06-30,73287000000.0,62268000000.0,,,6848000000.0,70620000000.0,,,3377000000.0,1073000000.0,2300000000.0,0.58,0.57,3943000000.0,4089000000.0,11573000000.0,,,9365000000.0,12596000000.0,,,,,29294000000.0,,,,210945000000.0,,,,,,,,,183801000000.0,24699000000.0,-18107000000.0,26776000000.0,210945000000.0,,,,,,,,,,,6970000000.0,,,,,,3428000000.0,,-124000000.0,-11685000000.0,,,1802000000.0,,
2014-09-30,108207000000.0,92465000000.0,,,10332000000.0,105048000000.0,,,4398000000.0,1261000000.0,3135000000.0,0.8,0.78,3915000000.0,4062000000.0,13320000000.0,,,9296000000.0,12312000000.0,,,,,30048000000.0,,,,208835000000.0,,,,,,,,,182331000000.0,25051000000.0,-18165000000.0,26136000000.0,208835000000.0,,,,,,,,,,,12339000000.0,,,,,,5309000000.0,,-157000000.0,-15594000000.0,,,2413000000.0,,
2014-12-31,144077000000.0,123516000000.0,,6900000000.0,14117000000.0,140637000000.0,,,4342000000.0,1156000000.0,3187000000.0,0.81,0.8,3912000000.0,4045000000.0,10757000000.0,,,7866000000.0,13069000000.0,,,,,30126000000.0,,,,208527000000.0,,,,,,,,,183353000000.0,24556000000.0,-20032000000.0,24805000000.0,208527000000.0,7385000000.0,180000000.0,791000000.0,2897000000.0,875000000.0,,,,,,14507000000.0,,,,,,7463000000.0,,-141000000.0,-21124000000.0,,,3423000000.0,,467000000.0
2015-03-31,33900000000.0,28702000000.0,,,3609000000.0,33031000000.0,,,1405000000.0,480000000.0,924000000.0,0.23,0.23,3963000000.0,4001000000.0,12368000000.0,,,9519000000.0,12939000000.0,,,,,29612000000.0,,,,212374000000.0,,,,,,,,,187311000000.0,24887000000.0,-20406000000.0,24947000000.0,212374000000.0,,,,,,,,,,,2413000000.0,,,,,,1800000000.0,,-117000000.0,-4960000000.0,,,4584000000.0,,
2015-06-30,71163000000.0,59304000000.0,,,7327000000.0,68064000000.0,,,4273000000.0,1462000000.0,2809000000.0,0.71,0.7,3974000000.0,4007000000.0,12897000000.0,,,9438000000.0,12497000000.0,,,,,30750000000.0,,,,216045000000.0,,,,,,,,,189597000000.0,26175000000.0,-20260000000.0,26334000000.0,216045000000.0,,,,,,,,,,,7623000000.0,,,,,,3533000000.0,,-141000000.0,-8950000000.0,,,3741000000.0,,
2015-09-30,109307000000.0,90797000000.0,,,11058000000.0,104000000000.0,,,7132000000.0,2412000000.0,4718000000.0,1.19,1.18,3969000000.0,4002000000.0,14686000000.0,,,9496000000.0,11434000000.0,,,,,30137000000.0,,,,219431000000.0,,,,,,,,,191853000000.0,27489000000.0,-20442000000.0,27465000000.0,219431000000.0,,,,,,,,,,,14078000000.0,,,,,,5358000000.0,,-417000000.0,-16664000000.0,,,7137000000.0,,
2015-12-31,149558000000.0,124041000000.0,,6700000000.0,14999000000.0,141911000000.0,,,10252000000.0,2881000000.0,7373000000.0,1.86,1.84,3969000000.0,4002000000.0,14272000000.0,,,8319000000.0,11007000000.0,,,,,30163000000.0,,,,224925000000.0,,,,,,,,,196174000000.0,14414000000.0,-6257000000.0,28642000000.0,224925000000.0,7993000000.0,199000000.0,2217000000.0,3563000000.0,1155000000.0,,,,,,16170000000.0,,,,,,7196000000.0,,-500000000.0,-26162000000.0,,,14322000000.0,,585000000.0
2016-03-31,37718000000.0,30281000000.0,,,3823000000.0,34903000000.0,,,3651000000.0,1196000000.0,2452000000.0,0.62,0.61,3970000000.0,3996000000.0,15917000000.0,,,9770000000.0,10579000000.0,,,,,31164000000.0,,,,237288000000.0,,,,,,,,,207572000000.0,15278000000.0,-6046000000.0,29605000000.0,237288000000.0,,,,,,,,,,,4092000000.0,,,,,,1511000000.0,,13000000.0,-6975000000.0,,,4336000000.0,,
2016-06-30,77203000000.0,62629000000.0,,,5223000000.0,72170000000.0,,,6526000000.0,2099000000.0,4422000000.0,1.11,1.11,3973000000.0,3997000000.0,17063000000.0,22234000000.0,10728000000.0,9829000000.0,,,3053000000.0,110767000000.0,,31940000000.0,,,6905000000.0,239678000000.0,,21463000000.0,5639000000.0,89408000000.0,3499000000.0,552000000.0,,23416000000.0,208429000000.0,16652000000.0,-5976000000.0,31141000000.0,239678000000.0,,,,,,,,,,,11834000000.0,,,,,,3206000000.0,,-21000000.0,-12109000000.0,,,3045000000.0,,
2016-09-30,113146000000.0,93075000000.0,,,7758000000.0,107351000000.0,,,7913000000.0,2525000000.0,5379000000.0,1.35,1.35,3974000000.0,4000000000.0,13340000000.0,20825000000.0,10029000000.0,10219000000.0,,,3552000000.0,103515000000.0,,32257000000.0,,,7111000000.0,234963000000.0,,19531000000.0,4715000000.0,89188000000.0,3639000000.0,577000000.0,,23652000000.0,203368000000.0,17013000000.0,-6046000000.0,31484000000.0,234963000000.0,,,,,,,,,,,16994000000.0,,,,,,4912000000.0,,-43000000.0,-18058000000.0,,,168000000.0,,
2016-12-31,151800000000.0,126584000000.0,,7300000000.0,12196000000.0,147684000000.0,,,6796000000.0,2189000000.0,,1.16,1.15,3973000000.0,3999000000.0,15905000000.0,22922000000.0,11102000000.0,8898000000.0,9014000000.0,,3368000000.0,108461000000.0,,32072000000.0,50000000.0,,5656000000.0,237951000000.0,,19316000000.0,3866000000.0,90281000000.0,3687000000.0,691000000.0,,24395000000.0,208668000000.0,15634000000.0,-7013000000.0,29170000000.0,237951000000.0,,210000000.0,1669000000.0,2855000000.0,815000000.0,,,,,,19792000000.0,,,,,,6992000000.0,,-62000000.0,-25352000000.0,,,7458000000.0,,740000000.0
2017-03-31,39146000000.0,32708000000.0,,,2764000000.0,37704000000.0,,,2243000000.0,649000000.0,,0.4,0.4,3976000000.0,3999000000.0,17823000000.0,22166000000.0,10685000000.0,10535000000.0,,,3414000000.0,113228000000.0,,32668000000.0,,,5893000000.0,244094000000.0,,18790000000.0,1902000000.0,91304000000.0,3699000000.0,749000000.0,,24583000000.0,213356000000.0,16992000000.0,-6929000000.0,30619000000.0,244094000000.0,,,,,,,,,,,4336000000.0,,,,,,1706000000.0,,-10000000.0,-3639000000.0,,,1120000000.0,,
2017-06-30,78999000000.0,66057000000.0,,,5520000000.0,76026000000.0,,,4502000000.0,858000000.0,,0.91,0.91,3977000000.0,3998000000.0,16223000000.0,22886000000.0,10159000000.0,11092000000.0,,,3291000000.0,113539000000.0,,33794000000.0,,,6602000000.0,247469000000.0,,19958000000.0,2443000000.0,94299000000.0,3832000000.0,735000000.0,,24840000000.0,215110000000.0,18437000000.0,-6716000000.0,32244000000.0,247469000000.0,,,,,,,,,,,9951000000.0,,,,,,3264000000.0,,-16000000.0,-8862000000.0,,,-1038000000.0,,
2017-09-30,115450000000.0,96345000000.0,,,8439000000.0,111506000000.0,,,6259000000.0,1044000000.0,,1.31,1.3,3975000000.0,3996000000.0,17589000000.0,20492000000.0,10277000000.0,11263000000.0,,,3570000000.0,112732000000.0,,34760000000.0,,,7041000000.0,251273000000.0,,19612000000.0,2409000000.0,94352000000.0,3806000000.0,804000000.0,,24819000000.0,217913000000.0,19405000000.0,-6759000000.0,33238000000.0,251273000000.0,,,,,,,,,,,14949000000.0,,,,,,4936000000.0,,5000000.0,-12542000000.0,,,-1165000000.0,,
2017-12-31,156776000000.0,131332000000.0,,8000000000.0,11527000000.0,151963000000.0,,,8148000000.0,520000000.0,,1.91,1.9,3975000000.0,3998000000.0,18492000000.0,20435000000.0,10599000000.0,10277000000.0,10158000000.0,,3889000000.0,115902000000.0,,35327000000.0,75000000.0,,8104000000.0,257808000000.0,,19697000000.0,2107000000.0,94600000000.0,3829000000.0,815000000.0,,24711000000.0,222792000000.0,21218000000.0,-6959000000.0,34890000000.0,257808000000.0,,246000000.0,-308000000.0,2297000000.0,959000000.0,,,,,,18096000000.0,,,,,,7049000000.0,,61000000.0,-19392000000.0,,,3394000000.0,,586000000.0
2018-03-31,41959000000.0,35753000000.0,,,2747000000.0,40838000000.0,,863000000.0,1919000000.0,174000000.0,,0.44,0.43,3974000000.0,3997000000.0,17940000000.0,22131000000.0,12386000000.0,12371000000.0,,,3756000000.0,123264000000.0,,36118000000.0,274000000.0,,8546000000.0,267230000000.0,,21415000000.0,2336000000.0,99878000000.0,3895000000.0,622000000.0,,24845000000.0,230696000000.0,22529000000.0,-6669000000.0,36400000000.0,267230000000.0,,,,,,,,,,,3514000000.0,,,,,,1779000000.0,,150000000.0,-6544000000.0,,,2414000000.0,-501000000.0,
2018-06-30,80879000000.0,68947000000.0,,,5525000000.0,79172000000.0,,1867000000.0,3268000000.0,454000000.0,,0.7,0.7,3977000000.0,3999000000.0,16828000000.0,19648000000.0,11026000000.0,12565000000.0,,,3604000000.0,115025000000.0,,35580000000.0,273000000.0,,8300000000.0,258079000000.0,,21234000000.0,2854000000.0,94861000000.0,3937000000.0,584000000.0,,24107000000.0,221511000000.0,22993000000.0,-7204000000.0,36441000000.0,258079000000.0,,,,,,,,,,,8486000000.0,,,,,,3688000000.0,,181000000.0,-9022000000.0,,,-792000000.0,-1617000000.0,
2018-09-30,118545000000.0,100515000000.0,,,8407000000.0,115974000000.0,,2472000000.0,4362000000.0,555000000.0,,0.95,0.95,3976000000.0,4000000000.0,18562000000.0,17780000000.0,11244000000.0,12810000000.0,,,3629000000.0,114843000000.0,,35762000000.0,273000000.0,,8367000000.0,258966000000.0,,20714000000.0,2833000000.0,94750000000.0,3957000000.0,602000000.0,,24228000000.0,222248000000.0,23384000000.0,-7429000000.0,36590000000.0,258966000000.0,,,,,,,,,,,13665000000.0,,,,,,5669000000.0,,201000000.0,-12595000000.0,,,-648000000.0,117000000.0,
2018-12-31,160338000000.0,136269000000.0,,8200000000.0,11403000000.0,157135000000.0,,2247000000.0,4345000000.0,650000000.0,,0.93,0.92,3974000000.0,3998000000.0,16718000000.0,17233000000.0,11195000000.0,11220000000.0,9815000000.0,,3930000000.0,114649000000.0,,36178000000.0,264000000.0,,7929000000.0,256540000000.0,,20556000000.0,2095000000.0,95569000000.0,3985000000.0,597000000.0,,23588000000.0,220474000000.0,22668000000.0,-7366000000.0,35932000000.0,256540000000.0,,191000000.0,-109000000.0,2239000000.0,828000000.0,,,,,,15022000000.0,,,5512000000.0,,,7785000000.0,,177000000.0,-16261000000.0,,,-122000000.0,-1731000000.0,821000000.0
2019-03-31,40342000000.0,33942000000.0,,,2843000000.0,39140000000.0,,628000000.0,1610000000.0,427000000.0,,0.29,0.29,3973000000.0,3997000000.0,20848000000.0,16882000000.0,12016000000.0,12333000000.0,,,3672000000.0,121195000000.0,,36145000000.0,264000000.0,,9459000000.0,263281000000.0,,21364000000.0,2019000000.0,99237000000.0,4104000000.0,647000000.0,,24216000000.0,226712000000.0,23226000000.0,-7501000000.0,36398000000.0,263281000000.0,,,,,,,,,,,3544000000.0,,,1142000000.0,,,1633000000.0,,-54000000.0,-1334000000.0,,,1873000000.0,4112000000.0,
2019-06-30,79195000000.0,67599000000.0,,,5568000000.0,77903000000.0,,900000000.0,1815000000.0,482000000.0,,0.33,0.32,3984000000.0,4013000000.0,22117000000.0,15931000000.0,10941000000.0,12437000000.0,,,3169000000.0,118351000000.0,,36581000000.0,265000000.0,,10789000000.0,262184000000.0,,22503000000.0,2732000000.0,98334000000.0,4184000000.0,469000000.0,,24032000000.0,226048000000.0,22769000000.0,-7436000000.0,36097000000.0,262184000000.0,,,,,,,,,,,10007000000.0,,,3000000000.0,,,3553000000.0,,-4000000.0,-3824000000.0,,,-808000000.0,5399000000.0,
2019-09-30,116185000000.0,99881000000.0,,,8169000000.0,115154000000.0,1031000000.0,1434000000.0,1796000000.0,-442000000.0,,0.43,0.43,3976000000.0,4007000000.0,20523000000.0,16808000000.0,10621000000.0,12451000000.0,,,3356000000.0,115754000000.0,,35404000000.0,291000000.0,,10717000000.0,258157000000.0,,21731000000.0,2570000000.0,99087000000.0,4168000000.0,447000000.0,,23729000000.0,222770000000.0,22590000000.0,-7842000000.0,35349000000.0,258157000000.0,,238000000.0,-403000000.0,,,,,,,,14739000000.0,,,,,,5358000000.0,,53000000.0,-8371000000.0,,,-2440000000.0,3774000000.0,
2019-12-31,155900000000.0,134693000000.0,,7400000000.0,11161000000.0,155326000000.0,574000000.0,-226000000.0,-640000000.0,-724000000.0,,0.01,0.01,3972000000.0,4004000000.0,17504000000.0,17147000000.0,9237000000.0,10786000000.0,11373000000.0,,3339000000.0,114047000000.0,,36469000000.0,278000000.0,,10706000000.0,258537000000.0,,22987000000.0,2091000000.0,98132000000.0,4191000000.0,490000000.0,,25324000000.0,225307000000.0,20320000000.0,-7728000000.0,33185000000.0,258537000000.0,10493000000.0,228000000.0,-1394000000.0,816000000.0,-206000000.0,,,,,,17639000000.0,,,5753000000.0,,,7632000000.0,,38000000.0,-13721000000.0,,,-3129000000.0,834000000.0,599000000.0
2020-03-31,34320000000.0,30522000000.0,,,2432000000.0,35878000000.0,-1558000000.0,680000000.0,-1146000000.0,847000000.0,,-0.5,-0.5,3963000000.0,3963000000.0,25971000000.0,20399000000.0,6625000000.0,11312000000.0,,,4380000000.0,124276000000.0,,35294000000.0,278000000.0,,11728000000.0,264150000000.0,,22674000000.0,2111000000.0,94494000000.0,4140000000.0,,,25105000000.0,234452000000.0,17527000000.0,-8461000000.0,29650000000.0,264150000000.0,,38000000.0,702000000.0,,,,,,,,-473000000.0,,,,,,1780000000.0,,84000000.0,-3114000000.0,,,12454000000.0,8419000000.0,
2020-06-30,53691000000.0,48454000000.0,,,4397000000.0,58008000000.0,-4317000000.0,4998000000.0,1084000000.0,813000000.0,,0.28,0.28,3975000000.0,3992000000.0,30989000000.0,26141000000.0,9107000000.0,10220000000.0,,,4214000000.0,124111000000.0,,35276000000.0,254000000.0,,12559000000.0,269366000000.0,,20792000000.0,2021000000.0,92780000000.0,4257000000.0,,,25391000000.0,238511000000.0,18645000000.0,-8471000000.0,30824000000.0,269366000000.0,,107000000.0,655000000.0,,,,,,,,8642000000.0,,,,,,2955000000.0,,-337000000.0,-14215000000.0,,,19391000000.0,13440000000.0,
2020-09-30,91192000000.0,79677000000.0,,,6663000000.0,93158000000.0,2351000000.0,5843000000.0,2756000000.0,1179000000.0,,0.6,0.6,3976000000.0,4005000000.0,24263000000.0,20568000000.0,10114000000.0,10583000000.0,,,3714000000.0,111765000000.0,,36118000000.0,258000000.0,,12858000000.0,259943000000.0,,20293000000.0,2137000000.0,93159000000.0,4374000000.0,,,26826000000.0,226782000000.0,21031000000.0,-8613000000.0,33125000000.0,259943000000.0,,170000000.0,978000000.0,,,,,,,,19730000000.0,,,,,,4211000000.0,,-344000000.0,-12870000000.0,,,31000000.0,6731000000.0,
2020-12-31,127144000000.0,112752000000.0,,7100000000.0,10193000000.0,131552000000.0,-4408000000.0,4899000000.0,-1116000000.0,160000000.0,,-0.32,-0.32,3973000000.0,3973000000.0,25243000000.0,24718000000.0,9993000000.0,10808000000.0,11885000000.0,,3534000000.0,116744000000.0,,37083000000.0,258000000.0,,12882000000.0,267261000000.0,,23645000000.0,2161000000.0,97192000000.0,4559000000.0,,,28379000000.0,236450000000.0,18243000000.0,-8294000000.0,30690000000.0,267261000000.0,8774000000.0,199000000.0,-326000000.0,,-148000000.0,,,,,,24269000000.0,,,8574000000.0,,,5742000000.0,,-494000000.0,-18615000000.0,,,2315000000.0,8194000000.0,421000000.0
2021-03-31,36228000000.0,29297000000.0,,,2843000000.0,33764000000.0,2464000000.0,1872000000.0,3942000000.0,680000000.0,,0.82,0.81,3980000000.0,4016000000.0,21826000000.0,24281000000.0,10448000000.0,12742000000.0,,,3636000000.0,113932000000.0,,36361000000.0,566000000.0,,13348000000.0,260819000000.0,,20995000000.0,2062000000.0,94249000000.0,4550000000.0,,,28707000000.0,226845000000.0,21502000000.0,-8370000000.0,33828000000.0,260819000000.0,,41000000.0,427000000.0,,,,,,,,4492000000.0,,,,,,1368000000.0,,54000000.0,-491000000.0,,,-7793000000.0,-3885000000.0,
2021-06-30,62980000000.0,52201000000.0,,,5720000000.0,60538000000.0,2442000000.0,3031000000.0,4677000000.0,862000000.0,,0.96,0.95,3992000000.0,4028000000.0,22955000000.0,18081000000.0,8750000000.0,13593000000.0,,,3557000000.0,101275000000.0,,36723000000.0,741000000.0,,14283000000.0,248532000000.0,,18869000000.0,2418000000.0,83474000000.0,4649000000.0,,,28586000000.0,213748000000.0,22062000000.0,-8268000000.0,34664000000.0,248532000000.0,,183000000.0,345000000.0,,,,,,,,5248000000.0,,,,,,2881000000.0,,-37000000.0,6178000000.0,,,-14198000000.0,-2773000000.0,
2021-09-30,98663000000.0,82258000000.0,,,8667000000.0,94879000000.0,3784000000.0,3883000000.0,6562000000.0,925000000.0,,1.42,1.4,3995000000.0,4036000000.0,27429000000.0,18997000000.0,10851000000.0,13508000000.0,,,3583000000.0,106968000000.0,,36597000000.0,695000000.0,,15014000000.0,252677000000.0,,18787000000.0,2484000000.0,89033000000.0,4675000000.0,,,28808000000.0,215973000000.0,23894000000.0,-8245000000.0,36593000000.0,252677000000.0,,262000000.0,652000000.0,,,,,,,,12256000000.0,,,,,,4455000000.0,,381000000.0,5008000000.0,,,-15420000000.0,1689000000.0,
2021-12-31,136341000000.0,114651000000.0,,7600000000.0,11915000000.0,131818000000.0,4523000000.0,14733000000.0,17780000000.0,-130000000.0,,4.49,4.45,3991000000.0,4034000000.0,20540000000.0,29053000000.0,11370000000.0,12065000000.0,12215000000.0,,3425000000.0,108996000000.0,,37139000000.0,619000000.0,,14942000000.0,257035000000.0,,18686000000.0,2349000000.0,90727000000.0,4683000000.0,,,27705000000.0,208413000000.0,35769000000.0,-8339000000.0,48519000000.0,257035000000.0,7318000000.0,305000000.0,-856000000.0,,1778000000.0,,,,,,15787000000.0,,,5943000000.0,,,6227000000.0,,354000000.0,2745000000.0,,,-23498000000.0,-5198000000.0,568000000.0
2022-03-31,34476000000.0,29036000000.0,,,2740000000.0,33133000000.0,1343000000.0,-4850000000.0,-3848000000.0,-729000000.0,,-0.78,-0.78,4008000000.0,4008000000.0,21013000000.0,20215000000.0,13031000000.0,14647000000.0,,,3635000000.0,106142000000.0,,36625000000.0,617000000.0,,15376000000.0,252986000000.0,,18263000000.0,2328000000.0,90352000000.0,4864000000.0,,,28501000000.0,207902000000.0,32251000000.0,-8294000000.0,44985000000.0,252986000000.0,,67000000.0,-1053000000.0,,,,,,,,-1084000000.0,,,,,,1370000000.0,,33000000.0,3315000000.0,,,-1661000000.0,546000000.0,
2022-06-30,74666000000.0,62227000000.0,,,5499000000.0,70455000000.0,4211000000.0,-6673000000.0,-3057000000.0,-576000000.0,,-0.61,-0.61,4021000000.0,4052000000.0,19516000000.0,17184000000.0,15037000000.0,13976000000.0,,,3335000000.0,100469000000.0,,36162000000.0,595000000.0,,15607000000.0,245755000000.0,,18895000000.0,2375000000.0,86452000000.0,4943000000.0,,,28221000000.0,201518000000.0,32511000000.0,-9473000000.0,44169000000.0,245755000000.0,,170000000.0,-1160000000.0,,,,,,,,1863000000.0,,,,,,3069000000.0,,-473000000.0,4142000000.0,,,-6240000000.0,-603000000.0,
2022-09-30,114058000000.0,96581000000.0,,,8346000000.0,109343000000.0,4715000000.0,-5355000000.0,-4182000000.0,-771000000.0,,-0.81,-0.81,4021000000.0,4021000000.0,21548000000.0,18625000000.0,14764000000.0,15213000000.0,,,3936000000.0,108088000000.0,,35529000000.0,575000000.0,,14359000000.0,246919000000.0,,19066000000.0,2312000000.0,90167000000.0,,,,28591000000.0,204830000000.0,31072000000.0,-10193000000.0,42125000000.0,246919000000.0,,277000000.0,-1557000000.0,,,,,,,,5675000000.0,,,,,,4801000000.0,,23000000.0,625000000.0,,,-4544000000.0,984000000.0,
2022-12-31,158057000000.0,134397000000.0,,7800000000.0,10888000000.0,151781000000.0,6276000000.0,-5150000000.0,-3016000000.0,-864000000.0,,-0.49,-0.49,4014000000.0,4014000000.0,25134000000.0,18936000000.0,15729000000.0,14080000000.0,14003000000.0,,3780000000.0,116476000000.0,,37265000000.0,603000000.0,,11118000000.0,255884000000.0,,21097000000.0,2404000000.0,96866000000.0,4883000000.0,,,25497000000.0,212717000000.0,31754000000.0,-9339000000.0,43242000000.0,255884000000.0,7674000000.0,336000000.0,-1836000000.0,,2576000000.0,,,,,,6853000000.0,,,6207000000.0,,,6866000000.0,,-312000000.0,-4347000000.0,,,2511000000.0,4603000000.0,801000000.0
2023-03-31,41474000000.0,34669000000.0,,,2506000000.0,39361000000.0,2113000000.0,224000000.0,2159000000.0,496000000.0,1757000000.0,0.44,0.44,3990000000.0,4029000000.0,22144000000.0,17369000000.0,14920000000.0,16212000000.0,,,4128000000.0,115123000000.0,,37970000000.0,609000000.0,,11595000000.0,256800000000.0,,21827000000.0,2582000000.0,95905000000.0,,,,25908000000.0,214603000000.0,30270000000.0,-8788000000.0,42366000000.0,256800000000.0,,100000000.0,17000000.0,,,,,,,,2800000000.0,,,,,,1780000000.0,,-48000000.0,-1977000000.0,,,-3874000000.0,-2981000000.0,
2023-06-30,86428000000.0,72140000000.0,,,5256000000.0,81854000000.0,4574000000.0,479000000.0,4447000000.0,768000000.0,1917000000.0,0.92,0.91,4003000000.0,4041000000.0,26406000000.0,16415000000.0,14482000000.0,17703000000.0,,,4149000000.0,121712000000.0,,38503000000.0,608000000.0,,12109000000.0,265991000000.0,,23925000000.0,2679000000.0,101015000000.0,,,,25754000000.0,222385000000.0,31577000000.0,-8924000000.0,43677000000.0,265991000000.0,,238000000.0,3000000.0,,,,,,,,7835000000.0,,,,,,3729000000.0,,359000000.0,-6157000000.0,,,-461000000.0,1283000000.0,
2023-09-30,130229000000.0,109688000000.0,,,7927000000.0,124526000000.0,5703000000.0,798000000.0,5834000000.0,982000000.0,1199000000.0,1.22,1.21,4004000000.0,4050000000.0,26427000000.0,14688000000.0,15129000000.0,18326000000.0,,,4219000000.0,121361000000.0,,39370000000.0,597000000.0,,12428000000.0,268073000000.0,,23817000000.0,2754000000.0,100268000000.0,,,,27851000000.0,223797000000.0,32169000000.0,-8933000000.0,44263000000.0,268073000000.0,,350000000.0,-45000000.0,,,,,,,,12426000000.0,,,,,,5941000000.0,,505000000.0,-10219000000.0,,,-799000000.0,1294000000.0,
2023-12-31,176191000000.0,150550000000.0,,8200000000.0,10702000000.0,170733000000.0,5458000000.0,-603000000.0,3967000000.0,-362000000.0,4347000000.0,1.09,1.08,3998000000.0,4041000000.0,24862000000.0,15309000000.0,15601000000.0,15651000000.0,15980000000.0,,3633000000.0,121481000000.0,,40821000000.0,683000000.0,,11441000000.0,273310000000.0,,25870000000.0,2515000000.0,101531000000.0,,,,28414000000.0,230512000000.0,31029000000.0,-9042000000.0,42773000000.0,273310000000.0,7690000000.0,460000000.0,-1601000000.0,,1219000000.0,,,,,,14918000000.0,,,3140000000.0,,,8236000000.0,,687000000.0,-17628000000.0,,,2584000000.0,-230000000.0,1027000000.0
2024-03-31,42777000000.0,36476000000.0,,,2376000000.0,41552000000.0,1225000000.0,498000000.0,1612000000.0,278000000.0,1332000000.0,0.33,0.33,3979000000.0,4023000000.0,19721000000.0,14742000000.0,18698000000.0,18632000000.0,,,4202000000.0,120595000000.0,,40515000000.0,,,12066000000.0,274341000000.0,,26032000000.0,2868000000.0,103206000000.0,,,,27724000000.0,231444000000.0,31019000000.0,-8932000000.0,42870000000.0,274341000000.0,,126000000.0,-28000000.0,,,,,,,,1385000000.0,,,,,,2094000000.0,,-34000000.0,-5880000000.0,,,-458000000.0,-5124000000.0,
2024-06-30,90585000000.0,76965000000.0,,,5054000000.0,87477000000.0,3108000000.0,1126000000.0,4050000000.0,883000000.0,1831000000.0,0.79,0.79,3985000000.0,4022000000.0,19953000000.0,14613000000.0,16802000000.0,17183000000.0,,,4533000000.0,120518000000.0,,40709000000.0,,,11972000000.0,276586000000.0,,27380000000.0,3159000000.0,103403000000.0,,,,28289000000.0,232991000000.0,32240000000.0,-9357000000.0,43567000000.0,276586000000.0,,275000000.0,206000000.0,,,,,,,,6893000000.0,,,,,,4194000000.0,,-78000000.0,-11921000000.0,,,384000000.0,-4884000000.0,
2024-09-30,136781000000.0,117133000000.0,,,7510000000.0,132793000000.0,3988000000.0,1240000000.0,4919000000.0,856000000.0,892000000.0,1.02,1.01,3980000000.0,4020000000.0,23449000000.0,13456000000.0,16469000000.0,18025000000.0,,,4360000000.0,125099000000.0,,41169000000.0,,,13256000000.0,287047000000.0,,28048000000.0,3357000000.0,109036000000.0,,,,28977000000.0,242708000000.0,32525000000.0,-8989000000.0,44315000000.0,287047000000.0,,404000000.0,-329000000.0,,,,,,,,12395000000.0,,,,,,6186000000.0,,-28000000.0,-17509000000.0,,,3695000000.0,-1384000000.0,
