Date,Net sales,Cost of sales,Gross margin,Research and development,"Selling, general and administrative",Total operating expenses,Operating income,"Other income/(expense), net",Income before provision for income taxes,Provision for income taxes,Net income,Earnings per share basic,Earnings per share diluted,Weighted-average basic,Weighted-average diluted,Cash and cash equivalents,Short-term marketable securities,"Accounts receivable, net",Inventories,Deferred tax assets,Vendor non-trade receivables,Other current assets,Total current assets,Long-term marketable securities,"Property, Plant and Equipment, Net",Goodwill,"Acquired intangible assets, net","Other Assets, Noncurrent",Total assets,accounts payable,Accrued expenses,Deferred revenue,Total current liabilities,Deferred revenue - non-current,deferred tax liabilities,long term taxes payable,Total other non-current liabilities,Total liabilities,Retained Earnings (Accumulated Deficit),Accumulated other comprehensive (loss)/income,Total shareholders equity,Total liabilities and shareholders' equity,"Depreciation, amortization and accretion",Stock-based compensation expense,Deferred income tax expense,"Increase (Decrease) in Accounts receivable, net",Increase (Decrease) in Inventories,Increase (Decrease) in Other Receivables,Increase (Decrease) in Other Operating Assets,Increase (Decrease) in Accounts Payable,Increase (Decrease) in Deferred Revenue,Increase (Decrease) Other liabilities,Cash generated by operating activities,Purchases of marketable securities,Proceeds from maturities of marketable securities,Proceeds from sales of marketable securities,Purchases of other long-term investments,"Business acquisitions, net of cash acquired",Cash payments for capital asset purchases,Payments for acquisition of intangible assets,Payments for (Proceeds from) Other Investing Activities,Cash used in investing activities,Proceeds from issuance of common stock,Excess tax benefits from stock-based compensation,Cash generated/used in financing activities,Increase/(decrease) in cash and cash equivalents,"Cash paid for income taxes, net"
2009-12-31,,8049000000.0,,,321000000.0,8537000000.0,6503000000.0,,5816000000.0,2307000000.0,,6.1,5.86,414000000.0,469000000.0,2656000000.0,,1517000000.0,,,,104000000.0,7433000000.0,,,,347000000.0,700000000.0,25996000000.0,,,,3002000000.0,,2503000000.0,,1423000000.0,15239000000.0,-5805000000.0,-273000000.0,9119000000.0,25996000000.0,,102000000.0,135000000.0,-962000000.0,-159000000.0,,87000000.0,,,,4397000000.0,,,,,0.0,,,39000000.0,-1601000000.0,740000000.0,3000000.0,-1012000000.0,1784000000.0,
2010-03-31,,2189000000.0,,,95000000.0,2315000000.0,2048000000.0,,1888000000.0,678000000.0,,2.08,2.0,431000000.0,473000000.0,3752000000.0,,1498000000.0,,,,110000000.0,8566000000.0,,,,336000000.0,716000000.0,27113000000.0,,,,4307000000.0,,2513000000.0,,1397000000.0,15280000000.0,-4973000000.0,-270000000.0,9992000000.0,27113000000.0,,47000000.0,7000000.0,33000000.0,-113000000.0,,-2000000.0,,,,1818000000.0,,,,,,,,-2000000.0,-229000000.0,0.0,4000000.0,-493000000.0,1096000000.0,
2010-06-30,,4490000000.0,,,196000000.0,4755000000.0,3472000000.0,,3149000000.0,1111000000.0,,3.48,3.4,458.0,474.0,3042000000.0,,1009000000.0,,,,111000000.0,7293000000.0,,,,333000000.0,728000000.0,25979000000.0,,,,2983000000.0,,2612000000.0,,1402000000.0,13686000000.0,-4466000000.0,-268000000.0,10532000000.0,25979000000.0,,75000000.0,107000000.0,502000000.0,-39000000.0,,-9000000.0,,,,2882000000.0,,,,,,,,-8000000.0,-519000000.0,0.0,4000000.0,-1977000000.0,386000000.0,
2010-09-30,,7027000000.0,,,277000000.0,7408000000.0,5971000000.0,,5526000000.0,1956000000.0,,6.01,5.88,471000000.0,474000000.0,3720000000.0,,1860000000.0,,,,208000000.0,9078000000.0,,,,330000000.0,687000000.0,27951000000.0,,,,3272000000.0,,2846000000.0,,1386000000.0,14230000000.0,-3429000000.0,-263000000.0,11596000000.0,27951000000.0,,93000000.0,252000000.0,-391000000.0,-189000000.0,,-13000000.0,,,,4218000000.0,,,,,,,,-20000000.0,-857000000.0,0.0,5000000.0,-2297000000.0,1064000000.0,
2010-12-31,,,,,381000000.0,9914000000.0,9068000000.0,,8512000000.0,2983000000.0,,4.67,4.57,915000000.0,949000000.0,3738000000.0,,2132000000.0,,-2819000000.0,195000000.0,254000000.0,9851000000.0,28000000.0,16785000000.0,,328000000.0,997000000.0,29386000000.0,,,180000000.0,3763000000.0,,2873000000.0,,1459000000.0,14826000000.0,-2590000000.0,-323000000.0,12504000000.0,29386000000.0,,121000000.0,286000000.0,-680000000.0,-593000000.0,,-24000000.0,,,,6273000000.0,,,,,,,,-23000000.0,-1869000000.0,0.0,19000000.0,-3322000000.0,1082000000.0,
2011-03-31,,,,,114000000.0,2773000000.0,2936000000.0,,2841000000.0,984000000.0,,1.58,1.57,946000000.0,955000000.0,4090000000.0,,1588000000.0,,,311000000.0,280000000.0,11146000000.0,,17076000000.0,,325000000.0,1059000000.0,31008000000.0,,,,4751000000.0,,3056000000.0,,1463000000.0,14917000000.0,-1328000000.0,-318000000.0,13801000000.0,31008000000.0,,43000000.0,127000000.0,511000000.0,-253000000.0,,-18000000.0,,,,2359000000.0,,,,,,,,0.0,-505000000.0,,21000000.0,-1502000000.0,352000000.0,
2011-12-31,,,,,415000000.0,11740000000.0,9140000000.0,,8818000000.0,3087000000.0,,4.81,4.78,947000000.0,955000000.0,4822000000.0,,892000000.0,,-3285000000.0,250000000.0,214000000.0,10047000000.0,9000000.0,18449000000.0,,325000000.0,888000000.0,32070000000.0,,,69000000.0,2940000000.0,,3255000000.0,,1651000000.0,13517000000.0,546000000.0,-465000000.0,15642000000.0,32070000000.0,,117000000.0,523000000.0,-1246000000.0,431000000.0,,57000000.0,,,,6620000000.0,,,,,,,,26000000.0,-2535000000.0,0.0,23000000.0,-3001000000.0,1084000000.0,
2012-03-31,,,,,104000000.0,2871000000.0,1734000000.0,,1490000000.0,491000000.0,,0.81,0.8,949000000.0,955000000.0,4496000000.0,,1165000000.0,,,272000000.0,223000000.0,10252000000.0,,18986000000.0,,326000000.0,867000000.0,32905000000.0,,,,2924000000.0,,3413000000.0,,1582000000.0,13606000000.0,1013000000.0,-453000000.0,16135000000.0,32905000000.0,,32000000.0,168000000.0,482000000.0,248000000.0,,-40000000.0,,,,801000000.0,,,,,,,,7000000.0,-714000000.0,,7000000.0,-413000000.0,-326000000.0,
2012-06-30,,,,,201000000.0,6035000000.0,3045000000.0,,2809000000.0,913000000.0,,1.55,1.55,949000000.0,954000000.0,4508000000.0,,1052000000.0,,,263000000.0,328000000.0,10176000000.0,,19613000000.0,,324000000.0,868000000.0,33689000000.0,,,,2942000000.0,,3550000000.0,,1553000000.0,13799000000.0,1426000000.0,-448000000.0,16578000000.0,33689000000.0,,54000000.0,288000000.0,182000000.0,160000000.0,,,,,,1983000000.0,,,,,,,,4000000.0,-1551000000.0,,7000000.0,-746000000.0,-314000000.0,
2012-09-30,,,,,311000000.0,9041000000.0,4456000000.0,,4163000000.0,1128000000.0,,2.42,2.41,949000000.0,953000000.0,3727000000.0,,1424000000.0,,,242000000.0,353000000.0,10180000000.0,,20294000000.0,,321000000.0,847000000.0,34517000000.0,,,,3150000000.0,,3378000000.0,,1531000000.0,13774000000.0,1953000000.0,-439000000.0,17139000000.0,34517000000.0,,77000000.0,223000000.0,603000000.0,581000000.0,,,,,,2509000000.0,,,,,,,,19000000.0,-2537000000.0,,7000000.0,-1067000000.0,-1095000000.0,
2013-03-31,,,,,113000000.0,3228000000.0,1355000000.0,,1250000000.0,428000000.0,,0.68,0.68,950000000.0,953000000.0,9595000000.0,,1082000000.0,,,687000000.0,410000000.0,16583000000.0,,21689000000.0,,,2235000000.0,42588000000.0,,,,3275000000.0,,3580000000.0,,1666000000.0,20739000000.0,2750000000.0,-500000000.0,17940000000.0,42588000000.0,,41000000.0,136000000.0,113000000.0,67000000.0,,,,,,831000000.0,,,,,321000000.0,,,-14000000.0,-1112000000.0,,1000000.0,6171000000.0,5890000000.0,
2013-06-30,8871000000.0,,,,299000000.0,6877000000.0,1994000000.0,13000000.0,1898000000.0,468000000.0,,1.17,1.17,980000000.0,984000000.0,3294000000.0,,1244000000.0,4946000000.0,,635000000.0,459000000.0,10578000000.0,,46214000000.0,1904000000.0,,2269000000.0,63157000000.0,,,,5610000000.0,,6840000000.0,,1810000000.0,38508000000.0,1865000000.0,-495000000.0,19878000000.0,63157000000.0,,65000000.0,43000000.0,-350000000.0,160000000.0,,,,,,1865000000.0,,,,,5414000000.0,1978000000.0,,264000000.0,-7656000000.0,,1000000.0,5380000000.0,-411000000.0,
2013-09-30,15036000000.0,,,,457000000.0,11335000000.0,3701000000.0,13000000.0,3446000000.0,967000000.0,,1.97,1.96,1038000000.0,1043000000.0,2219000000.0,,1749000000.0,4853000000.0,,480000000.0,305000000.0,9606000000.0,,46647000000.0,1932000000.0,,2109000000.0,62598000000.0,,,,4498000000.0,,6922000000.0,,1774000000.0,37324000000.0,2361000000.0,-484000000.0,20405000000.0,62598000000.0,,94000000.0,169000000.0,-51000000.0,66000000.0,,,,,,3743000000.0,,,,,5441000000.0,3623000000.0,,24000000.0,-9088000000.0,,1000000.0,3859000000.0,-1486000000.0,
2013-12-31,20921000000.0,,,,657000000.0,15570000000.0,5351000000.0,-13000000.0,4913000000.0,1475000000.0,,2.65,2.64,1002000000.0,1006000000.0,1985000000.0,,1728000000.0,5018000000.0,-7282000000.0,415000000.0,407000000.0,9972000000.0,44000000.0,24042000000.0,1916000000.0,380000000.0,1798000000.0,63473000000.0,,,,4773000000.0,,7410000000.0,,1690000000.0,37526000000.0,2742000000.0,-405000000.0,20934000000.0,63473000000.0,,173000000.0,545000000.0,-49000000.0,288000000.0,,,,,,6139000000.0,,,,,5441000000.0,5286000000.0,,181000000.0,-10908000000.0,,-1000000.0,3049000000.0,-1720000000.0,
2014-03-31,4985000000.0,,,,135000000.0,3874000000.0,1111000000.0,33000000.0,983000000.0,357000000.0,,0.49,0.49,1038000000.0,1044000000.0,1342000000.0,,1511000000.0,,,866000000.0,491000000.0,9430000000.0,,24729000000.0,1916000000.0,,1959000000.0,63843000000.0,,,,5383000000.0,,7504000000.0,,1695000000.0,37617000000.0,2926000000.0,-402000000.0,21150000000.0,63843000000.0,,28000000.0,90000000.0,-179000000.0,180000000.0,,,,,,1201000000.0,,,,,,1612000000.0,,-7000000.0,-1605000000.0,,,-239000000.0,-643000000.0,
2014-06-30,10507000000.0,,,,299000000.0,8243000000.0,2264000000.0,25000000.0,1969000000.0,685000000.0,,0.95,0.95,1039000000.0,1045000000.0,1458000000.0,,1838000000.0,,,920000000.0,668000000.0,10254000000.0,,25407000000.0,1717000000.0,,2287000000.0,64009000000.0,,,,7558000000.0,,7451000000.0,,1782000000.0,37597000000.0,3081000000.0,-401000000.0,21332000000.0,64009000000.0,,69000000.0,37000000.0,243000000.0,230000000.0,,,,,,2587000000.0,,,,,925000000.0,3562000000.0,,363000000.0,-1841000000.0,,,-1273000000.0,-527000000.0,
2014-09-30,16203000000.0,,,,457000000.0,12807000000.0,3396000000.0,48000000.0,3024000000.0,1034000000.0,,1.48,1.47,1039000000.0,1046000000.0,658000000.0,,1514000000.0,,,793000000.0,577000000.0,9031000000.0,,26304000000.0,1717000000.0,,2018000000.0,63976000000.0,,,,6343000000.0,,7559000000.0,,1730000000.0,37261000000.0,3306000000.0,-394000000.0,21591000000.0,63976000000.0,,,107000000.0,-200000000.0,267000000.0,,,,,,4513000000.0,,,,,1421000000.0,5415000000.0,,-221000000.0,-3644000000.0,,,-2196000000.0,-1327000000.0,
2014-12-31,21438000000.0,,,,592000000.0,21341000000.0,97000000.0,36000000.0,-424000000.0,324000000.0,,-1.26,-1.26,1039000000.0,1039000000.0,464000000.0,,953000000.0,,-6313000000.0,288000000.0,657000000.0,9045000000.0,46000000.0,26220000000.0,0.0,334000000.0,2077000000.0,58795000000.0,,,,5172000000.0,,6398000000.0,,1861000000.0,35570000000.0,128000000.0,-544000000.0,18287000000.0,58795000000.0,,106000000.0,-787000000.0,-215000000.0,249000000.0,,,,,,5631000000.0,,,,,1426000000.0,7215000000.0,,-221000000.0,-3801000000.0,,,-3351000000.0,-1521000000.0,
2015-03-31,4153000000.0,,,,154000000.0,7116000000.0,-2963000000.0,7000000.0,-3102000000.0,-695000000.0,,-2.38,-2.38,1040000000.0,1040000000.0,549000000.0,,995000000.0,,,1401000000.0,671000000.0,8854000000.0,,26595000000.0,,,1977000000.0,56065000000.0,,,,4410000000.0,,5625000000.0,,1812000000.0,35279000000.0,-2398000000.0,-532000000.0,15793000000.0,56065000000.0,,,-709000000.0,-316000000.0,-165000000.0,,,,,,717000000.0,,,,,,1867000000.0,,-127000000.0,-1740000000.0,,,1108000000.0,85000000.0,
2015-06-30,8401000000.0,,,,305000000.0,13738000000.0,-5337000000.0,44000000.0,-5588000000.0,-1382000000.0,,-4.16,-4.16,1040000000.0,1040000000.0,466000000.0,,949000000.0,,,1323000000.0,528000000.0,8697000000.0,,27095000000.0,,,1978000000.0,54008000000.0,,,,4739000000.0,,4870000000.0,,1760000000.0,35196000000.0,-4417000000.0,-523000000.0,13805000000.0,54008000000.0,,,-1432000000.0,-493000000.0,-8000000.0,,,,,,1786000000.0,,,,,,3528000000.0,,-136000000.0,-3392000000.0,,,1608000000.0,2000000.0,
2015-09-30,12082000000.0,,,,429000000.0,21364000000.0,-9282000000.0,-40000000.0,-9736000000.0,-1742000000.0,,-7.77,-7.77,1071000000.0,1071000000.0,338000000.0,,626000000.0,,,1276000000.0,570000000.0,8155000000.0,,27355000000.0,,,1977000000.0,50383000000.0,,,,4827000000.0,,4363000000.0,,1727000000.0,34417000000.0,-8305000000.0,-509000000.0,10946000000.0,50383000000.0,,,-1926000000.0,-990000000.0,-83000000.0,,,,,,2608000000.0,,,,,,5055000000.0,,-114000000.0,-4941000000.0,999000000.0,,2207000000.0,-126000000.0,
2015-12-31,15877000000.0,,,,569000000.0,29259000000.0,-13382000000.0,6000000.0,-14021000000.0,-1935000000.0,,-11.31,-11.31,1082000000.0,1082000000.0,224000000.0,,689000000.0,,2195000000.0,174000000.0,173000000.0,7462000000.0,47000000.0,27509000000.0,,317000000.0,2242000000.0,46577000000.0,,,,4307000000.0,,4288000000.0,,1656000000.0,33769000000.0,-12387000000.0,-503000000.0,7828000000.0,46577000000.0,,85000000.0,3413000000.0,-813000000.0,-379000000.0,,,,,,3220000000.0,,,,,,6353000000.0,,-107000000.0,-6246000000.0,1936000000.0,,2786000000.0,-240000000.0,
2016-03-31,3527000000.0,,,,140000000.0,7403000000.0,-3876000000.0,38000000.0,-4038000000.0,70000000.0,,,,,1251000000.0,331000000.0,,837000000.0,,,122000000.0,233000000.0,7233000000.0,,27376000000.0,,,2288000000.0,42664000000.0,,,,4426000000.0,,4442000000.0,,1659000000.0,33927000000.0,-16570000000.0,-503000000.0,3692000000.0,42664000000.0,,,152000000.0,-93000000.0,-114000000.0,,,,,,740000000.0,,,,,,982000000.0,,-2000000.0,-980000000.0,32000000.0,,347000000.0,107000000.0,
2016-06-30,6576000000.0,,,,298000000.0,10430000000.0,-3854000000.0,100000000.0,-4141000000.0,193000000.0,,,-3.7,,1269000000.0,352000000.0,,694000000.0,,,102000000.0,226000000.0,10700000000.0,,23609000000.0,,,2208000000.0,41296000000.0,,,,4540000000.0,,3758000000.0,,1662000000.0,32206000000.0,-17049000000.0,-488000000.0,4003000000.0,41296000000.0,1374000000.0,,169000000.0,-259000000.0,-190000000.0,,,,,,1614000000.0,,,,,,1815000000.0,,6000000.0,-535000000.0,32000000.0,,-873000000.0,206000000.0,
2016-09-30,10453000000.0,,,,408000000.0,13948000000.0,-3495000000.0,54000000.0,-3964000000.0,-114000000.0,,,-3.45,1346000000.0,1351000000.0,1108000000.0,,788000000.0,,,97000000.0,299000000.0,11505000000.0,,23415000000.0,,,2134000000.0,41400000000.0,,,,4488000000.0,,3549000000.0,,1618000000.0,31560000000.0,-16832000000.0,-476000000.0,4732000000.0,41400000000.0,2017000000.0,,-22000000.0,-257000000.0,-251000000.0,,,,,,2594000000.0,,,,,,2309000000.0,,-9000000.0,-894000000.0,442000000.0,,-748000000.0,952000000.0,
2016-12-31,14830000000.0,17580000000.0,,,607000000.0,17622000000.0,-2792000000.0,,-3472000000.0,371000000.0,,,,,,4245000000.0,,1126000000.0,,1535000000.0,,110000000.0,10435000000.0,50000000.0,23219000000.0,,305000000.0,1956000000.0,37317000000.0,1540000000.0,,82000000.0,4265000000.0,,3768000000.0,,1745000000.0,28060000000.0,-16540000000.0,-548000000.0,6051000000.0,37317000000.0,2610000000.0,86000000.0,273000000.0,175000000.0,-117000000.0,,,,,,3729000000.0,,,,,,2813000000.0,,-8000000.0,3550000000.0,1515000000.0,,-3166000000.0,4113000000.0,
2017-03-31,3341000000.0,2589000000.0,,,153000000.0,2761000000.0,580000000.0,,438000000.0,174000000.0,,,,1446000000.0,1454000000.0,4001000000.0,,734000000.0,,,,196000000.0,9767000000.0,,23117000000.0,,,2010000000.0,36576000000.0,,,,4842000000.0,,3786000000.0,,1719000000.0,26989000000.0,-16311000000.0,-537000000.0,6318000000.0,36576000000.0,389000000.0,34000000.0,,-623000000.0,135000000.0,,,,,,792000000.0,,,,,,344000000.0,,21000000.0,-365000000.0,0.0,,-679000000.0,-252000000.0,
2017-06-30,7052000000.0,5534000000.0,,,260000000.0,5803000000.0,1249000000.0,31000000.0,951000000.0,360000000.0,,,,1447000000.0,1453000000.0,4667000000.0,,802000000.0,,,,211000000.0,10417000000.0,,23067000000.0,,,1957000000.0,37043000000.0,,,,4944000000.0,,3870000000.0,,1586000000.0,27050000000.0,-16043000000.0,-456000000.0,6673000000.0,37043000000.0,839000000.0,44000000.0,,-589000000.0,101000000.0,,,,,,1829000000.0,,,,,,706000000.0,,8000000.0,-710000000.0,0.0,,-704000000.0,415000000.0,
2017-09-30,11362000000.0,8754000000.0,,,366000000.0,9196000000.0,2166000000.0,44000000.0,1577000000.0,747000000.0,,,,1448000000.0,1454000000.0,4957000000.0,,1024000000.0,,,,241000000.0,11150000000.0,,22914000000.0,,,1790000000.0,37327000000.0,,,,5517000000.0,,3771000000.0,,1744000000.0,27097000000.0,-15763000000.0,-443000000.0,6973000000.0,37327000000.0,1257000000.0,,,-420000000.0,314000000.0,,,,,,3018000000.0,,,,,,1020000000.0,,22000000.0,-974000000.0,0.0,,-1287000000.0,757000000.0,
2017-12-31,16403000000.0,12022000000.0,,,484000000.0,12770000000.0,3633000000.0,49000000.0,2902000000.0,883000000.0,,,1.25,1447000000.0,1454000000.0,4447000000.0,,1246000000.0,,1129000000.0,,270000000.0,10779000000.0,30000000.0,22836000000.0,,306000000.0,2270000000.0,37302000000.0,1380000000.0,,91000000.0,5038000000.0,,3622000000.0,,2012000000.0,26006000000.0,-14722000000.0,-487000000.0,7977000000.0,37302000000.0,1714000000.0,71000000.0,-163000000.0,-427000000.0,393000000.0,,,,,,4682000000.0,,,,,,1410000000.0,,25000000.0,-1363000000.0,0.0,,-3055000000.0,264000000.0,
2018-03-31,4985000000.0,3259000000.0,,,131000000.0,3409000000.0,1459000000.0,,1336000000.0,506000000.0,,,,1449000000.0,1458000000.0,3702000000.0,,1222000000.0,,,,367000000.0,10106000000.0,,22792000000.0,,,2352000000.0,36637000000.0,,,,4344000000.0,,3642000000.0,,1972000000.0,24711000000.0,-14030000000.0,-475000000.0,8656000000.0,36637000000.0,451000000.0,49000000.0,,-136000000.0,142000000.0,,,,,,1369000000.0,,,,,,402000000.0,,90000000.0,-492000000.0,,,-1588000000.0,-711000000.0,
2018-06-30,10197000000.0,6616000000.0,,,240000000.0,6913000000.0,3123000000.0,,2887000000.0,1021000000.0,,1.07,1.07,1449000000.0,1458000000.0,3859000000.0,,1077000000.0,,,,381000000.0,10343000000.0,,22923000000.0,,,2391000000.0,37028000000.0,,,,3799000000.0,,3702000000.0,,1931000000.0,24186000000.0,-13161000000.0,-464000000.0,9474000000.0,37028000000.0,893000000.0,60000000.0,,-309000000.0,468000000.0,,,,,,2678000000.0,,,,,,884000000.0,,86000000.0,-970000000.0,,,-2277000000.0,-569000000.0,
2018-09-30,15223000000.0,10143000000.0,,,341000000.0,10506000000.0,4438000000.0,,4073000000.0,1543000000.0,,1.46,1.45,1450000000.0,1458000000.0,4556000000.0,,1064000000.0,,,,402000000.0,10921000000.0,,23013000000.0,,,2460000000.0,37749000000.0,,,,3851000000.0,,3839000000.0,,1918000000.0,24295000000.0,-12526000000.0,-532000000.0,9977000000.0,37749000000.0,1351000000.0,70000000.0,,-321000000.0,326000000.0,,,,,,3925000000.0,,,,,,1391000000.0,,91000000.0,-1472000000.0,,,-2340000000.0,113000000.0,
2018-12-31,18945000000.0,13445000000.0,,,443000000.0,13874000000.0,4754000000.0,,3892000000.0,991000000.0,,1.79,1.78,1449000000.0,1458000000.0,4217000000.0,,829000000.0,,880000000.0,,422000000.0,10720000000.0,29000000.0,28010000000.0,,398000000.0,2172000000.0,42216000000.0,1661000000.0,,35000000.0,3329000000.0,,4032000000.0,,2230000000.0,24324000000.0,-12041000000.0,-605000000.0,9798000000.0,42216000000.0,1754000000.0,76000000.0,216000000.0,-649000000.0,631000000.0,,,,,,3863000000.0,,,,,,1971000000.0,,97000000.0,-5018000000.0,0.0,,900000000.0,-255000000.0,
2019-03-31,3672000000.0,3323000000.0,,,112000000.0,3471000000.0,321000000.0,,183000000.0,105000000.0,,,,1451000000.0,1457000000.0,2833000000.0,,781000000.0,,,,560000000.0,9045000000.0,,28497000000.0,,,2174000000.0,41059000000.0,,,,3247000000.0,,4067000000.0,,2370000000.0,23218000000.0,-12010000000.0,-594000000.0,9783000000.0,41059000000.0,347000000.0,29000000.0,,-19000000.0,-221000000.0,,,,,,534000000.0,,,,,,622000000.0,,8000000.0,-546000000.0,,,-1331000000.0,-1343000000.0,
2019-06-30,7327000000.0,6677000000.0,,,209000000.0,6984000000.0,354000000.0,,-94000000.0,90000000.0,,-0.05,-0.05,1451000000.0,1451000000.0,2623000000.0,,725000000.0,,,,760000000.0,8730000000.0,,28841000000.0,,,2168000000.0,41086000000.0,,,,3286000000.0,,4055000000.0,,2399000000.0,23269000000.0,-12082000000.0,-582000000.0,9709000000.0,41086000000.0,699000000.0,40000000.0,,-256000000.0,-287000000.0,,,,,,1088000000.0,,,,,,1251000000.0,,7000000.0,-1167000000.0,,,-1370000000.0,-1449000000.0,
2019-09-30,10531000000.0,9705000000.0,,,315000000.0,10175000000.0,316000000.0,,-149000000.0,181000000.0,,-0.17,-0.17,1452000000.0,1452000000.0,2247000000.0,,731000000.0,,,,672000000.0,8347000000.0,,29330000000.0,,,1966000000.0,40943000000.0,,,,3381000000.0,,4245000000.0,,2302000000.0,23401000000.0,-12289000000.0,-570000000.0,9444000000.0,40943000000.0,1021000000.0,52000000.0,,-210000000.0,-229000000.0,,,,,,1312000000.0,,,,,,1917000000.0,,10000000.0,-1825000000.0,,,-1430000000.0,-1943000000.0,
2019-12-31,14348000000.0,13105000000.0,,,414000000.0,13311000000.0,1091000000.0,,306000000.0,510000000.0,,-0.17,-0.17,1451000000.0,1451000000.0,2020000000.0,,741000000.0,,962000000.0,,655000000.0,7915000000.0,66000000.0,29584000000.0,,402000000.0,1885000000.0,40809000000.0,1654000000.0,,,3209000000.0,,4210000000.0,,2491000000.0,23361000000.0,-12280000000.0,-676000000.0,9298000000.0,40809000000.0,1412000000.0,63000000.0,45000000.0,-119000000.0,-259000000.0,,,,,,1482000000.0,,,,,,2652000000.0,,12000000.0,-2103000000.0,,,-1556000000.0,-2177000000.0,
2020-03-31,3029000000.0,3108000000.0,,,110000000.0,3271000000.0,-473000000.0,,-612000000.0,-60000000.0,,-0.34,,1452000000.0,1452000000.0,1602000000.0,,515000000.0,,,,795000000.0,7357000000.0,,29899000000.0,,,1691000000.0,40219000000.0,,,,3143000000.0,,,,2439000000.0,23256000000.0,-12771000000.0,-668000000.0,8855000000.0,40219000000.0,341000000.0,27000000.0,,-205000000.0,-154000000.0,,,,,,-38000000.0,,,,,,610000000.0,,2000000.0,-546000000.0,,,173000000.0,-411000000.0,
2020-06-30,5904000000.0,5721000000.0,,,201000000.0,6004000000.0,321000000.0,,-395000000.0,96000000.0,,-0.3,,1453000000.0,1458000000.0,1465000000.0,,717000000.0,,,,517000000.0,7155000000.0,,29936000000.0,,,1693000000.0,40230000000.0,,,,2906000000.0,,,,2398000000.0,23075000000.0,-12718000000.0,-652000000.0,8954000000.0,40230000000.0,699000000.0,43000000.0,,-83000000.0,-168000000.0,,,,,,453000000.0,,,,,,1137000000.0,,5000000.0,-1026000000.0,,,24000000.0,-549000000.0,
2020-09-30,9646000000.0,8589000000.0,,,273000000.0,8975000000.0,880000000.0,,723000000.0,333000000.0,,0.22,,1453000000.0,1461000000.0,2403000000.0,,893000000.0,,,,419000000.0,8071000000.0,,29911000000.0,,,1654000000.0,41099000000.0,,,,3096000000.0,,,,2440000000.0,23537000000.0,-12389000000.0,-728000000.0,9236000000.0,41099000000.0,1093000000.0,60000000.0,,-132000000.0,-59000000.0,,,,,,1690000000.0,,,,,,1573000000.0,,6000000.0,-1433000000.0,,,120000000.0,377000000.0,
2020-12-31,13894000000.0,11655000000.0,,,370000000.0,11761000000.0,2437000000.0,,1797000000.0,944000000.0,,0.41,0.41,1453000000.0,1461000000.0,3657000000.0,,892000000.0,,955000000.0,,341000000.0,9303000000.0,70000000.0,29818000000.0,,401000000.0,1560000000.0,42144000000.0,1473000000.0,,,3417000000.0,,,,2269000000.0,23476000000.0,-11681000000.0,-583000000.0,10174000000.0,42144000000.0,1528000000.0,99000000.0,298000000.0,-132000000.0,-42000000.0,,,,,,3017000000.0,,,,,,1961000000.0,,7000000.0,-1264000000.0,,,-128000000.0,1625000000.0,
2021-03-31,4671000000.0,3206000000.0,,,100000000.0,3318000000.0,1532000000.0,,1398000000.0,443000000.0,,0.49,0.48,1462000000.0,1477000000.0,4580000000.0,,1248000000.0,,,,361000000.0,10856000000.0,,29775000000.0,,,1537000000.0,43643000000.0,,,,4611000000.0,,,,2140000000.0,24070000000.0,-10963000000.0,-580000000.0,10920000000.0,43643000000.0,419000000.0,41000000.0,,361000000.0,225000000.0,,,,,,1075000000.0,,,,,,370000000.0,,3000000.0,-368000000.0,,,225000000.0,932000000.0,
2021-06-30,10286000000.0,6756000000.0,,,187000000.0,6999000000.0,3599000000.0,,3326000000.0,1046000000.0,,1.23,1.21,1467000000.0,1483000000.0,6313000000.0,,1100000000.0,,,,390000000.0,12599000000.0,,29836000000.0,,,1528000000.0,45436000000.0,,,,5527000000.0,,,,2129000000.0,24501000000.0,-9880000000.0,-576000000.0,12011000000.0,45436000000.0,902000000.0,56000000.0,,279000000.0,299000000.0,,,,,,3470000000.0,,,,,,803000000.0,,13000000.0,-833000000.0,,,29000000.0,2666000000.0,
2021-09-30,16480000000.0,10307000000.0,,,289000000.0,10620000000.0,6061000000.0,,5686000000.0,1674000000.0,,2.18,2.16,1469000000.0,1484000000.0,7672000000.0,,931000000.0,,,,477000000.0,13791000000.0,,30102000000.0,,,1574000000.0,46917000000.0,,,,5523000000.0,,,,1907000000.0,24386000000.0,-8481000000.0,-572000000.0,13353000000.0,46917000000.0,1430000000.0,79000000.0,,218000000.0,310000000.0,,,,,,5435000000.0,,,,,,1344000000.0,,25000000.0,-1231000000.0,,,-188000000.0,4016000000.0,
2021-12-31,22422000000.0,14030000000.0,,,383000000.0,14479000000.0,8366000000.0,,7659000000.0,2299000000.0,,2.93,2.9,1466000000.0,1482000000.0,8068000000.0,,1168000000.0,,1219000000.0,,523000000.0,14830000000.0,74000000.0,30345000000.0,,412000000.0,1460000000.0,48022000000.0,2035000000.0,,,5892000000.0,,,,1683000000.0,25003000000.0,-7375000000.0,-388000000.0,13980000000.0,48022000000.0,1998000000.0,98000000.0,211000000.0,472000000.0,618000000.0,,,,,,7715000000.0,,,,,,2115000000.0,,27000000.0,-1964000000.0,,,-1340000000.0,4411000000.0,
2022-03-31,6363000000.0,3639000000.0,,,115000000.0,3794000000.0,2809000000.0,,2713000000.0,824000000.0,,1.05,1.04,1455000000.0,1469000000.0,8338000000.0,,1537000000.0,,,,529000000.0,15302000000.0,,30708000000.0,,,1445000000.0,48832000000.0,,,,6454000000.0,,,,1653000000.0,24790000000.0,-5848000000.0,-387000000.0,14866000000.0,48832000000.0,489000000.0,49000000.0,,222000000.0,-47000000.0,,,,,,1691000000.0,,,,,,723000000.0,,2000000.0,-714000000.0,,,-703000000.0,274000000.0,
2022-06-30,12532000000.0,7167000000.0,,,215000000.0,7474000000.0,4545000000.0,,4312000000.0,1395000000.0,,1.63,1.61,1451000000.0,1463000000.0,9492000000.0,,977000000.0,,,,608000000.0,16182000000.0,,31200000000.0,,,1501000000.0,50113000000.0,,,,5932000000.0,,,,1613000000.0,26066000000.0,-5008000000.0,-386000000.0,14889000000.0,50113000000.0,996000000.0,62000000.0,,-314000000.0,40000000.0,,,,,,3312000000.0,,,,,,1586000000.0,,6000000.0,-1530000000.0,,,-351000000.0,1431000000.0,
2022-09-30,17841000000.0,11066000000.0,,,313000000.0,11515000000.0,5507000000.0,,5179000000.0,1710000000.0,,1.91,1.9,1444000000.0,1455000000.0,8578000000.0,,844000000.0,,,,647000000.0,15373000000.0,,31814000000.0,,,1546000000.0,49927000000.0,,,,5999000000.0,,,,1550000000.0,25746000000.0,-4604000000.0,-385000000.0,14954000000.0,49927000000.0,1504000000.0,75000000.0,,-456000000.0,184000000.0,,,,,,4070000000.0,,,,,,2422000000.0,,10000000.0,-2381000000.0,,,-1179000000.0,510000000.0,
2022-12-31,23271000000.0,15089000000.0,,,420000000.0,15743000000.0,7037000000.0,,6715000000.0,2267000000.0,,,,1441000000.0,1451000000.0,8146000000.0,,1336000000.0,,1084000000.0,,492000000.0,15613000000.0,79000000.0,32627000000.0,,416000000.0,1601000000.0,51093000000.0,2701000000.0,,,6345000000.0,,,,1562000000.0,26222000000.0,-3907000000.0,-320000000.0,15555000000.0,51093000000.0,2019000000.0,95000000.0,299000000.0,-56000000.0,573000000.0,,,,,,5139000000.0,,,,,,3469000000.0,,14000000.0,-3440000000.0,,,-1623000000.0,76000000.0,
2023-03-31,5116000000.0,3564000000.0,,,126000000.0,3788000000.0,1601000000.0,,1538000000.0,499000000.0,,0.46,0.46,1433000000.0,1443000000.0,6852000000.0,,1134000000.0,,,,473000000.0,14746000000.0,,33159000000.0,,,1769000000.0,50909000000.0,,,,5281000000.0,,,,1596000000.0,25261000000.0,-3244000000.0,-319000000.0,16057000000.0,50909000000.0,399000000.0,53000000.0,,-157000000.0,457000000.0,,,,,,1050000000.0,,,,,,1121000000.0,,19000000.0,-1164000000.0,,,-1172000000.0,-1286000000.0,
2023-06-30,11043000000.0,7660000000.0,,,241000000.0,8115000000.0,3011000000.0,,2806000000.0,1038000000.0,,0.7,0.69,1434000000.0,1443000000.0,6683000000.0,,675000000.0,,,,472000000.0,14057000000.0,,33845000000.0,,,1764000000.0,50907000000.0,,,,4788000000.0,,,,1725000000.0,24880000000.0,-2901000000.0,-318000000.0,16202000000.0,50907000000.0,946000000.0,72000000.0,,-756000000.0,530000000.0,,,,,,2723000000.0,,,,,,2284000000.0,,31000000.0,-2365000000.0,,,-1812000000.0,-1454000000.0,
2023-09-30,16907000000.0,11746000000.0,,,359000000.0,12447000000.0,4503000000.0,,4278000000.0,1546000000.0,,1.01,1.01,1435000000.0,1443000000.0,5745000000.0,,792000000.0,,,,406000000.0,14077000000.0,,34535000000.0,,,1709000000.0,51648000000.0,,,,4860000000.0,,,,1697000000.0,24971000000.0,-2447000000.0,-317000000.0,16459000000.0,51648000000.0,1479000000.0,89000000.0,,-550000000.0,738000000.0,,,,,,3959000000.0,,,,,,3462000000.0,,29000000.0,-3584000000.0,,,-2226000000.0,-1851000000.0,
2023-12-31,22703000000.0,15695000000.0,,,479000000.0,16630000000.0,6225000000.0,,6006000000.0,2270000000.0,,,,1434000000.0,1443000000.0,4758000000.0,,1209000000.0,,778000000.0,,375000000.0,14065000000.0,84000000.0,35295000000.0,,422000000.0,1810000000.0,52506000000.0,2466000000.0,,,5815000000.0,,,,1648000000.0,25196000000.0,-2059000000.0,-274000000.0,16693000000.0,52506000000.0,2068000000.0,109000000.0,373000000.0,-166000000.0,873000000.0,,,,,,5279000000.0,,,,,,4824000000.0,,30000000.0,-4956000000.0,,,-2650000000.0,-2327000000.0,
2024-03-31,6211000000.0,4439000000.0,,,144000000.0,4687000000.0,1634000000.0,,1674000000.0,512000000.0,,0.33,0.32,1436000000.0,1444000000.0,5208000000.0,,1494000000.0,,,,385000000.0,14842000000.0,,36197000000.0,,,1846000000.0,54198000000.0,,,,6305000000.0,,,,1573000000.0,26093000000.0,-1586000000.0,-274000000.0,16973000000.0,54198000000.0,595000000.0,53000000.0,,582000000.0,-66000000.0,,,,,,1896000000.0,,,,,,1254000000.0,,-5000000.0,-1277000000.0,,,-342000000.0,277000000.0,
2024-06-30,12609000000.0,8823000000.0,,,267000000.0,9262000000.0,3683000000.0,,3704000000.0,1266000000.0,,0.75,0.75,1438000000.0,1445000000.0,5273000000.0,,1128000000.0,,,,389000000.0,14722000000.0,,36784000000.0,,,1843000000.0,54635000000.0,,,,6136000000.0,,,,1581000000.0,25949000000.0,-970000000.0,-274000000.0,17404000000.0,54635000000.0,1104000000.0,77000000.0,,-92000000.0,341000000.0,,,,,,3852000000.0,,,,,,2370000000.0,,-13000000.0,-2385000000.0,,,-1128000000.0,339000000.0,
2024-09-30,19289000000.0,13500000000.0,,,384000000.0,14114000000.0,5621000000.0,,5667000000.0,2003000000.0,,1.12,1.11,1438000000.0,1445000000.0,5000000000.0,,979000000.0,,,,436000000.0,14545000000.0,,37750000000.0,,,1848000000.0,55400000000.0,,,,6247000000.0,,,,1782000000.0,26534000000.0,-444000000.0,-273000000.0,17548000000.0,55400000000.0,1704000000.0,94000000.0,,-93000000.0,301000000.0,,,,,,5724000000.0,,,,,,3569000000.0,,-10000000.0,-3797000000.0,,,-1774000000.0,153000000.0,
