Date,Net sales,Cost of sales,Gross margin,Research and development,"Selling, general and administrative",Total operating expenses,Operating income,"Other income/(expense), net",Income before provision for income taxes,Provision for income taxes,Net income,Earnings per share basic,Earnings per share diluted,Weighted-average basic,Weighted-average diluted,Cash and cash equivalents,Short-term marketable securities,"Accounts receivable, net",Inventories,Deferred tax assets,Vendor non-trade receivables,Other current assets,Total current assets,Long-term marketable securities,"Property, Plant and Equipment, Net",Goodwill,"Acquired intangible assets, net","Other Assets, Noncurrent",Total assets,accounts payable,Accrued expenses,Deferred revenue,Total current liabilities,Deferred revenue - non-current,deferred tax liabilities,long term taxes payable,Total other non-current liabilities,Total liabilities,Retained Earnings (Accumulated Deficit),Accumulated other comprehensive (loss)/income,Total shareholders equity,Total liabilities and shareholders' equity,"Depreciation, amortization and accretion",Stock-based compensation expense,Deferred income tax expense,"Increase (Decrease) in Accounts receivable, net",Increase (Decrease) in Inventories,Increase (Decrease) in Other Receivables,Increase (Decrease) in Other Operating Assets,Increase (Decrease) in Accounts Payable,Increase (Decrease) in Deferred Revenue,Increase (Decrease) Other liabilities,Cash generated by operating activities,Purchases of marketable securities,Proceeds from maturities of marketable securities,Proceeds from sales of marketable securities,Purchases of other long-term investments,"Business acquisitions, net of cash acquired",Cash payments for capital asset purchases,Payments for acquisition of intangible assets,Payments for (Proceeds from) Other Investing Activities,Cash used in investing activities,Proceeds from issuance of common stock,Excess tax benefits from stock-based compensation,Cash generated/used in financing activities,Increase/(decrease) in cash and cash equivalents,"Cash paid for income taxes, net"
2010-11-30,173289000.0,,,,57075000.0,113860000.0,59429000.0,,59554000.0,17953000.0,41601000.0,0.9,0.88,46283000.0,47487000.0,202351000.0,,63869000.0,,4015000.0,,8659000.0,278894000.0,,80628000.0,223203000.0,50584000.0,6591000.0,659407000.0,,,25584000.0,85512000.0,,3705000.0,6376000.0,21256000.0,116849000.0,817786000.0,-17652000.0,542558000.0,659407000.0,9392000.0,3677000.0,,-4176000.0,,,,,550000.0,,22184000.0,,,,,,8021000.0,,,-8021000.0,,7505000.0,-8974000.0,6610000.0,
2011-02-28,350924000.0,,,,116480000.0,233402000.0,117522000.0,,117779000.0,30924000.0,86855000.0,1.88,1.83,46244000.0,47495000.0,203105000.0,,70501000.0,,4300000.0,,11264000.0,298452000.0,,81336000.0,226924000.0,49980000.0,6930000.0,683070000.0,,,27799000.0,91327000.0,,3808000.0,7459000.0,22289000.0,124883000.0,852428000.0,-7745000.0,558187000.0,683070000.0,18758000.0,10377000.0,,10808000.0,,,,,2765000.0,,72481000.0,,,,,,15433000.0,,,-15433000.0,,12919000.0,-55375000.0,7364000.0,
2011-05-31,534571000.0,,,,176080000.0,355226000.0,179345000.0,,179774000.0,49608000.0,130166000.0,2.82,2.75,46145000.0,47418000.0,208668000.0,,67537000.0,,4156000.0,,11353000.0,298490000.0,,81787000.0,228559000.0,48578000.0,8396000.0,684631000.0,,,30021000.0,97277000.0,,3835000.0,6795000.0,22287000.0,130194000.0,883365000.0,-3839000.0,554437000.0,684631000.0,27950000.0,15352000.0,,7844000.0,,,,,4987000.0,,136996000.0,,,,,,22806000.0,,,-22806000.0,,17073000.0,-109597000.0,12927000.0,
2011-08-31,726510000.0,,,,243552000.0,488175000.0,238335000.0,,238958000.0,67912000.0,171046000.0,3.72,3.61,45953000.0,47355000.0,181685000.0,,75004000.0,,24174000.0,,,273170000.0,,81620000.0,228265000.0,46310000.0,7909000.0,657440000.0,,,28252000.0,109423000.0,,3712000.0,7204000.0,21913000.0,142252000.0,912078000.0,-5660000.0,515188000.0,657440000.0,36847000.0,25773000.0,1574000.0,15311000.0,,,,,3219000.0,,207136000.0,,,,,0.0,29343000.0,,,-29343000.0,,18331000.0,-199123000.0,-14056000.0,
2015-11-30,270504000.0,,,,68460000.0,183196000.0,87308000.0,,87401000.0,27436000.0,59965000.0,1.45,1.43,41387000.0,42063000.0,180148000.0,,98630000.0,,14153000.0,,,320848000.0,,69717000.0,498636000.0,111934000.0,4923000.0,1017687000.0,,,40801000.0,128731000.0,,1483000.0,7109000.0,22595000.0,459918000.0,1063406000.0,-50854000.0,557769000.0,1017687000.0,8437000.0,6462000.0,2388000.0,-1599000.0,,,,,-2588000.0,,71087000.0,,,,,264087000.0,14385000.0,,,-278180000.0,,9083000.0,231704000.0,21234000.0,
2016-02-29,552300000.0,,,,141001000.0,379648000.0,172652000.0,,172321000.0,44594000.0,127727000.0,3.1,3.06,41252000.0,41799000.0,175170000.0,,105928000.0,,21141000.0,,,327341000.0,,75667000.0,489340000.0,106753000.0,4860000.0,1021705000.0,,,44038000.0,140037000.0,,1469000.0,8488000.0,30653000.0,480647000.0,1113126000.0,-63038000.0,541058000.0,1021705000.0,18260000.0,15027000.0,,5683000.0,,,,,913000.0,,164226000.0,,,,,264087000.0,26438000.0,,,-290632000.0,,10804000.0,150813000.0,16256000.0,
2016-05-31,839801000.0,,,,214610000.0,577859000.0,261942000.0,,261177000.0,66669000.0,194508000.0,4.73,4.68,41094000.0,41596000.0,187436000.0,,104666000.0,,16778000.0,,,383019000.0,,78082000.0,460393000.0,97978000.0,5246000.0,1038975000.0,,,34076000.0,154698000.0,,1543000.0,8200000.0,30877000.0,495318000.0,1159579000.0,-51690000.0,543657000.0,1038975000.0,28222000.0,22433000.0,,11316000.0,,,,,3696000.0,,261104000.0,,,,,264087000.0,34671000.0,,,-299269000.0,,13327000.0,70295000.0,28522000.0,
2016-08-31,1127092000.0,,,,290007000.0,777416000.0,349676000.0,,460993000.0,122178000.0,338815000.0,8.29,8.19,40880000.0,41365000.0,228407000.0,,97797000.0,,16564000.0,,,369276000.0,,84622000.0,452915000.0,93161000.0,5781000.0,1019161000.0,,,33247000.0,158210000.0,,1708000.0,8782000.0,33080000.0,501780000.0,1283927000.0,-68553000.0,517381000.0,1019161000.0,38052000.0,29793000.0,4528000.0,3541000.0,,,,,700000.0,,331140000.0,,,,,262909000.0,47740000.0,,,-158408000.0,,18205000.0,-91002000.0,69493000.0,87513000.0
2016-11-30,288063000.0,,,,70494000.0,197744000.0,90319000.0,,89820000.0,23237000.0,66583000.0,1.67,1.66,39827000.0,40100000.0,173288000.0,,109680000.0,,10009000.0,,,324659000.0,,90438000.0,507656000.0,109032000.0,7066000.0,1046165000.0,,,32940000.0,136216000.0,,2766000.0,9395000.0,36005000.0,549382000.0,1330658000.0,-79603000.0,496783000.0,1046165000.0,10016000.0,6385000.0,,9985000.0,,,,,-3118000.0,,51113000.0,,,,,71689000.0,12537000.0,,,-81425000.0,,5511000.0,-17531000.0,-55119000.0,
2017-02-28,582417000.0,,,,141467000.0,400352000.0,182065000.0,,179310000.0,46017000.0,133293000.0,3.36,3.34,39659000.0,39900000.0,155351000.0,,130825000.0,,11555000.0,,,344040000.0,,89450000.0,506832000.0,104695000.0,7950000.0,1061829000.0,,,37252000.0,155088000.0,,2947000.0,10029000.0,35535000.0,568599000.0,1377659000.0,-77341000.0,493230000.0,1061829000.0,20649000.0,13611000.0,,30998000.0,,,,,1152000.0,,128058000.0,,,,,71689000.0,18046000.0,,,-95383000.0,,8995000.0,-98498000.0,-73056000.0,
2017-05-31,894537000.0,,,,219519000.0,624830000.0,269707000.0,,264539000.0,65832000.0,198707000.0,5.03,5.0,39528000.0,39736000.0,161758000.0,,147455000.0,,7722000.0,,,373183000.0,,97442000.0,695667000.0,175534000.0,11089000.0,1358014000.0,,,51210000.0,182131000.0,2476000.0,23039000.0,10780000.0,37035000.0,830461000.0,1421122000.0,-53640000.0,527553000.0,1358014000.0,33770000.0,20873000.0,,29310000.0,,,,,2638000.0,,220312000.0,,,,,301843000.0,25981000.0,,,-334407000.0,,9798000.0,51407000.0,-66649000.0,
2017-08-31,1221179000.0,,,215000000.0,302464000.0,869044000.0,352135000.0,,344312000.0,86053000.0,258259000.0,6.55,6.51,39444000.0,39642000.0,194731000.0,,148331000.0,,10080000.0,,,409376000.0,,100454000.0,707560000.0,173543000.0,14970000.0,1413315000.0,,,47495000.0,201139000.0,3921000.0,24892000.0,11484000.0,37188000.0,853624000.0,1458823000.0,-34720000.0,559691000.0,1413315000.0,48294000.0,34183000.0,4879000.0,29503000.0,,,,,-229000.0,,320527000.0,,,,,303086000.0,36862000.0,,,-347306000.0,,10331000.0,-8161000.0,-33676000.0,74788000.0
2018-05-31,1004283000.0,489829000.0,,,236606000.0,726435000.0,277848000.0,,267903000.0,69641000.0,198262000.0,5.1,5.01,38890000.0,39543000.0,213061000.0,,145255000.0,,0.0,,,429610000.0,,94380000.0,704807000.0,155776000.0,14683000.0,1407172000.0,,,57528000.0,197793000.0,7007000.0,23627000.0,29010000.0,39663000.0,871839000.0,78463000.0,-41085000.0,535333000.0,1407172000.0,42848000.0,23241000.0,,-3067000.0,,,,,13027000.0,,279342000.0,,,,,0.0,18375000.0,,,-18111000.0,,0.0,-241159000.0,18330000.0,
2018-11-30,,166776000.0,,,84325000.0,251101000.0,100539000.0,,95943000.0,11647000.0,84296000.0,2.21,2.17,38106000.0,38809000.0,170378000.0,,159890000.0,,,,,391183000.0,,101566000.0,694897000.0,141037000.0,27801000.0,1365927000.0,,,40808000.0,157122000.0,,,26525000.0,36070000.0,824718000.0,184071000.0,-59189000.0,541209000.0,1365927000.0,14241000.0,8435000.0,,3583000.0,,,,,-7250000.0,,46320000.0,,,,,,9526000.0,,,-7309000.0,,,-75005000.0,-38245000.0,
2019-02-28,,331884000.0,,,165424000.0,497308000.0,209227000.0,,200292000.0,31294000.0,168998000.0,4.44,4.37,38081000.0,38714000.0,218335000.0,,176356000.0,,,,,487965000.0,,104829000.0,700029000.0,136409000.0,29025000.0,1464994000.0,,,59178000.0,198782000.0,,,26728000.0,36420000.0,865473000.0,244388000.0,-53635000.0,599521000.0,1464994000.0,29052000.0,16140000.0,,19676000.0,,,,,9729000.0,,145554000.0,,,,,,21482000.0,,,-19368000.0,,,-115819000.0,9712000.0,
2019-05-31,,495716000.0,,,248885000.0,744601000.0,326467000.0,,313676000.0,52413000.0,261263000.0,6.85,6.73,38223000.0,38993000.0,323960000.0,,153461000.0,,,,,549171000.0,,105287000.0,690956000.0,129205000.0,31285000.0,1511901000.0,,,50509000.0,191524000.0,,19006000.0,24323000.0,36760000.0,857492000.0,309147000.0,-65121000.0,654409000.0,1511901000.0,43943000.0,24135000.0,,-3112000.0,,,,,4826000.0,,305324000.0,,,,,,32906000.0,,,-29543000.0,,,-156038000.0,115337000.0,
2019-08-31,1435351000.0,663446000.0,,214700000.0,333870000.0,997316000.0,438035000.0,,421965000.0,69200000.0,352790000.0,9.25,9.08,38144000.0,38873000.0,359799000.0,,146309000.0,,,,,583812000.0,,132524000.0,685729000.0,120551000.0,29943000.0,1560130000.0,,,47656000.0,218923000.0,,16391000.0,26292000.0,42006000.0,887874000.0,373225000.0,-74544000.0,672256000.0,1560130000.0,60463000.0,32400000.0,-2278000.0,-10205000.0,,,,,458000.0,,427136000.0,,,,,-0.0,59370000.0,,,-56100000.0,,0.0,-214274000.0,151176000.0,89997000.0
2019-11-30,366658000.0,,,,88515000.0,253472000.0,113186000.0,,108741000.0,14800000.0,93957000.0,2.47,2.43,37978000.0,38587000.0,336217000.0,,145434000.0,,10514000.0,,,546215000.0,,137726000.0,691321000.0,131679000.0,27820000.0,1762232000.0,,,41325000.0,207650000.0,,,25115000.0,2927000.0,1070354000.0,439892000.0,-64706000.0,691878000.0,1762232000.0,14390000.0,9814000.0,,-875000.0,,,,,-6483000.0,,95791000.0,,,,,,26780000.0,,,-27143000.0,,,-94955000.0,-23582000.0,
2020-02-29,736438000.0,,,,175820000.0,516995000.0,219443000.0,,211850000.0,29207000.0,182643000.0,4.82,4.73,37927000.0,38582000.0,343488000.0,,168139000.0,,,,,601105000.0,,135016000.0,690637000.0,128243000.0,30469000.0,1828572000.0,,,59184000.0,228529000.0,,,25958000.0,2920000.0,1111812000.0,501326000.0,-66479000.0,716760000.0,1828572000.0,28296000.0,18028000.0,,21835000.0,,,,,10775000.0,,195460000.0,,,,,,51899000.0,,,-49936000.0,,,-164057000.0,-16311000.0,
2020-05-31,1110521000.0,,,,257560000.0,769438000.0,341083000.0,,330990000.0,47131000.0,283859000.0,7.49,7.36,37912000.0,38548000.0,457707000.0,,151398000.0,,,,,708429000.0,,136655000.0,688484000.0,127207000.0,32539000.0,1947705000.0,,,58725000.0,247300000.0,,,26816000.0,5916000.0,1154747000.0,573354000.0,-75060000.0,792958000.0,1947705000.0,41333000.0,28372000.0,,5091000.0,,,,,9856000.0,,346413000.0,,,,,,62909000.0,,,-61446000.0,,,-188712000.0,97908000.0,
2020-08-31,1494111000.0,695446000.0,,224000000.0,359005000.0,1054451000.0,439660000.0,,427134000.0,54200000.0,372938000.0,9.83,9.65,37936000.0,38646000.0,585605000.0,,155011000.0,,,,,841930000.0,,133102000.0,709703000.0,121095000.0,28629000.0,2083388000.0,,,53987000.0,276293000.0,,,27739000.0,7326000.0,1187013000.0,633149000.0,-39293000.0,896375000.0,2083388000.0,57614000.0,36579000.0,9190000.0,8608000.0,,,,,5571000.0,,505840000.0,,,,,0.0,77642000.0,,,-73632000.0,,0.0,-218075000.0,225806000.0,69092000.0
2020-11-30,388206000.0,,,,79087000.0,267175000.0,121031000.0,,120232000.0,19026000.0,101206000.0,2.66,2.62,38007000.0,38697000.0,560137000.0,,156218000.0,,,,,804089000.0,,135121000.0,738575000.0,134896000.0,29154000.0,2099426000.0,,,46439000.0,227883000.0,,,28795000.0,7350000.0,1146853000.0,705089000.0,-39076000.0,952573000.0,2099426000.0,,11317000.0,,342000.0,,,,,-9724000.0,,89276000.0,,,,,41916000.0,18333000.0,,,-58322000.0,,,-56377000.0,-25468000.0,
2021-02-28,779993000.0,,,,159219000.0,542830000.0,237163000.0,,234898000.0,37049000.0,197849000.0,5.21,5.12,37961000.0,38658000.0,602684000.0,,171574000.0,,,,,867713000.0,,132871000.0,746041000.0,130897000.0,29957000.0,2163507000.0,,,67923000.0,271303000.0,,,29789000.0,5569000.0,1183039000.0,772591000.0,-28496000.0,980468000.0,2163507000.0,,22327000.0,,15421000.0,,,,,12445000.0,,229936000.0,,,,,41916000.0,28758000.0,,,-69748000.0,,,-146659000.0,17079000.0,
2021-05-31,1179551000.0,,,,235818000.0,824686000.0,354865000.0,,349174000.0,50646000.0,298528000.0,7.87,7.73,37910000.0,38602000.0,658340000.0,,161073000.0,,,,,920054000.0,,135850000.0,749896000.0,130521000.0,31062000.0,2218445000.0,,,65124000.0,280935000.0,,,29249000.0,5652000.0,1187146000.0,842298000.0,-19258000.0,1031299000.0,2218445000.0,,33356000.0,,6795000.0,,,,,8898000.0,,370249000.0,,,,,41916000.0,47414000.0,,,-88404000.0,,,-214758000.0,72735000.0,
2021-08-31,1591445000.0,786400000.0,,250100000.0,331004000.0,1117404000.0,474041000.0,,467617000.0,68027000.0,399590000.0,10.56,10.36,37856000.0,38570000.0,681865000.0,,151187000.0,,,,,933578000.0,,131377000.0,754205000.0,134986000.0,29480000.0,2224940000.0,,,63104000.0,315705000.0,,,30279000.0,4942000.0,1208587000.0,912515000.0,-38962000.0,1016353000.0,2224940000.0,64476000.0,45065000.0,-4602000.0,-3646000.0,,,,,5078000.0,,555226000.0,,,,,58056000.0,61325000.0,,,-135992000.0,,,-322711000.0,96260000.0,46588000.0
2021-11-30,424725000.0,,,,94915000.0,302064000.0,122661000.0,,119930000.0,12300000.0,107647000.0,2.86,2.79,37678000.0,38641000.0,673900000.0,,157390000.0,,,,,948568000.0,,122407000.0,783025000.0,139313000.0,31022000.0,2254364000.0,,,54778000.0,272560000.0,,,31305000.0,3768000.0,1155469000.0,989189000.0,-57670000.0,1098895000.0,2254364000.0,,10401000.0,,5268000.0,,,,,-10248000.0,,72918000.0,,,,,50018000.0,8583000.0,,,-58851000.0,,,-16482000.0,-7965000.0,
2022-02-28,855844000.0,,,,203291000.0,609835000.0,246009000.0,,241886000.0,24301000.0,217585000.0,5.77,5.63,37837000.0,38761000.0,773012000.0,,188308000.0,,,,,1090659000.0,,114789000.0,786172000.0,135042000.0,39089000.0,2374157000.0,,,72152000.0,293238000.0,,,31002000.0,3785000.0,1158176000.0,1068062000.0,-55848000.0,1215981000.0,2374157000.0,,25937000.0,,37704000.0,,,,,6201000.0,,194952000.0,,,,,50018000.0,20546000.0,,,-70814000.0,,,-26417000.0,91147000.0,
2022-05-31,1344595000.0,629162000.0,,,309185000.0,,343263000.0,,327166000.0,34700000.0,292495000.0,7.76,7.58,37934000.0,38720000.0,526966000.0,,226488000.0,,,,,873470000.0,,85625000.0,978860000.0,1912738000.0,37725000.0,4068564000.0,,,169361000.0,412715000.0,,,29095000.0,3698000.0,2800842000.0,1109177000.0,-77134000.0,1267722000.0,4068564000.0,60176000.0,40604000.0,-5488000.0,39005000.0,,,,,4091000.0,,386924000.0,,,,,1981641000.0,35950000.0,,,-2018269000.0,,,1488556000.0,-154899000.0,
2022-08-31,1843892000.0,871106000.0,,255100000.0,433032000.0,1368410000.0,475482000.0,-31888000.0,443594000.0,46700000.0,396917000.0,10.48,10.25,37864000.0,38736000.0,503273000.0,,204102000.0,,,,,870347000.0,,80843000.0,965848000.0,1895909000.0,38747000.0,4014305000.0,,,152039000.0,438287000.0,,,34211000.0,3341000.0,2682897000.0,1179739000.0,-108383000.0,1331408000.0,4014305000.0,86683000.0,56003000.0,-8715000.0,32980000.0,,,,,-6100000.0,,538277000.0,,,,,1981641000.0,51156000.0,,,-2033675000.0,,,1339234000.0,-178592000.0,76252000.0
2022-11-30,504815000.0,227042000.0,,,105596000.0,332920000.0,171895000.0,-14010000.0,157885000.0,21100000.0,136798000.0,3.59,3.52,38122000.0,38914000.0,437142000.0,,227489000.0,,,,,829207000.0,,79296000.0,974846000.0,1882983000.0,53430000.0,3977540000.0,,,150264000.0,384021000.0,,,35334000.0,3309000.0,2503412000.0,1282527000.0,-93059000.0,1474128000.0,3977540000.0,25997000.0,12175000.0,-745000.0,23647000.0,,,,,-290000.0,,106636000.0,,,,,0.0,17960000.0,,,-27852000.0,,,-146232000.0,-66131000.0,
2023-02-28,1019900000.0,467848000.0,,,210178000.0,678755000.0,341145000.0,-26498000.0,314647000.0,46256000.0,268391000.0,7.03,6.89,38281000.0,38981000.0,445326000.0,,257408000.0,,,,,858654000.0,,81790000.0,977359000.0,1869774000.0,57662000.0,4001075000.0,,,164190000.0,410805000.0,,,34825000.0,3276000.0,2393921000.0,1380021000.0,-92243000.0,1607154000.0,4001075000.0,52208000.0,27500000.0,-6470000.0,54294000.0,,,,,11069000.0,,271314000.0,,,,,0.0,35416000.0,,,-46305000.0,,,-285654000.0,-57947000.0,
2023-05-31,1549711000.0,709537000.0,,,325903000.0,1036607000.0,513104000.0,-36459000.0,476645000.0,73591000.0,403054000.0,10.54,10.35,38278000.0,38936000.0,486627000.0,,237794000.0,,,,,844309000.0,,81908000.0,982162000.0,1859242000.0,61462000.0,3997910000.0,,,147813000.0,400940000.0,,,36448000.0,3107000.0,2329077000.0,1477242000.0,-89344000.0,1668833000.0,3997910000.0,78681000.0,44365000.0,-12716000.0,37879000.0,,,,,-3861000.0,,489903000.0,,,,,0.0,61421000.0,,,-72310000.0,,,-437357000.0,-16646000.0,
2023-08-31,2085508000.0,973225000.0,,267400000.0,457130000.0,1456301000.0,629207000.0,-45253000.0,583954000.0,115781000.0,468173000.0,12.26,12.04,38194000.0,38898000.0,425444000.0,,237665000.0,,20492000.0,,,770135000.0,,86107000.0,1004736000.0,1859202000.0,73676000.0,3962922000.0,,,152430000.0,484251000.0,,,30344000.0,6844000.0,2342992000.0,1505096000.0,-87141000.0,1619930000.0,3962922000.0,105384000.0,62038000.0,-31119000.0,40103000.0,,,,,-3387000.0,,645573000.0,,,,,23593000.0,60786000.0,,,-95393000.0,,,-632024000.0,-77829000.0,91170000.0
2023-11-30,542216000.0,251621000.0,,,100711000.0,353176000.0,189040000.0,-13844000.0,175196000.0,26641000.0,148555000.0,3.91,3.84,38016000.0,38643000.0,411855000.0,,245318000.0,,,,,765771000.0,,83168000.0,1005269000.0,1848051000.0,86866000.0,3951226000.0,,,150152000.0,455886000.0,,,31256000.0,6767000.0,2250486000.0,1616352000.0,-86887000.0,1700740000.0,3951226000.0,27068000.0,14310000.0,6703000.0,9758000.0,,,,,-2542000.0,,155144000.0,,,,,,16466000.0,,,-25219000.0,,,-144564000.0,-13589000.0,
2024-02-29,1088161000.0,506763000.0,,,209518000.0,717179000.0,370982000.0,-27141000.0,343841000.0,54346000.0,289495000.0,7.61,7.49,38103000.0,38650000.0,381708000.0,,272177000.0,,,,,823021000.0,,80971000.0,1003883000.0,1860609000.0,64120000.0,3990866000.0,,,175121000.0,459752000.0,,,35734000.0,6970000.0,2189112000.0,1719932000.0,-91029000.0,1801754000.0,3990866000.0,58650000.0,30962000.0,5632000.0,39468000.0,,,,,22133000.0,,298942000.0,,,,,,38383000.0,,,-83319000.0,,,-259227000.0,-43736000.0,
2024-05-31,1640869000.0,753749000.0,,,312616000.0,1067428000.0,573441000.0,-39068000.0,534373000.0,86743000.0,447630000.0,11.76,11.58,38089000.0,38644000.0,453144000.0,,240096000.0,,,,,858275000.0,,80843000.0,1004749000.0,1851395000.0,70471000.0,4039701000.0,,,168053000.0,671505000.0,,,36748000.0,6904000.0,2149297000.0,1838478000.0,-92646000.0,1890404000.0,4039701000.0,91154000.0,46707000.0,-6979000.0,7176000.0,,,,,13817000.0,,537177000.0,,,,,,59722000.0,,,-104658000.0,,,-402908000.0,27700000.0,
2024-08-31,2203056000.0,1011945000.0,,265200000.0,485135000.0,1501757000.0,701299000.0,-49796000.0,651503000.0,114377000.0,537126000.0,14.11,13.91,38059000.0,38618000.0,422979000.0,,228054000.0,,52885000.0,,,835848000.0,,82513000.0,1011129000.0,1844141000.0,89578000.0,4055040000.0,,,159761000.0,667066000.0,,,40452000.0,6614000.0,2142580000.0,1888504000.0,-79613000.0,1912460000.0,4055040000.0,125187000.0,63501000.0,-32020000.0,-2195000.0,,,,,4939000.0,,700338000.0,,,,,0.0,85681000.0,,,-144317000.0,,,-560850000.0,-2465000.0,157015000.0
,,,,,,,,,,,,,,,,,,,,,,,,,,,,,,,,,,,,,,,,,,,,,,,,,,,,,,,,,,,,,,,,,,,
,,,,,,,,,,,,,,,,,,,,,,,,,,,,,,,,,,,,,,,,,,,,,,,,,,,,,,,,,,,,,,,,,,,
,,,,,,,,,,,,,,,,,,,,,,,,,,,,,,,,,,,,,,,,,,,,,,,,,,,,,,,,,,,,,,,,,,,
,,,,,,,,,,,,,,,,,,,,,,,,,,,,,,,,,,,,,,,,,,,,,,,,,,,,,,,,,,,,,,,,,,,
