Date,Net sales,Cost of sales,Gross margin,Research and development,"Selling, general and administrative",Total operating expenses,Operating income,"Other income/(expense), net",Income before provision for income taxes,Provision for income taxes,Net income,Earnings per share basic,Earnings per share diluted,Weighted-average basic,Weighted-average diluted,Cash and cash equivalents,Short-term marketable securities,"Accounts receivable, net",Inventories,Deferred tax assets,Vendor non-trade receivables,Other current assets,Total current assets,Long-term marketable securities,"Property, Plant and Equipment, Net",Goodwill,"Acquired intangible assets, net","Other Assets, Noncurrent",Total assets,accounts payable,Accrued expenses,Deferred revenue,Total current liabilities,Deferred revenue - non-current,deferred tax liabilities,long term taxes payable,Total other non-current liabilities,Total liabilities,Retained Earnings (Accumulated Deficit),Accumulated other comprehensive (loss)/income,Total shareholders equity,Total liabilities and shareholders' equity,"Depreciation, amortization and accretion",Stock-based compensation expense,Deferred income tax expense,"Increase (Decrease) in Accounts receivable, net",Increase (Decrease) in Inventories,Increase (Decrease) in Other Receivables,Increase (Decrease) in Other Operating Assets,Increase (Decrease) in Accounts Payable,Increase (Decrease) in Deferred Revenue,Increase (Decrease) Other liabilities,Cash generated by operating activities,Purchases of marketable securities,Proceeds from maturities of marketable securities,Proceeds from sales of marketable securities,Purchases of other long-term investments,"Business acquisitions, net of cash acquired",Cash payments for capital asset purchases,Payments for acquisition of intangible assets,Payments for (Proceeds from) Other Investing Activities,Cash used in investing activities,Proceeds from issuance of common stock,Excess tax benefits from stock-based compensation,Cash generated/used in financing activities,Increase/(decrease) in cash and cash equivalents,"Cash paid for income taxes, net"
2010-02-28,25306000000.0,,,,,,1302000000.0,-80000000.0,1222000000.0,457000000.0,765000000.0,2.44,2.43,,,1549000000.0,,,,517000000.0,,,6683000000.0,,14003000000.0,2229000000.0,,4190000000.0,24876000000.0,1489000000.0,1641000000.0,,4372000000.0,,1384000000.0,,150000000.0,,13546000000.0,-1362000000.0,14380000000.0,24876000000.0,,80000000.0,,-645000000.0,,,238000000.0,,,,1908000000.0,,,,,,1981000000.0,,,-1950000000.0,,9000000.0,-706000000.0,-743000000.0,
2010-05-31,34734000000.0,,,,,,1998000000.0,-104000000.0,1894000000.0,710000000.0,1184000000.0,3.78,3.76,,,1952000000.0,,,,529000000.0,,,7284000000.0,,14385000000.0,2200000000.0,,1033000000.0,24902000000.0,1522000000.0,1715000000.0,,4645000000.0,,891000000.0,,151000000.0,,13966000000.0,-2440000000.0,13811000000.0,24902000000.0,,101000000.0,,-906000000.0,,,276000000.0,,,,3138000000.0,,,,,,2816000000.0,,,-2781000000.0,,25000000.0,-692000000.0,-340000000.0,
2010-11-30,19089000000.0,,,,,,1097000000.0,-57000000.0,1040000000.0,377000000.0,663000000.0,2.11,2.09,314000000.0,316000000.0,1877000000.0,,,,540000000.0,,,7398000000.0,,15266000000.0,2224000000.0,,1205000000.0,26093000000.0,1561000000.0,1820000000.0,,4863000000.0,,976000000.0,,156000000.0,,14515000000.0,-2316000000.0,14561000000.0,26093000000.0,981000000.0,56000000.0,,-79000000.0,,,-53000000.0,,,,2011000000.0,,,,,,2059000000.0,,,-2052000000.0,,4000000.0,-59000000.0,-75000000.0,329000000.0
2011-02-28,28752000000.0,,,,,,1490000000.0,-90000000.0,1400000000.0,506000000.0,894000000.0,2.84,2.82,315000000.0,317000000.0,1359000000.0,,,,540000000.0,,,7238000000.0,,15328000000.0,2321000000.0,,1315000000.0,26202000000.0,1590000000.0,1823000000.0,,4574000000.0,,1328000000.0,,158000000.0,,14709000000.0,-2256000000.0,14880000000.0,26202000000.0,1474000000.0,78000000.0,,-284000000.0,,,-212000000.0,,,,2457000000.0,,,,,96000000.0,2703000000.0,,,-2784000000.0,,11000000.0,-300000000.0,-593000000.0,401000000.0
2011-05-31,39304000000.0,,,,,,2378000000.0,-113000000.0,2265000000.0,813000000.0,1452000000.0,4.61,4.57,315000000.0,317000000.0,2328000000.0,,,,-726000000.0,,,8285000000.0,,15543000000.0,2326000000.0,,1231000000.0,27385000000.0,1702000000.0,1894000000.0,,4882000000.0,,1336000000.0,,154000000.0,,15266000000.0,-2550000000.0,15220000000.0,27385000000.0,1973000000.0,98000000.0,488000000.0,-400000000.0,,,-114000000.0,,,,4041000000.0,,,,,96000000.0,3434000000.0,,,-3419000000.0,,23000000.0,-287000000.0,376000000.0,387000000.0
2011-08-31,10521000000.0,,,,,,737000000.0,-13000000.0,724000000.0,260000000.0,464000000.0,1.46,1.46,316000000.0,318000000.0,1959000000.0,,,,610000000.0,,,7963000000.0,,15820000000.0,2435000000.0,,1620000000.0,27838000000.0,1563000000.0,1872000000.0,,4981000000.0,,1441000000.0,,184000000.0,,15648000000.0,-2501000000.0,15714000000.0,27838000000.0,509000000.0,37000000.0,,-41000000.0,,,1000000.0,,,,860000000.0,,,,,111000000.0,1110000000.0,,,-1216000000.0,,4000000.0,-26000000.0,-369000000.0,65000000.0
2011-11-30,21108000000.0,,,,,,1517000000.0,-16000000.0,1501000000.0,540000000.0,961000000.0,3.04,3.02,316000000.0,317000000.0,1896000000.0,,,,628000000.0,,,8168000000.0,,16709000000.0,2399000000.0,,1176000000.0,28452000000.0,1646000000.0,1916000000.0,,5380000000.0,,1555000000.0,,176000000.0,,16103000000.0,-2581000000.0,15917000000.0,28452000000.0,1027000000.0,60000000.0,,-291000000.0,,,-44000000.0,,,,2168000000.0,,,,,114000000.0,2217000000.0,,,-2316000000.0,,5000000.0,-260000000.0,-432000000.0,270000000.0
2012-02-29,31672000000.0,,,,,,2330000000.0,-37000000.0,2293000000.0,811000000.0,1482000000.0,4.69,4.67,315000000.0,317000000.0,2040000000.0,,,,617000000.0,,,8198000000.0,,16843000000.0,2419000000.0,,1292000000.0,28752000000.0,1687000000.0,1602000000.0,,5152000000.0,,2030000000.0,,142000000.0,,16584000000.0,-2483000000.0,16569000000.0,28752000000.0,1570000000.0,83000000.0,,-87000000.0,,,-153000000.0,,,,3017000000.0,,,,,114000000.0,2946000000.0,,,-3040000000.0,,7000000.0,-258000000.0,-288000000.0,296000000.0
2012-05-31,42680000000.0,,,,,,3186000000.0,-45000000.0,3141000000.0,1109000000.0,2032000000.0,6.44,6.41,315000000.0,317000000.0,2843000000.0,,,,-303000000.0,,,9056000000.0,,17248000000.0,2387000000.0,,1212000000.0,29903000000.0,1613000000.0,1709000000.0,,5374000000.0,,836000000.0,,136000000.0,,17134000000.0,-4953000000.0,14727000000.0,29903000000.0,2113000000.0,105000000.0,968000000.0,-254000000.0,,,-231000000.0,,,,4835000000.0,,,,,116000000.0,4007000000.0,,,-4049000000.0,,18000000.0,-244000000.0,515000000.0,257000000.0
2012-08-31,10792000000.0,,,,,10050000000.0,742000000.0,-15000000.0,727000000.0,268000000.0,459000000.0,1.46,1.45,315000000.0,316000000.0,2743000000.0,,,,518000000.0,,,8877000000.0,,17866000000.0,2734000000.0,,1214000000.0,30691000000.0,1643000000.0,1892000000.0,,4809000000.0,,879000000.0,,147000000.0,,17505000000.0,-4847000000.0,15024000000.0,30691000000.0,573000000.0,40000000.0,,3000000.0,,,147000000.0,,,,903000000.0,,,,,483000000.0,972000000.0,,,-1443000000.0,,4000000.0,425000000.0,-100000000.0,-130000000.0
2012-11-30,21899000000.0,,,,,20439000000.0,1460000000.0,-41000000.0,1419000000.0,522000000.0,897000000.0,2.85,2.84,314000000.0,316000000.0,2517000000.0,,,,510000000.0,,,9159000000.0,,18349000000.0,2757000000.0,,1047000000.0,31312000000.0,1730000000.0,1800000000.0,,4828000000.0,,973000000.0,,146000000.0,,17899000000.0,-4770000000.0,15543000000.0,31312000000.0,1165000000.0,64000000.0,,-503000000.0,,,94000000.0,,,,1718000000.0,,,,,483000000.0,1888000000.0,,,-2351000000.0,,6000000.0,290000000.0,-326000000.0,352000000.0
2013-02-28,32852000000.0,,,,,30803000000.0,2049000000.0,-66000000.0,1983000000.0,725000000.0,1258000000.0,3.99,3.97,315000000.0,317000000.0,3372000000.0,,,,510000000.0,,,9745000000.0,,18328000000.0,2765000000.0,,992000000.0,31830000000.0,1730000000.0,1723000000.0,,5099000000.0,,1139000000.0,,139000000.0,,18216000000.0,-4710000000.0,16112000000.0,31830000000.0,1764000000.0,87000000.0,,-280000000.0,,,113000000.0,,,,2976000000.0,,,,,483000000.0,2430000000.0,,,-2868000000.0,,9000000.0,417000000.0,529000000.0,408000000.0
2013-05-31,44287000000.0,,,,,41736000000.0,2551000000.0,-96000000.0,2455000000.0,894000000.0,1561000000.0,4.95,4.91,315000000.0,317000000.0,4917000000.0,,,,-1119000000.0,,,11274000000.0,,18484000000.0,2755000000.0,,1054000000.0,33567000000.0,1879000000.0,1932000000.0,,5750000000.0,,1652000000.0,,120000000.0,,18519000000.0,-3820000000.0,17398000000.0,33567000000.0,2386000000.0,109000000.0,126000000.0,-451000000.0,,,257000000.0,,,,4688000000.0,,,,,483000000.0,3375000000.0,,,-3803000000.0,,23000000.0,1184000000.0,2074000000.0,468000000.0
2013-08-31,11024000000.0,,,,,10229000000.0,795000000.0,-29000000.0,766000000.0,277000000.0,489000000.0,1.54,1.53,316000000.0,319000000.0,5096000000.0,,,,604000000.0,,,11493000000.0,,18437000000.0,2712000000.0,,1031000000.0,33673000000.0,1879000000.0,2024000000.0,,5523000000.0,,1820000000.0,,109000000.0,,18913000000.0,-3857000000.0,17655000000.0,33673000000.0,639000000.0,45000000.0,,10000000.0,,,-31000000.0,,,,929000000.0,,,,,,572000000.0,,,-562000000.0,,14000000.0,-181000000.0,179000000.0,104000000.0
2013-11-30,22427000000.0,,,,,20805000000.0,1622000000.0,-64000000.0,1558000000.0,569000000.0,989000000.0,3.13,3.1,316000000.0,319000000.0,3935000000.0,,,,655000000.0,,,10866000000.0,,19120000000.0,2737000000.0,,819000000.0,33542000000.0,1868000000.0,1884000000.0,,5406000000.0,,1945000000.0,,109000000.0,,19366000000.0,-3769000000.0,17533000000.0,33542000000.0,1286000000.0,71000000.0,,-385000000.0,,,-126000000.0,,,,1609000000.0,,,,,,1690000000.0,,,-1671000000.0,,20000000.0,-917000000.0,-982000000.0,590000000.0
2014-02-28,33728000000.0,,,,,31465000000.0,2263000000.0,-111000000.0,2152000000.0,785000000.0,1367000000.0,4.38,4.34,312000000.0,315000000.0,3042000000.0,,,,624000000.0,,,9781000000.0,,19285000000.0,2739000000.0,,924000000.0,32729000000.0,1903000000.0,1831000000.0,,5019000000.0,,2083000000.0,,102000000.0,,19699000000.0,-3754000000.0,15227000000.0,32729000000.0,1938000000.0,94000000.0,,-242000000.0,,,-150000000.0,,,,2578000000.0,,,,,,2554000000.0,,,-2531000000.0,,27000000.0,-1912000000.0,-1875000000.0,666000000.0
2014-05-31,45567000000.0,,,,,42121000000.0,3446000000.0,-157000000.0,3289000000.0,1192000000.0,2097000000.0,6.82,6.75,307000000.0,310000000.0,2908000000.0,,,,-1512000000.0,,,9683000000.0,,19550000000.0,2790000000.0,,1047000000.0,33070000000.0,1971000000.0,2063000000.0,,5312000000.0,,2114000000.0,,145000000.0,,20429000000.0,-3694000000.0,15277000000.0,33070000000.0,2587000000.0,117000000.0,318000000.0,-516000000.0,,,-22000000.0,,,,4264000000.0,,,,,36000000.0,3533000000.0,,,-3551000000.0,,44000000.0,-2719000000.0,-2009000000.0,766000000.0
2014-08-31,11684000000.0,,,,,10697000000.0,987000000.0,-50000000.0,937000000.0,331000000.0,606000000.0,2.13,2.1,285000000.0,289000000.0,2416000000.0,,,,497000000.0,,,9250000000.0,,19424000000.0,2775000000.0,,1138000000.0,32587000000.0,1973000000.0,2076000000.0,,5153000000.0,,2107000000.0,,163000000.0,,20921000000.0,-3694000000.0,15121000000.0,32587000000.0,651000000.0,48000000.0,,-86000000.0,,,-30000000.0,,,,982000000.0,,,,,,720000000.0,,,-716000000.0,,10000000.0,-741000000.0,-492000000.0,188000000.0
2014-11-30,23623000000.0,,,,,21623000000.0,2000000000.0,-92000000.0,1908000000.0,686000000.0,1222000000.0,4.3,4.24,284000000.0,288000000.0,2266000000.0,,,,497000000.0,,,9212000000.0,,19893000000.0,2734000000.0,,1145000000.0,32984000000.0,1968000000.0,1986000000.0,,5173000000.0,,2104000000.0,,176000000.0,,21480000000.0,-3787000000.0,15563000000.0,32984000000.0,1302000000.0,79000000.0,,-317000000.0,,,-46000000.0,,,,2151000000.0,,,,,,1890000000.0,,,-1883000000.0,,23000000.0,-850000000.0,-642000000.0,755000000.0
2015-02-28,35339000000.0,,,,,32377000000.0,2962000000.0,-145000000.0,2817000000.0,1015000000.0,1802000000.0,6.34,6.25,284000000.0,288000000.0,3478000000.0,,,,510000000.0,,,10482000000.0,,20425000000.0,3805000000.0,,1396000000.0,36108000000.0,2050000000.0,1962000000.0,,5243000000.0,,2497000000.0,,193000000.0,,21880000000.0,-3909000000.0,16012000000.0,36108000000.0,1954000000.0,106000000.0,,-200000000.0,,,-38000000.0,,,,3473000000.0,,,,,1429000000.0,2969000000.0,,,-4382000000.0,,31000000.0,1583000000.0,570000000.0,852000000.0
2015-05-31,47453000000.0,,,,,45586000000.0,1867000000.0,-240000000.0,1627000000.0,577000000.0,1050000000.0,3.7,3.65,283000000.0,287000000.0,3763000000.0,,,,-991000000.0,,,10941000000.0,,20875000000.0,3810000000.0,,1443000000.0,37069000000.0,2066000000.0,2436000000.0,,5957000000.0,,1747000000.0,,218000000.0,,16900000000.0,172000000.0,14993000000.0,37069000000.0,2611000000.0,133000000.0,-534000000.0,-392000000.0,,,25000000.0,,,,5366000000.0,,,,,1429000000.0,4347000000.0,,,-5752000000.0,,51000000.0,1349000000.0,855000000.0,1113000000.0
2015-08-31,12279000000.0,,,,,11135000000.0,1144000000.0,-60000000.0,1084000000.0,392000000.0,692000000.0,2.45,2.42,282000000.0,286000000.0,3543000000.0,,,,606000000.0,,,10703000000.0,,21483000000.0,3792000000.0,,1267000000.0,37245000000.0,2049000000.0,2426000000.0,,5844000000.0,,1781000000.0,,161000000.0,,17434000000.0,10000000.0,15283000000.0,37245000000.0,648000000.0,53000000.0,,50000000.0,,,-89000000.0,,,,1241000000.0,,,,,,1209000000.0,,,-1199000000.0,,6000000.0,-224000000.0,-220000000.0,113000000.0
2015-11-30,24732000000.0,,,,,22451000000.0,2281000000.0,-142000000.0,2139000000.0,756000000.0,1383000000.0,4.92,4.86,281000000.0,284000000.0,3647000000.0,,,,687000000.0,,,11152000000.0,,22278000000.0,3806000000.0,,1135000000.0,38371000000.0,2129000000.0,2298000000.0,,5951000000.0,,1759000000.0,,216000000.0,,18048000000.0,-41000000.0,14990000000.0,38371000000.0,1301000000.0,86000000.0,,-263000000.0,,,-113000000.0,,,,2454000000.0,,,,,,2562000000.0,,,-2550000000.0,,8000000.0,33000000.0,-116000000.0,828000000.0
2016-02-29,37386000000.0,,,,,34241000000.0,3145000000.0,-224000000.0,2921000000.0,1031000000.0,1890000000.0,6.79,6.71,278000000.0,281000000.0,2841000000.0,,,,608000000.0,,,10237000000.0,,22552000000.0,3764000000.0,,1266000000.0,37819000000.0,2024000000.0,2453000000.0,,5939000000.0,,2046000000.0,,236000000.0,,18481000000.0,-159000000.0,14327000000.0,37819000000.0,1964000000.0,115000000.0,,-78000000.0,,,-322000000.0,,,,3796000000.0,,,,,,3562000000.0,,,-3579000000.0,,9000000.0,-1061000000.0,-922000000.0,916000000.0
2016-05-31,50365000000.0,,,,,47288000000.0,3077000000.0,-337000000.0,2740000000.0,920000000.0,1820000000.0,6.59,6.51,276000000.0,279000000.0,3534000000.0,,,,3978000000.0,,,11989000000.0,,24284000000.0,6747000000.0,,3044000000.0,46064000000.0,2944000000.0,3063000000.0,,8008000000.0,,1132000000.0,,771000000.0,,18371000000.0,-169000000.0,13784000000.0,46064000000.0,2631000000.0,144000000.0,135000000.0,-199000000.0,,,-234000000.0,,,,5708000000.0,,,,,4618000000.0,4818000000.0,,,-9446000000.0,,3000000.0,3611000000.0,-229000000.0,991000000.0
2016-08-31,14663000000.0,,,,,13399000000.0,1264000000.0,-122000000.0,1142000000.0,427000000.0,715000000.0,2.69,2.65,265000000.0,269000000.0,2989000000.0,,,,,,,11401000000.0,,24804000000.0,6783000000.0,,2587000000.0,45575000000.0,2851000000.0,2973000000.0,,7474000000.0,,1762000000.0,,454000000.0,,18862000000.0,-176000000.0,14142000000.0,45575000000.0,739000000.0,57000000.0,,20000000.0,,,-4000000.0,,,,971000000.0,,,,,,1215000000.0,,,-1206000000.0,,2000000.0,-313000000.0,-545000000.0,72000000.0
2016-11-30,29594000000.0,,,,,27163000000.0,2431000000.0,-211000000.0,2220000000.0,805000000.0,1415000000.0,5.32,5.24,266000000.0,270000000.0,3059000000.0,,,,,,,12052000000.0,,25307000000.0,6921000000.0,,2068000000.0,46348000000.0,2954000000.0,3045000000.0,,7807000000.0,,2148000000.0,,423000000.0,,19410000000.0,-425000000.0,14531000000.0,46348000000.0,1479000000.0,93000000.0,,-513000000.0,,,-250000000.0,,,,2635000000.0,,,,,,2681000000.0,,,-2581000000.0,,,-431000000.0,-475000000.0,203000000.0
2017-02-28,44591000000.0,,,,,41135000000.0,3456000000.0,-337000000.0,3119000000.0,1142000000.0,1977000000.0,7.43,7.31,266000000.0,271000000.0,3173000000.0,,,,,,,11938000000.0,,25613000000.0,7000000000.0,,2230000000.0,46781000000.0,2707000000.0,3008000000.0,,7450000000.0,,2299000000.0,,491000000.0,,19830000000.0,-334000000.0,15184000000.0,46781000000.0,2241000000.0,123000000.0,,340000000.0,,,235000000.0,,,,2645000000.0,,,,,,3790000000.0,,,-3667000000.0,,,731000000.0,-361000000.0,278000000.0
2017-05-31,60319000000.0,,,,,55282000000.0,5037000000.0,-458000000.0,4579000000.0,1582000000.0,2997000000.0,11.24,11.07,266000000.0,270000000.0,3969000000.0,,,,3843000000.0,,,12628000000.0,,25981000000.0,7154000000.0,,2789000000.0,48552000000.0,2752000000.0,3230000000.0,,7918000000.0,,1810000000.0,,518000000.0,,20833000000.0,-415000000.0,16073000000.0,48552000000.0,2995000000.0,154000000.0,940000000.0,556000000.0,,,-78000000.0,,,,4930000000.0,,,,,,5116000000.0,,,-4981000000.0,,,528000000.0,435000000.0,377000000.0
2017-08-31,15297000000.0,,,,,14180000000.0,1117000000.0,-135000000.0,982000000.0,386000000.0,596000000.0,2.22,2.19,268000000.0,272000000.0,3503000000.0,,,,,,,12722000000.0,,26235000000.0,7382000000.0,,3011000000.0,49350000000.0,2938000000.0,3177000000.0,,7790000000.0,,,,458000000.0,,21156000000.0,-325000000.0,16618000000.0,49350000000.0,751000000.0,62000000.0,,271000000.0,,,142000000.0,,,,590000000.0,,,,,,1044000000.0,,,-1038000000.0,,,-88000000.0,-466000000.0,86000000.0
2017-11-30,31610000000.0,,,,,29231000000.0,2379000000.0,-258000000.0,2121000000.0,750000000.0,1371000000.0,5.12,5.03,268000000.0,272000000.0,2768000000.0,,,,,,,12881000000.0,,27290000000.0,7325000000.0,,2785000000.0,50281000000.0,3147000000.0,2907000000.0,,8227000000.0,,,,457000000.0,,21785000000.0,-434000000.0,17055000000.0,50281000000.0,1507000000.0,103000000.0,,983000000.0,,,338000000.0,,,,1498000000.0,,,,,44000000.0,2621000000.0,,,-2653000000.0,,,-108000000.0,-1201000000.0,598000000.0
2018-02-28,48136000000.0,,,,,44756000000.0,3380000000.0,-385000000.0,2995000000.0,-1200000000.0,3445000000.0,12.85,12.63,268000000.0,273000000.0,2789000000.0,,,,,,,13575000000.0,,27697000000.0,7464000000.0,,3115000000.0,51851000000.0,3102000000.0,2893000000.0,,9503000000.0,,,,484000000.0,,23710000000.0,-357000000.0,18894000000.0,51851000000.0,2293000000.0,135000000.0,,986000000.0,,,151000000.0,,,,1162000000.0,,,,,44000000.0,3994000000.0,,,-4017000000.0,,,1577000000.0,-1180000000.0,648000000.0
2018-05-31,65450000000.0,,,,,60580000000.0,4870000000.0,-517000000.0,4353000000.0,-219000000.0,4572000000.0,17.08,16.79,267000000.0,272000000.0,3265000000.0,,,,2692000000.0,,,13341000000.0,,28154000000.0,6973000000.0,,3862000000.0,52330000000.0,2977000000.0,3131000000.0,,9627000000.0,,1604000000.0,,534000000.0,,24823000000.0,-578000000.0,19416000000.0,52330000000.0,3095000000.0,167000000.0,-183000000.0,1049000000.0,,,135000000.0,,,,4674000000.0,,,,,179000000.0,5663000000.0,,,-5677000000.0,,,227000000.0,-704000000.0,189000000.0
2018-08-31,17052000000.0,3967000000.0,,,,15981000000.0,1071000000.0,30000000.0,1101000000.0,266000000.0,835000000.0,3.15,3.1,265000000.0,269000000.0,2369000000.0,,,,,,,12641000000.0,,28779000000.0,6869000000.0,,3612000000.0,51901000000.0,3066000000.0,3151000000.0,15000000.0,9606000000.0,,,,448000000.0,,25315000000.0,-763000000.0,19173000000.0,51901000000.0,808000000.0,68000000.0,,380000000.0,,,120000000.0,,,,701000000.0,,,,,,1179000000.0,,,-1101000000.0,,,-472000000.0,-896000000.0,90000000.0
2018-11-30,34876000000.0,8313000000.0,,,,32637000000.0,2239000000.0,39000000.0,2278000000.0,508000000.0,1770000000.0,6.71,6.6,263000000.0,268000000.0,2123000000.0,,,,,,,13438000000.0,,29387000000.0,6908000000.0,,3556000000.0,53289000000.0,3400000000.0,3354000000.0,9000000.0,9496000000.0,,,,526000000.0,,26080000000.0,-817000000.0,19294000000.0,53289000000.0,1636000000.0,108000000.0,,1343000000.0,,,111000000.0,,,,2179000000.0,,,,,,2634000000.0,,,-2581000000.0,,,-702000000.0,-1142000000.0,214000000.0
2019-02-28,51886000000.0,12566000000.0,,,,48736000000.0,3150000000.0,59000000.0,3209000000.0,700000000.0,2509000000.0,9.55,9.41,262000000.0,266000000.0,2872000000.0,,,,,,,13500000000.0,,29768000000.0,6916000000.0,,4280000000.0,54464000000.0,3156000000.0,3243000000.0,9000000.0,9256000000.0,,,,547000000.0,,26650000000.0,-737000000.0,19894000000.0,54464000000.0,2487000000.0,141000000.0,,780000000.0,,,96000000.0,,,,3323000000.0,,,,,,3757000000.0,,,-3695000000.0,,,-7000000.0,-393000000.0,312000000.0
2019-05-31,69693000000.0,16654000000.0,,,,65227000000.0,4466000000.0,-3811000000.0,655000000.0,115000000.0,540000000.0,2.06,2.03,262000000.0,265000000.0,2319000000.0,,,,3492000000.0,,,13086000000.0,,30429000000.0,6884000000.0,,4004000000.0,54403000000.0,3030000000.0,3278000000.0,11000000.0,9013000000.0,,1481000000.0,,571000000.0,,24648000000.0,-865000000.0,17757000000.0,54403000000.0,3353000000.0,174000000.0,-85000000.0,873000000.0,,,25000000.0,,,,5613000000.0,,,,,66000000.0,5490000000.0,,,-5473000000.0,,,-1039000000.0,-946000000.0,371000000.0
2019-08-31,17048000000.0,4028000000.0,,,,16071000000.0,977000000.0,19000000.0,996000000.0,251000000.0,745000000.0,2.86,2.84,260000000.0,262000000.0,2389000000.0,,,,,,,13017000000.0,,31610000000.0,6821000000.0,,3185000000.0,68452000000.0,3179000000.0,3303000000.0,10000000.0,9935000000.0,,,,479000000.0,,25048000000.0,-918000000.0,18166000000.0,68452000000.0,879000000.0,67000000.0,,267000000.0,,,118000000.0,,,,565000000.0,,,,,,1418000000.0,,,-1419000000.0,,,942000000.0,70000000.0,43000000.0
2019-11-30,34372000000.0,,,,,32841000000.0,1531000000.0,37000000.0,1568000000.0,263000000.0,1305000000.0,5.0,4.97,261000000.0,262000000.0,2031000000.0,,,,,,,13198000000.0,,32408000000.0,6861000000.0,,3390000000.0,69954000000.0,3283000000.0,3538000000.0,10000000.0,10547000000.0,,,,476000000.0,,25431000000.0,-866000000.0,18659000000.0,69954000000.0,1780000000.0,104000000.0,,684000000.0,,,162000000.0,,,,2074000000.0,,,,,,3266000000.0,,,-3262000000.0,,,901000000.0,-288000000.0,139000000.0
2020-02-29,51859000000.0,,,,,49917000000.0,1942000000.0,46000000.0,1988000000.0,368000000.0,1620000000.0,6.21,6.17,261000000.0,262000000.0,1766000000.0,,,,,,,12541000000.0,,33306000000.0,6814000000.0,,3372000000.0,70014000000.0,3193000000.0,3423000000.0,10000000.0,10325000000.0,,,,454000000.0,,25569000000.0,-887000000.0,18831000000.0,70014000000.0,2688000000.0,137000000.0,,504000000.0,,,149000000.0,,,,3278000000.0,,,,,,4705000000.0,,,-4690000000.0,,,867000000.0,-553000000.0,
2020-05-31,69217000000.0,,,,,66800000000.0,2417000000.0,-748000000.0,1669000000.0,383000000.0,1286000000.0,4.92,4.9,261000000.0,262000000.0,4881000000.0,,,,7305000000.0,,,16383000000.0,,33608000000.0,6372000000.0,,3257000000.0,73537000000.0,3269000000.0,3532000000.0,10000000.0,10344000000.0,,,,466000000.0,,25216000000.0,-1147000000.0,18295000000.0,73537000000.0,3615000000.0,168000000.0,348000000.0,1331000000.0,,,59000000.0,,,,5097000000.0,,,,,,5868000000.0,,,-5846000000.0,,,3381000000.0,2562000000.0,36000000.0
2020-08-31,19321000000.0,,,,,17731000000.0,1590000000.0,16000000.0,1606000000.0,361000000.0,1245000000.0,4.75,4.72,262000000.0,263000000.0,6954000000.0,,,,,,,18903000000.0,,34262000000.0,6633000000.0,,3354000000.0,77648000000.0,3339000000.0,3989000000.0,9000000.0,11195000000.0,,,,719000000.0,,26108000000.0,-1020000000.0,19462000000.0,77648000000.0,926000000.0,75000000.0,,387000000.0,,,30000000.0,,,,2651000000.0,,,,,,1424000000.0,,,-1418000000.0,,,825000000.0,2073000000.0,123000000.0
2020-11-30,39884000000.0,,,,,36829000000.0,3055000000.0,-59000000.0,3012000000.0,541000000.0,2471000000.0,9.4,9.26,264000000.0,269000000.0,8339000000.0,,,,,,,21265000000.0,,34610000000.0,6702000000.0,,3734000000.0,81156000000.0,3733000000.0,4003000000.0,9000000.0,12115000000.0,,,,963000000.0,,27208000000.0,-898000000.0,21039000000.0,81156000000.0,1862000000.0,121000000.0,,1100000000.0,,,56000000.0,,,,5230000000.0,,,,,,2826000000.0,,,-2812000000.0,,,973000000.0,3458000000.0,504000000.0
2021-02-28,61394000000.0,,,,,57334000000.0,4060000000.0,44000000.0,4061000000.0,698000000.0,3363000000.0,12.75,12.55,265000000.0,270000000.0,8856000000.0,,,,,,,21710000000.0,,34990000000.0,6977000000.0,,4152000000.0,82793000000.0,3990000000.0,4476000000.0,9000000.0,13566000000.0,,,,809000000.0,,27924000000.0,-764000000.0,21981000000.0,82793000000.0,2818000000.0,161000000.0,,1187000000.0,,,165000000.0,,,,7392000000.0,,,,,225000000.0,4202000000.0,,,-4339000000.0,,,821000000.0,3975000000.0,892000000.0
2021-05-31,83959000000.0,,,,,78102000000.0,5857000000.0,817000000.0,6674000000.0,1443000000.0,5231000000.0,19.79,19.45,264000000.0,268000000.0,7087000000.0,,,,7274000000.0,,,20580000000.0,,35752000000.0,6992000000.0,,4070000000.0,82777000000.0,3841000000.0,4562000000.0,9000000.0,13660000000.0,,,,983000000.0,,29817000000.0,-732000000.0,24168000000.0,82777000000.0,3800000000.0,200000000.0,802000000.0,1389000000.0,,,40000000.0,,,,10135000000.0,,,,,228000000.0,5884000000.0,,,-6010000000.0,,,-2090000000.0,2206000000.0,1319000000.0
2021-08-31,22003000000.0,,,,,20605000000.0,1398000000.0,59000000.0,1457000000.0,345000000.0,1112000000.0,4.17,4.09,266000000.0,271000000.0,6853000000.0,,,,,,,19546000000.0,,36481000000.0,6843000000.0,,3764000000.0,82048000000.0,3822000000.0,4500000000.0,11000000.0,12910000000.0,,,,977000000.0,,30462000000.0,-881000000.0,24321000000.0,82048000000.0,971000000.0,69000000.0,,-726000000.0,,,171000000.0,,,,2084000000.0,,,,,,1570000000.0,,,-1550000000.0,,,-730000000.0,-234000000.0,76000000.0
2021-11-30,45477000000.0,,,,,42482000000.0,2995000000.0,-217000000.0,2837000000.0,681000000.0,2156000000.0,8.11,7.97,265000000.0,270000000.0,6833000000.0,,,,,,,20747000000.0,,37153000000.0,6702000000.0,,3627000000.0,84247000000.0,4190000000.0,4669000000.0,9000000.0,13884000000.0,,,,973000000.0,,31307000000.0,-977000000.0,24940000000.0,84247000000.0,1966000000.0,112000000.0,,519000000.0,,,236000000.0,,,,4082000000.0,,,,,,3143000000.0,,,-3112000000.0,,,-1109000000.0,-254000000.0,297000000.0
2022-02-28,69118000000.0,,,,,64797000000.0,4321000000.0,-109000000.0,4212000000.0,944000000.0,3268000000.0,12.36,12.17,264000000.0,268000000.0,6065000000.0,,,,,,,19466000000.0,,37376000000.0,6755000000.0,,3906000000.0,84108000000.0,4187000000.0,4803000000.0,8000000.0,13990000000.0,,,,721000000.0,,32225000000.0,-887000000.0,24526000000.0,84108000000.0,2952000000.0,151000000.0,,66000000.0,,,235000000.0,,,,6330000000.0,,,,,,4379000000.0,,,-4453000000.0,,,-2808000000.0,-1022000000.0,448000000.0
2022-05-31,93512000000.0,,,,,87267000000.0,6245000000.0,-1349000000.0,4896000000.0,1070000000.0,3826000000.0,14.54,14.33,263000000.0,266000000.0,6897000000.0,,,,7788000000.0,,,20365000000.0,,38091000000.0,6544000000.0,,4381000000.0,85994000000.0,4030000000.0,5188000000.0,8000000.0,14274000000.0,,,,682000000.0,,32782000000.0,-1103000000.0,24939000000.0,85994000000.0,4000000000.0,190000000.0,322000000.0,310000000.0,,,158000000.0,,,,9832000000.0,,,,,,6763000000.0,,,-6816000000.0,,,-3019000000.0,-190000000.0,177000000.0
2022-08-31,23242000000.0,,,,,22051000000.0,1191000000.0,-37000000.0,1154000000.0,279000000.0,875000000.0,3.37,3.33,259000000.0,262000000.0,6850000000.0,,,,,,,19606000000.0,,38806000000.0,6316000000.0,,3879000000.0,85826000000.0,4167000000.0,4726000000.0,14000000.0,13765000000.0,,,,654000000.0,,33060000000.0,-1314000000.0,25140000000.0,85826000000.0,1024000000.0,68000000.0,,-259000000.0,,,170000000.0,,,,1607000000.0,,,,,,1284000000.0,,,-1309000000.0,,,-247000000.0,-47000000.0,103000000.0
2022-11-30,46056000000.0,,,,,43689000000.0,2367000000.0,-154000000.0,2213000000.0,550000000.0,1663000000.0,6.46,6.41,257000000.0,259000000.0,4646000000.0,,,,,,,18217000000.0,,39721000000.0,6377000000.0,,3903000000.0,85591000000.0,3989000000.0,4960000000.0,15000000.0,14039000000.0,,,,662000000.0,,33557000000.0,-1385000000.0,24115000000.0,85591000000.0,2070000000.0,108000000.0,,512000000.0,,,214000000.0,,,,3125000000.0,,,,,,3142000000.0,,,-3200000000.0,,,-2040000000.0,-2251000000.0,590000000.0
2023-02-28,68225000000.0,,,,,64816000000.0,3409000000.0,-174000000.0,3235000000.0,801000000.0,2434000000.0,9.52,9.46,255000000.0,257000000.0,5373000000.0,,,,,,,17944000000.0,,39849000000.0,6455000000.0,,4117000000.0,85775000000.0,3987000000.0,4734000000.0,15000000.0,13580000000.0,,,,674000000.0,,34040000000.0,-1308000000.0,24733000000.0,85775000000.0,3101000000.0,142000000.0,,-373000000.0,,,110000000.0,,,,5401000000.0,,,,,,4420000000.0,,,-4430000000.0,,,-2396000000.0,-1524000000.0,773000000.0
2023-05-31,90155000000.0,,,,,85243000000.0,4912000000.0,451000000.0,5363000000.0,1391000000.0,3972000000.0,15.6,15.48,254000000.0,256000000.0,6856000000.0,,,,7701000000.0,,,18610000000.0,,40698000000.0,6435000000.0,,4053000000.0,87143000000.0,3848000000.0,4747000000.0,19000000.0,13586000000.0,,,,695000000.0,,35259000000.0,-1327000000.0,26088000000.0,87143000000.0,4200000000.0,182000000.0,446000000.0,-782000000.0,,,-48000000.0,,,,8848000000.0,,,,,,6174000000.0,,,-6174000000.0,,,-2597000000.0,-41000000.0,1043000000.0
2023-08-31,21681000000.0,,,,,20196000000.0,1485000000.0,-62000000.0,1423000000.0,345000000.0,1078000000.0,4.28,4.23,251000000.0,254000000.0,7055000000.0,,,,,,,18887000000.0,,41174000000.0,6422000000.0,,3766000000.0,87576000000.0,3794000000.0,4919000000.0,21000000.0,13811000000.0,,,,694000000.0,,36021000000.0,-1356000000.0,26534000000.0,87576000000.0,1071000000.0,56000000.0,,126000000.0,,,131000000.0,,,,2230000000.0,,,,,,1290000000.0,,,-1280000000.0,,,-727000000.0,199000000.0,-7000000.0
2023-11-30,43846000000.0,,,,,41085000000.0,2761000000.0,-136000000.0,2625000000.0,647000000.0,1978000000.0,7.88,7.79,251000000.0,254000000.0,6729000000.0,,,,,,,19117000000.0,,41532000000.0,6468000000.0,,3691000000.0,88051000000.0,4002000000.0,4747000000.0,21000000.0,14248000000.0,,,,694000000.0,,36605000000.0,-1294000000.0,26766000000.0,88051000000.0,2111000000.0,96000000.0,,687000000.0,,,110000000.0,,,,4004000000.0,,,,,,2595000000.0,,,-2608000000.0,,,-1518000000.0,-127000000.0,761000000.0
2024-02-29,65584000000.0,,,,,61580000000.0,4004000000.0,-196000000.0,3808000000.0,951000000.0,2857000000.0,11.43,11.31,249000000.0,252000000.0,5644000000.0,,,,,,,17424000000.0,,41529000000.0,6425000000.0,,3801000000.0,86114000000.0,3780000000.0,4473000000.0,23000000.0,13308000000.0,,,,690000000.0,,37174000000.0,-1335000000.0,26375000000.0,86114000000.0,3183000000.0,130000000.0,,110000000.0,,,119000000.0,,,,5614000000.0,,,24000000.0,,,3974000000.0,,,-3966000000.0,,,-2834000000.0,-1212000000.0,1168000000.0
2024-05-31,87693000000.0,,,,,82134000000.0,5559000000.0,277000000.0,5836000000.0,1505000000.0,4331000000.0,17.41,17.21,248000000.0,251000000.0,6501000000.0,,,,7854000000.0,,,18207000000.0,,41491000000.0,6423000000.0,,3771000000.0,87007000000.0,3189000000.0,4962000000.0,23000000.0,13355000000.0,,,,689000000.0,,38649000000.0,-1359000000.0,27582000000.0,87007000000.0,4300000000.0,163000000.0,-162000000.0,270000000.0,,,43000000.0,,,,8312000000.0,,,,,,5176000000.0,,,-5200000000.0,,,-3426000000.0,-355000000.0,1433000000.0
2024-08-31,21579000000.0,,,,,20499000000.0,1080000000.0,-24000000.0,1056000000.0,262000000.0,794000000.0,3.24,3.21,244000000.0,247000000.0,5943000000.0,,,,,,,18094000000.0,,41255000000.0,6512000000.0,,3756000000.0,86711000000.0,3738000000.0,4905000000.0,20000000.0,14111000000.0,,,,693000000.0,,38767000000.0,-1332000000.0,27176000000.0,86711000000.0,1078000000.0,48000000.0,,305000000.0,,,223000000.0,,,,1187000000.0,,,,,,767000000.0,,,-802000000.0,,,-969000000.0,-558000000.0,63000000.0
