Date,Net sales,Cost of sales,Gross margin,Research and development,"Selling, general and administrative",Total operating expenses,Operating income,"Other income/(expense), net",Income before provision for income taxes,Provision for income taxes,Net income,Earnings per share basic,Earnings per share diluted,Weighted-average basic,Weighted-average diluted,Cash and cash equivalents,Short-term marketable securities,"Accounts receivable, net",Inventories,Deferred tax assets,Vendor non-trade receivables,Other current assets,Total current assets,Long-term marketable securities,"Property, Plant and Equipment, Net",Goodwill,"Acquired intangible assets, net","Other Assets, Noncurrent",Total assets,accounts payable,Accrued expenses,Deferred revenue,Total current liabilities,Deferred revenue - non-current,deferred tax liabilities,long term taxes payable,Total other non-current liabilities,Total liabilities,Retained Earnings (Accumulated Deficit),Accumulated other comprehensive (loss)/income,Total shareholders equity,Total liabilities and shareholders' equity,"Depreciation, amortization and accretion",Stock-based compensation expense,Deferred income tax expense,"Increase (Decrease) in Accounts receivable, net",Increase (Decrease) in Inventories,Increase (Decrease) in Other Receivables,Increase (Decrease) in Other Operating Assets,Increase (Decrease) in Accounts Payable,Increase (Decrease) in Deferred Revenue,Increase (Decrease) Other liabilities,Cash generated by operating activities,Purchases of marketable securities,Proceeds from maturities of marketable securities,Proceeds from sales of marketable securities,Purchases of other long-term investments,"Business acquisitions, net of cash acquired",Cash payments for capital asset purchases,Payments for acquisition of intangible assets,Payments for (Proceeds from) Other Investing Activities,Cash used in investing activities,Proceeds from issuance of common stock,Excess tax benefits from stock-based compensation,Cash generated/used in financing activities,Increase/(decrease) in cash and cash equivalents,"Cash paid for income taxes, net"
2010-06-30,627698000.0,125124000.0,502574000.0,86743000.0,,348875000.0,153699000.0,,161256000.0,58338000.0,102918000.0,1.3,1.27,79864000.0,81031000.0,143813000.0,,102829000.0,17747000.0,7868000.0,,30886000.0,560086000.0,,35991000.0,233526000.0,,17277000.0,1267273000.0,22657000.0,47990000.0,188661000.0,259308000.0,50977000.0,,,15386000.0,,441489000.0,-4595000.0,,1267273000.0,-17923000.0,-50991000.0,-10659000.0,-3350000.0,3927000.0,,10380000.0,,56507000.0,,227221000.0,,397702000.0,,,,10119000.0,,,-183515000.0,,16419000.0,-9243000.0,34463000.0,
2010-09-30,881972000.0,171952000.0,710020000.0,118314000.0,,480018000.0,230002000.0,,237627000.0,86474000.0,151153000.0,1.9,1.86,79609000.0,81049000.0,168754000.0,,112132000.0,18815000.0,8767000.0,,37745000.0,605955000.0,,34157000.0,234700000.0,,15751000.0,1362192000.0,21180000.0,61768000.0,204137000.0,287085000.0,55256000.0,,,16153000.0,,489724000.0,-3241000.0,,1362192000.0,-23833000.0,-70773000.0,-8243000.0,6365000.0,4996000.0,,17064000.0,,76263000.0,,313612000.0,,648875000.0,,,,12625000.0,,,-238223000.0,,26532000.0,-16798000.0,58591000.0,67120000.0
2010-12-31,268934000.0,48963000.0,219971000.0,32606000.0,,140115000.0,79856000.0,,82401000.0,26738000.0,55663000.0,0.69,0.68,80644000.0,81648000.0,168133000.0,,141986000.0,18184000.0,8657000.0,,30140000.0,684539000.0,,35520000.0,234700000.0,,15049000.0,1475837000.0,31254000.0,64096000.0,232516000.0,327866000.0,55271000.0,,,17601000.0,,545387000.0,-4482000.0,,1475837000.0,5250000.0,22940000.0,888000.0,30082000.0,-632000.0,,-7771000.0,,28393000.0,,103139000.0,,159850000.0,,,,5491000.0,,,-97179000.0,,10130000.0,-6026000.0,-66000.0,
2011-03-31,546506000.0,99636000.0,446870000.0,67113000.0,,283800000.0,163070000.0,,167183000.0,55945000.0,111238000.0,1.38,1.36,80809000.0,81670000.0,206215000.0,,142903000.0,18154000.0,8759000.0,,45767000.0,690839000.0,,37533000.0,234700000.0,,13923000.0,1538523000.0,30827000.0,63101000.0,248157000.0,342085000.0,65183000.0,,,18952000.0,,600962000.0,-4632000.0,,1538523000.0,10536000.0,44706000.0,-1080000.0,30757000.0,-661000.0,,7798000.0,,53945000.0,,194368000.0,,342207000.0,,,,11704000.0,80000.0,,-110699000.0,,16286000.0,-46022000.0,37647000.0,
2011-06-30,837219000.0,152084000.0,685135000.0,102358000.0,,433804000.0,251331000.0,,257333000.0,83546000.0,173787000.0,2.15,2.13,80866000.0,81655000.0,299804000.0,,154741000.0,17941000.0,9197000.0,,30015000.0,797228000.0,,42323000.0,234700000.0,,13147000.0,1597134000.0,34070000.0,59721000.0,255226000.0,349017000.0,66649000.0,,,16300000.0,,663511000.0,-3460000.0,,1597134000.0,15715000.0,67613000.0,-387000.0,43062000.0,-874000.0,,-8452000.0,,62481000.0,,295444000.0,,629766000.0,,,,20544000.0,80000.0,,-84076000.0,,20221000.0,-80174000.0,131194000.0,
2011-09-30,1151834000.0,208004000.0,943830000.0,138910000.0,,593168000.0,350662000.0,,360751000.0,119354000.0,241397000.0,2.99,2.96,80658000.0,81482000.0,216784000.0,,165676000.0,17149000.0,43153000.0,,29907000.0,763673000.0,,47998000.0,234691000.0,,17222000.0,1568549000.0,33525000.0,67902000.0,270880000.0,372307000.0,72418000.0,,5675000.0,18388000.0,,731121000.0,-6422000.0,,1568549000.0,20887000.0,89747000.0,2594000.0,54526000.0,-1666000.0,,-8000000.0,,83904000.0,,416938000.0,,812042000.0,63977000.0,,,30445000.0,5715000.0,,-139719000.0,,23623000.0,-226664000.0,50555000.0,84753000.0
2011-12-31,322432000.0,55606000.0,266826000.0,39122000.0,,167037000.0,99789000.0,,101650000.0,35158000.0,66492000.0,0.84,0.83,79272000.0,79822000.0,257488000.0,,187862000.0,17493000.0,8604000.0,,33606000.0,804102000.0,,50870000.0,234691000.0,,15547000.0,1698689000.0,32566000.0,97368000.0,302820000.0,432754000.0,77209000.0,,,18536000.0,,797613000.0,-6772000.0,,1698689000.0,5822000.0,22123000.0,,22601000.0,344000.0,,3879000.0,,36732000.0,,131879000.0,,198102000.0,2886000.0,,,5857000.0,,,-67371000.0,,1399000.0,-23497000.0,41011000.0,
2012-03-31,662054000.0,113200000.0,548854000.0,82690000.0,,344385000.0,204469000.0,,207758000.0,72625000.0,135133000.0,1.71,1.69,79214000.0,79853000.0,209459000.0,,184043000.0,17023000.0,8612000.0,,47229000.0,746518000.0,,52279000.0,347901000.0,,31769000.0,1758271000.0,29904000.0,78618000.0,325364000.0,433886000.0,87484000.0,,,19683000.0,,866254000.0,-6062000.0,,1758271000.0,14935000.0,45468000.0,,18139000.0,-125000.0,,17252000.0,,69147000.0,,233483000.0,,427671000.0,24519000.0,,128335000.0,12818000.0,250000.0,,-171641000.0,,5456000.0,-69227000.0,-7385000.0,
2012-06-30,1014688000.0,173487000.0,841201000.0,129675000.0,,526732000.0,314469000.0,,319471000.0,112002000.0,207469000.0,2.62,2.6,79188000.0,79834000.0,195607000.0,,193705000.0,17038000.0,8702000.0,,43785000.0,782887000.0,,54257000.0,347901000.0,,30737000.0,1838066000.0,32007000.0,69708000.0,344925000.0,446640000.0,88944000.0,,,20314000.0,,938590000.0,-5833000.0,,1838066000.0,24987000.0,69005000.0,,28229000.0,-111000.0,,13852000.0,,90168000.0,,346882000.0,,636010000.0,24519000.0,,128335000.0,18544000.0,250000.0,,-267123000.0,,9426000.0,-100408000.0,-20649000.0,
2012-09-30,1377247000.0,236168000.0,1141079000.0,177406000.0,,714776000.0,426303000.0,,432214000.0,157028000.0,275186000.0,3.48,3.45,79135000.0,79780000.0,211181000.0,,185172000.0,17410000.0,45840000.0,,30986000.0,776081000.0,,59604000.0,348239000.0,,28996000.0,1911201000.0,27026000.0,86409000.0,352594000.0,466029000.0,94694000.0,,,21078000.0,,1006307000.0,-3829000.0,,1911201000.0,35139000.0,95348000.0,-5697000.0,20207000.0,262000.0,,998000.0,,103587000.0,,495437000.0,,784601000.0,81444000.0,,128335000.0,29867000.0,250000.0,,-352279000.0,,10371000.0,-149231000.0,-6073000.0,145874000.0
2012-12-31,365451000.0,60885000.0,304566000.0,48541000.0,,195482000.0,109084000.0,,110634000.0,41141000.0,69493000.0,0.88,0.88,78789000.0,79278000.0,184563000.0,,209078000.0,18723000.0,10335000.0,,35916000.0,791789000.0,,62026000.0,348239000.0,,28064000.0,2037652000.0,32221000.0,117413000.0,379944000.0,529578000.0,100612000.0,,,21163000.0,,1075800000.0,-4540000.0,,2037652000.0,9934000.0,26710000.0,,24256000.0,1313000.0,,,,33268000.0,,144806000.0,,165193000.0,23020000.0,,,7788000.0,,,-133417000.0,,503000.0,-37914000.0,-26525000.0,
2013-03-31,715683000.0,121187000.0,594496000.0,101075000.0,,392936000.0,201560000.0,,205228000.0,72323000.0,132905000.0,1.69,1.68,78696000.0,79263000.0,229662000.0,,192796000.0,17963000.0,10578000.0,,60239000.0,804424000.0,,63182000.0,447799000.0,,56517000.0,2065909000.0,39100000.0,84966000.0,396678000.0,520744000.0,93980000.0,,,23006000.0,,1139212000.0,-5908000.0,,2065909000.0,19913000.0,54320000.0,,8202000.0,553000.0,,,,43371000.0,,225468000.0,,329141000.0,138171000.0,,124918000.0,14769000.0,,,-120082000.0,,2395000.0,-85565000.0,19821000.0,
2013-06-30,1085985000.0,186104000.0,899881000.0,155150000.0,,594244000.0,305637000.0,,312179000.0,111096000.0,201083000.0,2.56,2.54,78636000.0,79207000.0,198280000.0,,205138000.0,18260000.0,10617000.0,,48969000.0,834309000.0,,63720000.0,447799000.0,,54559000.0,2147803000.0,28691000.0,89780000.0,411477000.0,529948000.0,108278000.0,,,21391000.0,,1207390000.0,-9347000.0,,2147803000.0,29705000.0,82181000.0,,20550000.0,850000.0,,,,72468000.0,,351698000.0,,509381000.0,138171000.0,,124918000.0,21434000.0,0.0,,-244070000.0,,3656000.0,-116939000.0,-9311000.0,
2013-09-30,1481314000.0,253047000.0,1228267000.0,209614000.0,,797449000.0,430818000.0,,438092000.0,160778000.0,277314000.0,3.53,3.5,78565000.0,79136000.0,189693000.0,,204205000.0,19026000.0,33385000.0,,34655000.0,816371000.0,,63522000.0,523727000.0,,75564000.0,2230554000.0,37313000.0,92608000.0,421429000.0,551350000.0,109944000.0,5346000.0,,25202000.0,,1283621000.0,-7414000.0,,2230554000.0,40005000.0,104212000.0,1451000.0,18867000.0,1617000.0,,3614000.0,,83475000.0,,499693000.0,,613927000.0,212011000.0,,212642000.0,26583000.0,0.0,,-352470000.0,,4091000.0,-166318000.0,-19095000.0,156833000.0
2013-12-31,406452000.0,72883000.0,333569000.0,64133000.0,,224436000.0,109133000.0,,109379000.0,41331000.0,68048000.0,0.88,0.87,77438000.0,77822000.0,231328000.0,,220784000.0,19051000.0,20530000.0,,32387000.0,870943000.0,,62157000.0,523727000.0,,75280000.0,2214839000.0,38151000.0,125716000.0,450104000.0,613971000.0,117622000.0,5000000.0,,24176000.0,,1351669000.0,-7548000.0,,2214839000.0,11437000.0,34528000.0,,17746000.0,25000.0,,,,36353000.0,,158926000.0,,168026000.0,54660000.0,,,4980000.0,,,70166000.0,,182000.0,-186630000.0,42462000.0,
2014-03-31,826495000.0,148545000.0,677950000.0,131365000.0,,457953000.0,219997000.0,,220266000.0,82577000.0,137689000.0,1.8,1.79,76483000.0,77086000.0,239836000.0,,223472000.0,20710000.0,23724000.0,,58753000.0,950419000.0,,61608000.0,517611000.0,,72556000.0,2166200000.0,40371000.0,96070000.0,461402000.0,597843000.0,126328000.0,4429000.0,,22661000.0,,1400860000.0,-7241000.0,,2166200000.0,22678000.0,70164000.0,,20877000.0,1684000.0,,,,56356000.0,,240893000.0,,342100000.0,98319000.0,,0.0,10119000.0,,,140805000.0,,4808000.0,-331275000.0,50423000.0,
2014-06-30,1266780000.0,228007000.0,1038773000.0,198391000.0,,692697000.0,346076000.0,,347538000.0,130376000.0,217162000.0,2.86,2.84,75926000.0,76581000.0,241973000.0,,243072000.0,23143000.0,22898000.0,,44647000.0,945123000.0,,62650000.0,556957000.0,,76889000.0,2175485000.0,36399000.0,94445000.0,480376000.0,611220000.0,137062000.0,4112000.0,,22377000.0,,1388836000.0,-6834000.0,,2175485000.0,34055000.0,101997000.0,,40964000.0,4117000.0,,,,85968000.0,,379127000.0,,437752000.0,144790000.0,,49439000.0,15636000.0,,,130325000.0,,8155000.0,-457140000.0,52312000.0,
2014-09-30,1732046000.0,309959000.0,1422087000.0,263792000.0,,928530000.0,493557000.0,,497342000.0,186159000.0,311183000.0,4.13,4.09,75395000.0,76092000.0,281502000.0,,242242000.0,24471000.0,43095000.0,,44466000.0,998848000.0,,66791000.0,556957000.0,,75003000.0,2184950000.0,43772000.0,108772000.0,484437000.0,636981000.0,152312000.0,3629000.0,,22718000.0,,1363141000.0,-9584000.0,,2184950000.0,46121000.0,127156000.0,-7584000.0,40895000.0,5445000.0,,9828000.0,,105278000.0,,548992000.0,,523983000.0,214493000.0,,49439000.0,22718000.0,0.0,,150641000.0,,10283000.0,-604960000.0,94673000.0,169424000.0
2014-12-31,462793000.0,79348000.0,383445000.0,70060000.0,,251130000.0,132315000.0,,134909000.0,45833000.0,89076000.0,1.21,1.21,73350000.0,73857000.0,268954000.0,,255864000.0,27582000.0,44963000.0,,44344000.0,1026857000.0,,66636000.0,556957000.0,,72219000.0,2236424000.0,41223000.0,132685000.0,521716000.0,695624000.0,158554000.0,3153000.0,,23316000.0,,1362712000.0,-12040000.0,,2236424000.0,13042000.0,30625000.0,,13967000.0,3111000.0,,,,43521000.0,,186395000.0,,120982000.0,2693000.0,,,10319000.0,1005000.0,,-65542000.0,,2638000.0,-130769000.0,-9916000.0,
2015-03-31,934936000.0,161944000.0,772992000.0,144581000.0,,507822000.0,265170000.0,,271030000.0,96225000.0,174805000.0,2.4,2.38,72801000.0,73326000.0,367605000.0,,262624000.0,29343000.0,44832000.0,,48858000.0,1052124000.0,,68746000.0,556957000.0,,74435000.0,2221279000.0,34683000.0,118617000.0,544426000.0,697726000.0,176162000.0,2778000.0,,23217000.0,,1313937000.0,-13224000.0,,2221279000.0,26254000.0,67402000.0,,21693000.0,4872000.0,,,,83839000.0,,328691000.0,,251773000.0,79211000.0,,,20502000.0,6224000.0,,49095000.0,,4186000.0,-286022000.0,91764000.0,
2015-06-30,1418522000.0,247603000.0,1170919000.0,218918000.0,,765619000.0,405300000.0,,411880000.0,143903000.0,267977000.0,3.7,3.67,72370000.0,72937000.0,562180000.0,,261068000.0,30026000.0,46493000.0,,50214000.0,1185508000.0,,83507000.0,556957000.0,,71157000.0,2262351000.0,48986000.0,115397000.0,553064000.0,717447000.0,189481000.0,2407000.0,,25914000.0,,1334470000.0,-13355000.0,,2262351000.0,39225000.0,103919000.0,,20094000.0,5556000.0,,,,105796000.0,,501198000.0,,391900000.0,198401000.0,,0.0,41715000.0,6224000.0,,194278000.0,,6611000.0,-409826000.0,285650000.0,
2015-09-30,1919823000.0,332261000.0,1587562000.0,296583000.0,,1034663000.0,552899000.0,,561344000.0,196330000.0,365014000.0,5.07,5.03,71944000.0,72547000.0,390460000.0,,279434000.0,33717000.0,55719000.0,,50519000.0,1188140000.0,,95909000.0,555965000.0,,68128000.0,2312290000.0,50814000.0,130401000.0,573908000.0,755123000.0,209402000.0,901000.0,,30136000.0,,1321857000.0,-15288000.0,,2312290000.0,52583000.0,145553000.0,-12007000.0,38680000.0,9246000.0,,6533000.0,,146561000.0,,684541000.0,,461327000.0,205292000.0,,0.0,60307000.0,6779000.0,,-10699000.0,,9517000.0,-556902000.0,,189235000.0
2015-12-31,489486000.0,85683000.0,403803000.0,81145000.0,,272854000.0,130949000.0,,132084000.0,42368000.0,89716000.0,1.29,1.28,69554000.0,69878000.0,433297000.0,,279158000.0,33571000.0,52841000.0,,51061000.0,1208133000.0,,99946000.0,555965000.0,,67894000.0,2316081000.0,37556000.0,145443000.0,619584000.0,802583000.0,217962000.0,1908000.0,,31100000.0,,1262983000.0,-16510000.0,,2316081000.0,13763000.0,38233000.0,,22000.0,-146000.0,,,,54236000.0,,203871000.0,,95586000.0,47742000.0,,,13292000.0,3250000.0,,19485000.0,,1194000.0,-180367000.0,42989000.0,
2016-03-31,973163000.0,167913000.0,805250000.0,167439000.0,,559368000.0,245882000.0,,247150000.0,82019000.0,165131000.0,2.41,2.4,68557000.0,68881000.0,398325000.0,,266185000.0,35179000.0,50673000.0,,66939000.0,1193981000.0,,107545000.0,555965000.0,,64682000.0,2242140000.0,37243000.0,143511000.0,619681000.0,800435000.0,222977000.0,5544000.0,,32190000.0,,1169371000.0,-13558000.0,,2242140000.0,27847000.0,80006000.0,,-12726000.0,1462000.0,,,,59348000.0,,336989000.0,,173165000.0,47742000.0,,,29793000.0,3250000.0,,48947000.0,,1378000.0,-380105000.0,5831000.0,
2016-06-30,1469685000.0,252256000.0,1217429000.0,250481000.0,,832685000.0,384744000.0,,386990000.0,130070000.0,256920000.0,3.78,3.75,67990000.0,68429000.0,429597000.0,,263249000.0,33805000.0,49460000.0,,50741000.0,1207963000.0,,115135000.0,555965000.0,,60532000.0,2253783000.0,37452000.0,135122000.0,626836000.0,799410000.0,229332000.0,7215000.0,,30761000.0,,1190386000.0,-13317000.0,,2253783000.0,42284000.0,118443000.0,,-15307000.0,87000.0,,,,72858000.0,,507465000.0,,244905000.0,62836000.0,,,45909000.0,3250000.0,,33385000.0,,1596000.0,-503657000.0,37193000.0,
2016-09-30,1995034000.0,337205000.0,1657829000.0,334227000.0,,1110452000.0,547377000.0,,549891000.0,184036000.0,365855000.0,5.43,5.38,67433000.0,67984000.0,514571000.0,,268175000.0,34051000.0,49431000.0,,52579000.0,1288801000.0,,123248000.0,555965000.0,,59890000.0,2306323000.0,34117000.0,178353000.0,631768000.0,844238000.0,238473000.0,4212000.0,,34138000.0,,1185265000.0,-13194000.0,,2306323000.0,56776000.0,156760000.0,6472000.0,-9732000.0,334000.0,,1876000.0,,86931000.0,,711535000.0,,418821000.0,66848000.0,,0.0,63488000.0,4750000.0,,62720000.0,,2608000.0,-652647000.0,,164362000.0
2016-12-31,515958000.0,85262000.0,430696000.0,87050000.0,,293242000.0,137454000.0,,140097000.0,45879000.0,94218000.0,1.45,1.44,65195000.0,65645000.0,572934000.0,,313211000.0,33678000.0,54058000.0,,52706000.0,1427496000.0,,128667000.0,555965000.0,,60012000.0,2397095000.0,49925000.0,198832000.0,669926000.0,918683000.0,244322000.0,3256000.0,,35841000.0,,1193761000.0,-16048000.0,,2397095000.0,14887000.0,46611000.0,,45327000.0,-374000.0,,,,44006000.0,,189312000.0,,105744000.0,11211000.0,,,14133000.0,4000000.0,,-129000.0,,2940000.0,-128245000.0,60938000.0,
2017-03-31,1034206000.0,173174000.0,861032000.0,176284000.0,,585055000.0,275977000.0,,279922000.0,92566000.0,187356000.0,2.89,2.87,64841000.0,65389000.0,655773000.0,,293872000.0,32548000.0,52777000.0,,51022000.0,1444843000.0,,126705000.0,555965000.0,,58159000.0,2387917000.0,47289000.0,184234000.0,684495000.0,916018000.0,245094000.0,5149000.0,,37051000.0,,1180673000.0,-15469000.0,,2387917000.0,30278000.0,90506000.0,,26152000.0,-1504000.0,,,,59347000.0,,364652000.0,,187660000.0,40737000.0,,,23715000.0,4000000.0,,54410000.0,,5239000.0,-275935000.0,143127000.0,
2017-06-30,1552043000.0,262944000.0,1289099000.0,264886000.0,,873978000.0,415121000.0,,421655000.0,136637000.0,285018000.0,4.42,4.38,64539000.0,65116000.0,690912000.0,,295085000.0,31045000.0,54010000.0,,51513000.0,1445901000.0,,125139000.0,555965000.0,,54930000.0,2418572000.0,44544000.0,178712000.0,686085000.0,909341000.0,257777000.0,5554000.0,,41293000.0,,1202533000.0,-15458000.0,,2418572000.0,45603000.0,133740000.0,,27295000.0,-3007000.0,,,,73620000.0,,527216000.0,,271878000.0,65857000.0,,,31175000.0,4000000.0,,47087000.0,,6471000.0,-396635000.0,177668000.0,
2017-09-30,2090041000.0,353485000.0,1736556000.0,350365000.0,,1172600000.0,563956000.0,,575517000.0,154756000.0,420761000.0,6.56,6.5,64173000.0,64775000.0,673228000.0,,291924000.0,29834000.0,53239000.0,,67538000.0,1459308000.0,,122420000.0,555965000.0,,53775000.0,2480800000.0,50760000.0,187379000.0,696404000.0,934601000.0,267902000.0,4316000.0,,44589000.0,,1229762000.0,-17997000.0,,2480800000.0,61148000.0,175326000.0,-3409000.0,24115000.0,-4218000.0,,14890000.0,,94064000.0,,740281000.0,,390449000.0,66858000.0,,,38681000.0,4000000.0,,-32285000.0,,7019000.0,-546032000.0,,162944000.0
2017-12-31,523191000.0,87387000.0,435804000.0,85889000.0,,293807000.0,141997000.0,,144142000.0,55713000.0,88429000.0,1.42,1.41,62195000.0,62550000.0,611996000.0,,291093000.0,29112000.0,,,56056000.0,1380817000.0,,117310000.0,555965000.0,,51718000.0,2493739000.0,46748000.0,176534000.0,721994000.0,945276000.0,269279000.0,36000.0,,51970000.0,,1226627000.0,-19478000.0,,2493739000.0,15180000.0,40948000.0,,-238000.0,-722000.0,,,,26967000.0,,189957000.0,,113771000.0,9248000.0,,,6491000.0,0.0,,-121125000.0,,0.0,-130110000.0,-61278000.0,
2018-03-31,1056495000.0,177032000.0,879463000.0,176945000.0,,594109000.0,285354000.0,,290289000.0,92224000.0,198065000.0,3.2,3.18,61812000.0,62351000.0,595917000.0,,290919000.0,29512000.0,,,62125000.0,1407229000.0,,117392000.0,555965000.0,,49337000.0,2517146000.0,40271000.0,185924000.0,735976000.0,962171000.0,274564000.0,27000.0,,53770000.0,,1226474000.0,-20980000.0,,2517146000.0,30049000.0,82268000.0,,-314000.0,-322000.0,,,,46235000.0,,374712000.0,,186961000.0,9248000.0,,,16246000.0,0.0,,-172470000.0,,0.0,-280129000.0,-77887000.0,
2018-06-30,1598698000.0,268041000.0,1330657000.0,271006000.0,,893350000.0,437307000.0,,444501000.0,123693000.0,320808000.0,5.21,5.16,61531000.0,62214000.0,599268000.0,,297375000.0,31322000.0,,,55853000.0,1469050000.0,,126108000.0,555965000.0,,45378000.0,2561066000.0,44647000.0,163246000.0,736032000.0,943925000.0,291675000.0,25000.0,,59466000.0,,1267950000.0,-21983000.0,,2561066000.0,44081000.0,121007000.0,,6945000.0,1488000.0,,,,63402000.0,,556763000.0,,295479000.0,10748000.0,,,36074000.0,0.0,,-227889000.0,,0.0,-401246000.0,-72372000.0,
2018-09-30,2161407000.0,361481000.0,1799926000.0,366084000.0,,1209027000.0,590899000.0,,603760000.0,150071000.0,453689000.0,7.41,7.32,61262000.0,62013000.0,424707000.0,,295352000.0,30568000.0,33406000.0,,52326000.0,1417658000.0,,145042000.0,555965000.0,,42186000.0,2605476000.0,57757000.0,180979000.0,715697000.0,954433000.0,299624000.0,35000.0,,65892000.0,,1287243000.0,-22178000.0,,2605476000.0,59491000.0,157855000.0,20777000.0,4889000.0,734000.0,,-15607000.0,,51016000.0,,761068000.0,,439130000.0,12736000.0,,,53465000.0,0.0,,-455987000.0,,0.0,-551263000.0,,104878000.0
2018-12-31,,86714000.0,457056000.0,92038000.0,,298840000.0,158216000.0,,165311000.0,34406000.0,130905000.0,2.17,2.16,60216000.0,60645000.0,480121000.0,,325688000.0,31559000.0,,,129793000.0,1619636000.0,,179224000.0,555965000.0,,100250000.0,2891896000.0,66859000.0,184446000.0,796385000.0,1047690000.0,,,,81473000.0,,1417904000.0,-21993000.0,,2891896000.0,14001000.0,38689000.0,,28921000.0,991000.0,,,,66122000.0,,197858000.0,,151537000.0,0.0,,,21046000.0,,,-60393000.0,,,-82132000.0,,
2019-03-31,,174892000.0,913773000.0,188352000.0,,612764000.0,301009000.0,,315538000.0,68546000.0,246992000.0,4.12,4.09,59954000.0,60374000.0,726662000.0,,321484000.0,33463000.0,,,138736000.0,1807460000.0,,208221000.0,555965000.0,,95682000.0,2990236000.0,68156000.0,197295000.0,809336000.0,1074787000.0,,,,95530000.0,,1457348000.0,-19341000.0,,2990236000.0,28246000.0,78183000.0,,24419000.0,2895000.0,,,,78046000.0,,391410000.0,,351600000.0,2499000.0,,,50056000.0,,,92956000.0,,,-182145000.0,,
2019-06-30,1652059000.0,265659000.0,1386400000.0,305246000.0,,982651000.0,403749000.0,,423000000.0,90103000.0,332897000.0,5.55,5.51,59981000.0,60372000.0,688350000.0,,320465000.0,36009000.0,,,161940000.0,1504901000.0,,226002000.0,1065379000.0,113389000.0,194295000.0,3177275000.0,55630000.0,213195000.0,803241000.0,1072066000.0,,,35655000.0,117804000.0,1553493000.0,1543253000.0,-18193000.0,,3177275000.0,46645000.0,119182000.0,,16249000.0,5441000.0,,,,79113000.0,,541755000.0,,507804000.0,276278000.0,,611550000.0,83008000.0,,,-120585000.0,,,-155590000.0,,
2019-09-30,2242447000.0,356577000.0,1885870000.0,408058000.0,,1367407000.0,518463000.0,,541111000.0,113377000.0,427734000.0,7.12,7.08,60044000.0,60456000.0,599219000.0,,322029000.0,34401000.0,27388000.0,,182874000.0,1511586000.0,,223426000.0,1065379000.0,,203781000.0,3390275000.0,62627000.0,235869000.0,807030000.0,1105526000.0,,313000.0,42324000.0,131853000.0,1628778000.0,1638090000.0,-19190000.0,,3390275000.0,68507000.0,162914000.0,7277000.0,18305000.0,3832000.0,,75449000.0,,110718000.0,,747841000.0,,625201000.0,278244000.0,,611550000.0,103542000.0,0.0,,-414634000.0,,0.0,-155447000.0,,100569000.0
2019-12-31,569305000.0,88642000.0,480663000.0,96005000.0,,358328000.0,122335000.0,,127555000.0,29028000.0,98527000.0,1.62,1.62,60649000.0,60815000.0,735457000.0,,354668000.0,32381000.0,,,188204000.0,1737471000.0,,229800000.0,1065379000.0,,197851000.0,3875360000.0,52407000.0,250350000.0,847750000.0,1150507000.0,390223000.0,,44520000.0,62611000.0,,1736617000.0,-18376000.0,,3875360000.0,18979000.0,47661000.0,,32683000.0,-2020000.0,,,,39856000.0,,144012000.0,,150697000.0,22764000.0,,,22304000.0,,,-29400000.0,,,20959000.0,,
2020-03-31,1152754000.0,189880000.0,962874000.0,205033000.0,,756841000.0,206033000.0,,211112000.0,51206000.0,159906000.0,2.63,2.62,60869000.0,61084000.0,572888000.0,,338655000.0,30942000.0,,,217989000.0,1408731000.0,,232006000.0,1864991000.0,,355614000.0,4440977000.0,56200000.0,286902000.0,889629000.0,1252006000.0,,,41340000.0,62751000.0,,1797996000.0,-22903000.0,,4440977000.0,43112000.0,98447000.0,,-4317000.0,-3459000.0,,,,43987000.0,,325820000.0,,237892000.0,232255000.0,,955574000.0,35463000.0,,,-716013000.0,,,368394000.0,,
2020-06-30,1736006000.0,295920000.0,1440086000.0,321024000.0,,1146432000.0,293654000.0,,298874000.0,69096000.0,229778000.0,3.78,3.76,60978000.0,61415000.0,714268000.0,,304874000.0,28826000.0,,,238163000.0,1665434000.0,,228293000.0,1858966000.0,,343056000.0,4573357000.0,54389000.0,301038000.0,888614000.0,1263316000.0,,,39784000.0,49817000.0,,1867868000.0,-18495000.0,,4573357000.0,69337000.0,149315000.0,,-38024000.0,-5575000.0,,,,37934000.0,,484994000.0,,322271000.0,309040000.0,,955574000.0,47857000.0,,,-762816000.0,,,393950000.0,,
2020-09-30,2350822000.0,407887000.0,1942935000.0,441324000.0,,1550668000.0,392267000.0,,396397000.0,88956000.0,307441000.0,5.05,5.01,60911000.0,61378000.0,849556000.0,,296183000.0,27898000.0,44571000.0,,259506000.0,1793476000.0,,229239000.0,1858966000.0,,347447000.0,4677920000.0,64472000.0,321398000.0,883134000.0,1288279000.0,,,49846000.0,59511000.0,,1945531000.0,-18716000.0,,4677920000.0,95857000.0,201948000.0,7380000.0,-46502000.0,-6503000.0,,,,35514000.0,,660898000.0,,543065000.0,309687000.0,,955574000.0,59940000.0,,,-747002000.0,,,337243000.0,,80236000.0
2020-12-31,624617000.0,114979000.0,509638000.0,114191000.0,,391890000.0,117748000.0,,117065000.0,29387000.0,87678000.0,1.43,1.41,61440000.0,62282000.0,1026829000.0,,346670000.0,26455000.0,,,283341000.0,2029810000.0,,215649000.0,1863892000.0,,367955000.0,4899339000.0,57542000.0,305792000.0,936640000.0,1319249000.0,,,52523000.0,61653000.0,,2033209000.0,-17855000.0,,4899339000.0,27660000.0,58069000.0,,54416000.0,-1443000.0,,,,86193000.0,,137363000.0,,69352000.0,0.0,,1247000.0,4697000.0,,,20643000.0,,,17715000.0,,
2021-03-31,1269904000.0,243564000.0,1026340000.0,254644000.0,,855091000.0,171249000.0,,169189000.0,38270000.0,130919000.0,2.14,2.1,61058000.0,62292000.0,532166000.0,,374404000.0,24571000.0,,,293402000.0,1335648000.0,,207599000.0,2209639000.0,,418215000.0,4519192000.0,53567000.0,324865000.0,929397000.0,1327104000.0,,,55731000.0,65333000.0,,1987506000.0,-19194000.0,,4519192000.0,56185000.0,121289000.0,,79649000.0,-3327000.0,,,,93493000.0,,265839000.0,,126711000.0,269986000.0,,411319000.0,14090000.0,,,-94437000.0,,,-489241000.0,,
2021-06-30,1921419000.0,364468000.0,1556951000.0,387927000.0,,1289290000.0,267661000.0,,263438000.0,42915000.0,220523000.0,3.63,3.55,60768000.0,62064000.0,583811000.0,,382897000.0,22649000.0,,,293246000.0,1466711000.0,,196780000.0,2209639000.0,,434797000.0,4785121000.0,49372000.0,334288000.0,952029000.0,1354964000.0,,,75218000.0,84737000.0,,2077110000.0,-18935000.0,,4785121000.0,84985000.0,182757000.0,,88685000.0,-5249000.0,,,,167199000.0,,448143000.0,,164900000.0,271521000.0,,411319000.0,23534000.0,,,-253691000.0,,,-461222000.0,,
2021-09-30,2603416000.0,493146000.0,2110270000.0,512627000.0,,1716245000.0,394025000.0,,386937000.0,55696000.0,331241000.0,5.46,5.34,60707000.0,62057000.0,580977000.0,,340536000.0,22055000.0,125779000.0,,337902000.0,1611100000.0,,191164000.0,2216553000.0,,472558000.0,4997280000.0,62096000.0,341487000.0,968669000.0,1391527000.0,,,66081000.0,75236000.0,,2187828000.0,-20073000.0,,4997280000.0,115424000.0,243279000.0,-76929000.0,46289000.0,-5843000.0,,,,216431000.0,,645196000.0,,197279000.0,271521000.0,,411319000.0,30651000.0,,,-445335000.0,,,-468280000.0,,99378000.0
2021-12-31,687100000.0,135073000.0,552027000.0,130271000.0,,437876000.0,114151000.0,,111720000.0,18161000.0,93559000.0,1.54,1.51,60810000.0,61882000.0,512406000.0,,419282000.0,20795000.0,,,388942000.0,1687973000.0,,185355000.0,2260407000.0,,490508000.0,5086908000.0,58253000.0,314845000.0,1039515000.0,1431888000.0,,,68234000.0,77402000.0,,2281387000.0,-21215000.0,,5086908000.0,30260000.0,63757000.0,,77223000.0,-1260000.0,,,,76065000.0,,90366000.0,,38138000.0,34549000.0,,67911000.0,10564000.0,,,-41993000.0,,,-116025000.0,,
2022-03-31,1321324000.0,261432000.0,1059892000.0,266109000.0,,871094000.0,188798000.0,,184433000.0,34638000.0,149795000.0,2.47,2.43,60693000.0,61661000.0,586543000.0,300591000.0,414218000.0,27883000.0,,,405596000.0,1734831000.0,33411000.0,178742000.0,2259951000.0,,482805000.0,5077173000.0,69131000.0,301206000.0,1043482000.0,1773229000.0,,,61862000.0,71417000.0,,2337623000.0,-22628000.0,,5077173000.0,59798000.0,127886000.0,,72777000.0,5828000.0,,,,99303000.0,,216875000.0,,96349000.0,78988000.0,,67911000.0,15792000.0,,,37919000.0,,,-248211000.0,,
2022-06-30,1995812000.0,392165000.0,1603647000.0,404846000.0,,1307385000.0,296262000.0,,285676000.0,52862000.0,232814000.0,3.85,3.8,60450000.0,61345000.0,541883000.0,196458000.0,455762000.0,43787000.0,,,451035000.0,1688925000.0,17112000.0,172060000.0,2259951000.0,,492395000.0,5021289000.0,73420000.0,291605000.0,1049084000.0,1768700000.0,,,65395000.0,73546000.0,,2314760000.0,-24626000.0,,5021289000.0,88398000.0,189761000.0,,116137000.0,21732000.0,,,,136872000.0,,288276000.0,,178372000.0,120564000.0,,67911000.0,25117000.0,,,147394000.0,,,-470249000.0,,
2022-09-30,2695845000.0,539627000.0,2156218000.0,543368000.0,,1752426000.0,403792000.0,,385393000.0,63233000.0,322160000.0,5.34,5.27,60274000.0,61097000.0,758012000.0,126554000.0,469979000.0,68365000.0,180584000.0,,489314000.0,1912224000.0,6426000.0,168182000.0,2259282000.0,,516122000.0,5276194000.0,113178000.0,309819000.0,1067182000.0,1839951000.0,,,59553000.0,67710000.0,,2404106000.0,-26176000.0,,5276194000.0,115609000.0,249216000.0,-40697000.0,130605000.0,46310000.0,,,,191147000.0,,442631000.0,,260357000.0,120578000.0,,67911000.0,33624000.0,,,218116000.0,,,-476508000.0,,110036000.0
2022-12-31,700378000.0,155007000.0,545371000.0,142323000.0,,454159000.0,91212000.0,,95914000.0,23512000.0,72402000.0,1.2,1.2,60096000.0,60387000.0,605739000.0,54015000.0,485277000.0,59197000.0,,,510279000.0,1714507000.0,3796000.0,167709000.0,2259277000.0,,503748000.0,5085568000.0,71760000.0,330524000.0,1131195000.0,1533479000.0,,,61865000.0,70143000.0,,2476508000.0,-23219000.0,,5085568000.0,27472000.0,62874000.0,,15837000.0,-9168000.0,,,,68540000.0,,157631000.0,,63519000.0,12167000.0,,0.0,13104000.0,,,61902000.0,,,-374862000.0,,
2023-03-31,1403553000.0,310661000.0,1092892000.0,283686000.0,,895634000.0,197258000.0,,204697000.0,50859000.0,153838000.0,2.55,2.54,60330000.0,60691000.0,734544000.0,20710000.0,485622000.0,50745000.0,,,533554000.0,1825175000.0,772000.0,169771000.0,2288635000.0,,483532000.0,5223251000.0,69952000.0,295533000.0,1160118000.0,1525603000.0,,,64151000.0,72578000.0,,2557944000.0,-22977000.0,,5223251000.0,54817000.0,126913000.0,,14317000.0,-17620000.0,,,,102933000.0,,298554000.0,,95773000.0,16085000.0,,35006000.0,23793000.0,,,52370000.0,,,-377369000.0,,
2023-06-30,2106195000.0,452344000.0,1653851000.0,412451000.0,,1353024000.0,300827000.0,,311162000.0,68348000.0,242814000.0,4.04,4.02,60133000.0,60463000.0,677498000.0,13109000.0,439518000.0,46102000.0,,,537557000.0,1713784000.0,773000.0,171147000.0,2288678000.0,,464293000.0,5119156000.0,65499000.0,274255000.0,1149787000.0,1489541000.0,,,68001000.0,76505000.0,,2646920000.0,-21936000.0,,5119156000.0,83173000.0,183384000.0,,-31507000.0,-22263000.0,,,,98054000.0,,463608000.0,,103513000.0,16085000.0,,35049000.0,38802000.0,,,43958000.0,,,-591913000.0,,
2023-09-30,2813169000.0,593308000.0,2219861000.0,540285000.0,,1747293000.0,472568000.0,,485988000.0,91040000.0,394948000.0,6.59,6.55,59909000.0,60270000.0,797163000.0,6160000.0,454832000.0,35874000.0,290671000.0,,554744000.0,1848773000.0,0.0,170422000.0,2288678000.0,,444613000.0,5248333000.0,63315000.0,282890000.0,1126576000.0,1472781000.0,,,73751000.0,82573000.0,,2799054000.0,-23221000.0,,5248333000.0,112702000.0,236650000.0,-108542000.0,-16704000.0,-32491000.0,,,,81741000.0,,653409000.0,,111330000.0,16085000.0,,35049000.0,54184000.0,,,36393000.0,,,-653299000.0,,191569000.0
2023-12-31,692597000.0,136389000.0,556208000.0,119575000.0,,391692000.0,164516000.0,,174398000.0,36016000.0,138382000.0,2.34,2.32,59122000.0,59653000.0,822572000.0,3287000.0,513176000.0,35840000.0,,,586876000.0,1961751000.0,0.0,167113000.0,2288678000.0,,425850000.0,5348855000.0,60084000.0,278920000.0,1185456000.0,1524460000.0,,,69274000.0,78553000.0,,2863297000.0,-20668000.0,,5348855000.0,29266000.0,56002000.0,,58713000.0,-34000.0,,,,54990000.0,,165318000.0,,2913000.0,0.0,,,9048000.0,,,-7135000.0,,,-134972000.0,,
2024-03-31,1373951000.0,277502000.0,1096449000.0,241782000.0,,791973000.0,304476000.0,,320332000.0,62929000.0,257403000.0,4.37,4.32,58956000.0,59617000.0,902680000.0,802000.0,388325000.0,69760000.0,,,589954000.0,1951521000.0,0.0,161525000.0,2312362000.0,,439071000.0,5384670000.0,57702000.0,266563000.0,1178158000.0,1502423000.0,,,72110000.0,81106000.0,,2935271000.0,-21034000.0,,5384670000.0,57284000.0,111143000.0,,-66569000.0,33886000.0,,,,36855000.0,,386955000.0,,5420000.0,0.0,,32939000.0,18503000.0,,,-47022000.0,,,-236139000.0,,
2024-06-30,2069446000.0,413927000.0,1655519000.0,366169000.0,,1187953000.0,467566000.0,,491951000.0,90469000.0,401482000.0,6.82,6.75,58832000.0,59461000.0,934809000.0,812000.0,419986000.0,78537000.0,,,552023000.0,1986167000.0,0.0,154238000.0,2312362000.0,,425521000.0,5414450000.0,53618000.0,259874000.0,1142090000.0,1455582000.0,,,80027000.0,88997000.0,,3015104000.0,-22257000.0,,5414450000.0,84062000.0,165349000.0,,-34700000.0,42663000.0,,,,-2537000.0,,545914000.0,,5420000.0,0.0,,32939000.0,24352000.0,,,-53471000.0,,,-355131000.0,,
2024-09-30,2816120000.0,557647000.0,2258473000.0,490120000.0,,1599882000.0,658591000.0,,695465000.0,128687000.0,566778000.0,9.65,9.55,58720000.0,59359000.0,1074602000.0,0.0,389024000.0,76378000.0,358772000.0,,569467000.0,2109471000.0,0.0,150943000.0,2312362000.0,,487517000.0,5613004000.0,67894000.0,300076000.0,1121683000.0,1489653000.0,,,85461000.0,94733000.0,,3144401000.0,-20912000.0,,5613004000.0,106991000.0,219108000.0,-68215000.0,-63953000.0,40504000.0,,,,22838000.0,,792419000.0,,6237000.0,0.0,,32939000.0,30412000.0,,,-59214000.0,,,-457002000.0,,181635000.0
,,,,,,,,,,,,,,,,,,,,,,,,,,,,,,,,,,,,,,,,,,,,,,,,,,,,,,,,,,,,,,,,,,,
,,,,,,,,,,,,,,,,,,,,,,,,,,,,,,,,,,,,,,,,,,,,,,,,,,,,,,,,,,,,,,,,,,,
