Date,Net sales,Cost of sales,Gross margin,Research and development,"Selling, general and administrative",Total operating expenses,Operating income,"Other income/(expense), net",Income before provision for income taxes,Provision for income taxes,Net income,Earnings per share basic,Earnings per share diluted,Weighted-average basic,Weighted-average diluted,Cash and cash equivalents,Short-term marketable securities,"Accounts receivable, net",Inventories,Deferred tax assets,Vendor non-trade receivables,Other current assets,Total current assets,Long-term marketable securities,"Property, Plant and Equipment, Net",Goodwill,"Acquired intangible assets, net","Other Assets, Noncurrent",Total assets,accounts payable,Accrued expenses,Deferred revenue,Total current liabilities,Deferred revenue - non-current,deferred tax liabilities,long term taxes payable,Total other non-current liabilities,Total liabilities,Retained Earnings (Accumulated Deficit),Accumulated other comprehensive (loss)/income,Total shareholders equity,Total liabilities and shareholders' equity,"Depreciation, amortization and accretion",Stock-based compensation expense,Deferred income tax expense,"Increase (Decrease) in Accounts receivable, net",Increase (Decrease) in Inventories,Increase (Decrease) in Other Receivables,Increase (Decrease) in Other Operating Assets,Increase (Decrease) in Accounts Payable,Increase (Decrease) in Deferred Revenue,Increase (Decrease) Other liabilities,Cash generated by operating activities,Purchases of marketable securities,Proceeds from maturities of marketable securities,Proceeds from sales of marketable securities,Purchases of other long-term investments,"Business acquisitions, net of cash acquired",Cash payments for capital asset purchases,Payments for acquisition of intangible assets,Payments for (Proceeds from) Other Investing Activities,Cash used in investing activities,Proceeds from issuance of common stock,Excess tax benefits from stock-based compensation,Cash generated/used in financing activities,Increase/(decrease) in cash and cash equivalents,"Cash paid for income taxes, net"
2010-06-30,450545000.0,132476000.0,,57403000.0,165977000.0,364774000.0,85771000.0,,72264000.0,23648000.0,48616000.0,1.05,1.04,46171000.0,46561000.0,112612000.0,129173000.0,107804000.0,,,,,371812000.0,19015000.0,31421000.0,660804000.0,29050000.0,8354000.0,1162397000.0,8520000.0,35459000.0,45234000.0,128634000.0,,,,14647000.0,655281000.0,932168000.0,-28148000.0,507116000.0,1162397000.0,23762000.0,13235000.0,689000.0,7852000.0,,,,24000.0,3516000.0,693000.0,84025000.0,71749000.0,122573000.0,,,,12746000.0,,,40310000.0,,1052000.0,-187236000.0,-65545000.0,13374000.0
2010-09-30,605643000.0,180932000.0,,73581000.0,225263000.0,492294000.0,113349000.0,,92304000.0,27847000.0,64457000.0,1.44,1.42,44903000.0,45308000.0,146199000.0,68615000.0,113187000.0,,,,,347175000.0,4367000.0,30975000.0,665953000.0,27244000.0,9154000.0,1123716000.0,8765000.0,28732000.0,42953000.0,122147000.0,,,,14655000.0,648802000.0,947202000.0,-19678000.0,474914000.0,1123716000.0,30918000.0,17305000.0,6761000.0,11561000.0,,,,-317000.0,-1096000.0,-3290000.0,105780000.0,71749000.0,187593000.0,10014000.0,,,17453000.0,,,110637000.0,,1158000.0,-248473000.0,-31958000.0,26885000.0
2010-12-31,155931000.0,45803000.0,,18061000.0,59633000.0,126295000.0,29636000.0,,21423000.0,5414000.0,16009000.0,0.4,0.4,39923000.0,40439000.0,196432000.0,46859000.0,105215000.0,,,,,365209000.0,4771000.0,29751000.0,664206000.0,25264000.0,8512000.0,1136144000.0,13485000.0,27257000.0,46780000.0,118096000.0,,,,14590000.0,644686000.0,962413000.0,-21929000.0,491458000.0,1136144000.0,6455000.0,4034000.0,819000.0,-7817000.0,,,,3325000.0,3280000.0,624000.0,32880000.0,,21415000.0,,,,1328000.0,,,20087000.0,,435000.0,-2464000.0,50233000.0,3185000.0
2011-03-31,308755000.0,94309000.0,,34283000.0,115082000.0,259927000.0,48828000.0,,32457000.0,8703000.0,23754000.0,0.59,0.59,40010000.0,40618000.0,258294000.0,0.0,106893000.0,,,,,381085000.0,5123000.0,29038000.0,667431000.0,23423000.0,7797000.0,1152426000.0,16424000.0,26383000.0,51020000.0,125831000.0,,,,16318000.0,654149000.0,969357000.0,-15972000.0,498277000.0,1152426000.0,12770000.0,8205000.0,818000.0,-7275000.0,,,,6257000.0,6169000.0,1580000.0,59618000.0,,54545000.0,13644000.0,,,5106000.0,,,63158000.0,,1127000.0,-12894000.0,112095000.0,8696000.0
2011-06-30,459434000.0,137707000.0,,48573000.0,168725000.0,373200000.0,86234000.0,,64394000.0,17451000.0,46943000.0,1.18,1.16,39788000.0,40426000.0,140917000.0,117593000.0,102030000.0,,,,,376406000.0,4846000.0,27278000.0,667149000.0,21483000.0,7471000.0,1141686000.0,14877000.0,30929000.0,51482000.0,134683000.0,,,,15217000.0,653900000.0,991756000.0,-16012000.0,487786000.0,1141686000.0,18623000.0,11762000.0,1185000.0,-12262000.0,,,,5808000.0,6297000.0,6386000.0,105053000.0,117675000.0,54545000.0,13644000.0,,,8323000.0,,,-57734000.0,,1312000.0,-54936000.0,-5282000.0,9214000.0
2011-09-30,619683000.0,186470000.0,,62129000.0,223615000.0,492346000.0,127337000.0,,97455000.0,25893000.0,71562000.0,1.82,1.79,39359000.0,39988000.0,135752000.0,105826000.0,104974000.0,,22942000.0,,,364481000.0,4170000.0,33017000.0,664688000.0,,7648000.0,1129468000.0,11139000.0,47031000.0,41768000.0,146498000.0,,,,,663974000.0,1015624000.0,-21709000.0,465494000.0,1129468000.0,24197000.0,15500000.0,1252000.0,-8571000.0,,,,-1749000.0,-2995000.0,18727000.0,136156000.0,144224000.0,92759000.0,13644000.0,,,14020000.0,,,-51701000.0,,1664000.0,-94021000.0,-10447000.0,11460000.0
2011-12-31,170349000.0,45974000.0,,13049000.0,57324000.0,118277000.0,52072000.0,,43625000.0,13628000.0,29997000.0,0.83,0.81,36034000.0,36887000.0,175375000.0,56212000.0,117301000.0,,,,,365039000.0,4398000.0,33329000.0,663944000.0,,7079000.0,1125680000.0,14229000.0,40616000.0,47962000.0,139799000.0,,,,,663422000.0,1044904000.0,-24408000.0,462258000.0,1125680000.0,5528000.0,4757000.0,425000.0,12589000.0,,,,6892000.0,12359000.0,1873000.0,41149000.0,23036000.0,72509000.0,,,,7757000.0,,,41716000.0,,1671000.0,-41708000.0,39623000.0,4696000.0
2012-03-31,329870000.0,94788000.0,,27035000.0,114359000.0,239602000.0,90268000.0,,73309000.0,23300000.0,50009000.0,1.4,1.36,35685000.0,36721000.0,146036000.0,45049000.0,107436000.0,,,,,315298000.0,5036000.0,35138000.0,667098000.0,,7714000.0,1080591000.0,11198000.0,37203000.0,51030000.0,142245000.0,,,,,667397000.0,1064207000.0,-18263000.0,413194000.0,1080591000.0,10049000.0,9384000.0,-1967000.0,1680000.0,,,,4629000.0,17111000.0,-2853000.0,83476000.0,43071000.0,103659000.0,,,,13364000.0,,199000.0,47025000.0,,3414000.0,-121384000.0,10284000.0,18027000.0
2012-06-30,490348000.0,142620000.0,,41925000.0,173482000.0,362912000.0,127436000.0,,103563000.0,32805000.0,70758000.0,2.01,1.95,35126000.0,36247000.0,118681000.0,32022000.0,111863000.0,,,,,279416000.0,5007000.0,38138000.0,679955000.0,,8702000.0,1066295000.0,14014000.0,34786000.0,50803000.0,143680000.0,,,,,659935000.0,1084271000.0,-23983000.0,406360000.0,1066295000.0,14555000.0,15466000.0,-1864000.0,6149000.0,,,,6970000.0,16413000.0,-10099000.0,106408000.0,48067000.0,121659000.0,,,18192000.0,19616000.0,,149000.0,35635000.0,,4402000.0,-157156000.0,-17071000.0,30415000.0
2012-09-30,676423000.0,197947000.0,,59527000.0,238522000.0,508065000.0,168358000.0,,136243000.0,44239000.0,92004000.0,2.64,2.55,34909000.0,36063000.0,71609000.0,22008000.0,142595000.0,,29018000.0,,,259325000.0,5417000.0,41080000.0,757504000.0,,9047000.0,1158611000.0,18958000.0,43645000.0,47959000.0,209605000.0,,,,,684205000.0,1104825000.0,-15808000.0,474406000.0,1158611000.0,21549000.0,21229000.0,-7121000.0,26490000.0,,,,6810000.0,10032000.0,1455000.0,129746000.0,48067000.0,131659000.0,,,123631000.0,25483000.0,,148000.0,-65670000.0,,8079000.0,-128453000.0,-64143000.0,36852000.0
2012-12-31,190020000.0,56148000.0,,14552000.0,69665000.0,147026000.0,42994000.0,,35043000.0,11622000.0,23421000.0,0.67,0.65,35043000.0,36151000.0,90839000.0,,138159000.0,,,,,251374000.0,5496000.0,45788000.0,769959000.0,,9002000.0,1176114000.0,21509000.0,40869000.0,47455000.0,189003000.0,,,,,667386000.0,1127544000.0,-17199000.0,508728000.0,1176114000.0,7973000.0,5832000.0,-1418000.0,-6754000.0,,,,1748000.0,-2764000.0,8967000.0,28729000.0,,22000000.0,,,27605000.0,9012000.0,,-50000.0,-14567000.0,,2940000.0,5494000.0,19230000.0,1978000.0
2013-03-31,369345000.0,115004000.0,,30573000.0,137303000.0,293145000.0,76200000.0,,60430000.0,18514000.0,41916000.0,1.19,1.15,35664000.0,36492000.0,131150000.0,,132906000.0,,,,,285230000.0,6492000.0,48630000.0,760754000.0,,7662000.0,1198341000.0,22400000.0,31485000.0,51803000.0,191273000.0,,,,,668116000.0,1145325000.0,-30229000.0,530225000.0,1198341000.0,16433000.0,12245000.0,-3499000.0,-9634000.0,,,,3009000.0,2214000.0,439000.0,68954000.0,,22000000.0,,,28438000.0,17123000.0,,-50000.0,-23511000.0,,4251000.0,15900000.0,59541000.0,18160000.0
2013-06-30,553117000.0,172659000.0,,49143000.0,205968000.0,441709000.0,111408000.0,,89051000.0,27513000.0,61538000.0,1.74,1.69,35499000.0,36385000.0,93019000.0,,132717000.0,,,,,246762000.0,6784000.0,47140000.0,765587000.0,,7058000.0,1164143000.0,25455000.0,29324000.0,50522000.0,181245000.0,,,,,648906000.0,1164240000.0,-31513000.0,515237000.0,1164143000.0,25160000.0,18897000.0,-5515000.0,-9977000.0,,,,4987000.0,-464000.0,-1213000.0,100177000.0,,22000000.0,,,32874000.0,20435000.0,,-50000.0,-31259000.0,,5073000.0,-43747000.0,21410000.0,23139000.0
2013-09-30,743444000.0,229468000.0,,66967000.0,268395000.0,581851000.0,161593000.0,,131984000.0,41889000.0,90095000.0,2.55,2.48,35332000.0,36292000.0,83178000.0,,143733000.0,,13823000.0,,,249188000.0,7107000.0,45155000.0,773931000.0,,6640000.0,1161547000.0,19216000.0,35202000.0,49181000.0,165880000.0,,,,,630870000.0,1192096000.0,-20908000.0,530677000.0,1161547000.0,33214000.0,25850000.0,3671000.0,-1286000.0,,,,-590000.0,-3889000.0,1823000.0,136120000.0,,22000000.0,,,32874000.0,24147000.0,,-50000.0,-34971000.0,,6362000.0,-86634000.0,11569000.0,24141000.0
2013-12-31,184343000.0,57319000.0,,18092000.0,66989000.0,149073000.0,35270000.0,,27183000.0,10206000.0,16977000.0,0.49,0.47,34699000.0,35820000.0,95937000.0,,141112000.0,,,,,257688000.0,7676000.0,41997000.0,776831000.0,,6293000.0,1166276000.0,20976000.0,32819000.0,48388000.0,161640000.0,,,,,626853000.0,1208379000.0,-16903000.0,539423000.0,1166276000.0,8167000.0,7235000.0,-1576000.0,-2755000.0,,,,1848000.0,-2101000.0,4686000.0,28378000.0,,,,,,2154000.0,,,-2154000.0,,4551000.0,-13257000.0,12759000.0,1285000.0
2014-03-31,369805000.0,115502000.0,,37782000.0,132933000.0,295798000.0,74007000.0,,58470000.0,20742000.0,37728000.0,1.09,1.06,34705000.0,35670000.0,108176000.0,,140368000.0,,,,,269626000.0,8300000.0,39232000.0,778177000.0,,6162000.0,1177253000.0,18373000.0,32493000.0,55586000.0,179161000.0,,,,,643672000.0,1228434000.0,-14010000.0,533581000.0,1177253000.0,16012000.0,16286000.0,-5073000.0,-3687000.0,,,,-734000.0,4127000.0,4651000.0,75087000.0,,,,,,4296000.0,,,-4296000.0,,5078000.0,-46768000.0,24998000.0,9819000.0
2014-06-30,567415000.0,178254000.0,,61022000.0,204490000.0,456987000.0,110428000.0,,88771000.0,30495000.0,58276000.0,1.69,1.65,34458000.0,35420000.0,93109000.0,,155495000.0,,,,,273295000.0,8689000.0,37280000.0,787209000.0,,6423000.0,1185747000.0,21098000.0,41421000.0,53849000.0,313002000.0,,,,,706573000.0,1248298000.0,-8305000.0,479174000.0,1185747000.0,24196000.0,25631000.0,-7576000.0,9934000.0,,,,1622000.0,973000.0,5532000.0,103813000.0,,0.0,,,7253000.0,7088000.0,,0.0,-14341000.0,,5934000.0,-81218000.0,9931000.0,17174000.0
2014-09-30,788985000.0,249281000.0,,83435000.0,278203000.0,627117000.0,161868000.0,,133131000.0,38252000.0,94879000.0,2.8,2.72,33870000.0,34864000.0,105075000.0,,155295000.0,,19574000.0,,,288527000.0,8751000.0,36677000.0,779928000.0,,6407000.0,1192298000.0,22000000.0,36235000.0,56519000.0,341404000.0,,,,,737684000.0,1284261000.0,-23189000.0,454614000.0,1192298000.0,32632000.0,36362000.0,-16026000.0,13649000.0,,,,3174000.0,5698000.0,15566000.0,175034000.0,0.0,0.0,,,7253000.0,12590000.0,,0.0,-19843000.0,,6808000.0,-130391000.0,21897000.0,22367000.0
2014-12-31,189550000.0,66300000.0,,22637000.0,72801000.0,164670000.0,24880000.0,,18324000.0,3917000.0,14407000.0,0.45,0.43,31936000.0,33128000.0,94651000.0,,147123000.0,,,,,279870000.0,9530000.0,36791000.0,774107000.0,,7521000.0,1167922000.0,25559000.0,21752000.0,57331000.0,365723000.0,,,,,764701000.0,1298033000.0,-34640000.0,403221000.0,1167922000.0,8107000.0,8794000.0,5676000.0,-5863000.0,,,,3886000.0,3472000.0,-13850000.0,1360000.0,,,,,,5667000.0,,-75000.0,-5592000.0,,6485000.0,-2037000.0,-10424000.0,8844000.0
2015-03-31,396659000.0,137291000.0,,46978000.0,146664000.0,337380000.0,59279000.0,,44357000.0,11080000.0,33277000.0,1.05,1.01,31639000.0,32791000.0,86841000.0,,169932000.0,,,,,301755000.0,9706000.0,40011000.0,809117000.0,,7237000.0,1236651000.0,38418000.0,30755000.0,67609000.0,256083000.0,,,,,855489000.0,1316278000.0,-53708000.0,381162000.0,1236651000.0,17047000.0,20596000.0,2453000.0,15072000.0,,,,10655000.0,15261000.0,-6948000.0,43282000.0,,,,,56621000.0,10251000.0,,-75000.0,-66797000.0,,8616000.0,14504000.0,-18234000.0,24496000.0
2015-06-30,606025000.0,203493000.0,,72588000.0,221309000.0,509692000.0,96333000.0,,74821000.0,21638000.0,53183000.0,1.69,1.63,31465000.0,32648000.0,84358000.0,,147304000.0,,,,,269090000.0,9907000.0,38706000.0,818952000.0,,7746000.0,1216127000.0,26386000.0,29623000.0,54260000.0,218917000.0,,,,,819465000.0,1335562000.0,-40929000.0,396662000.0,1216127000.0,26093000.0,32762000.0,75000.0,-10609000.0,,,,2324000.0,-220000.0,-6968000.0,86400000.0,,,,,56992000.0,18266000.0,,-75000.0,-75183000.0,,11364000.0,-23696000.0,-20717000.0,31122000.0
2015-09-30,838781000.0,270535000.0,,98824000.0,300002000.0,701276000.0,137505000.0,,109238000.0,22736000.0,86502000.0,2.75,2.65,31402000.0,32609000.0,86120000.0,,158773000.0,,21238000.0,,,286602000.0,9567000.0,38208000.0,814750000.0,,7561000.0,1230163000.0,19852000.0,30958000.0,46697000.0,243875000.0,,,,,793165000.0,1368255000.0,-50715000.0,436998000.0,1230163000.0,33889000.0,45308000.0,-5934000.0,4602000.0,,,,-3672000.0,-6604000.0,4113000.0,132977000.0,,0.0,,,56992000.0,24999000.0,,-75000.0,-81916000.0,,13795000.0,-58635000.0,-18955000.0,33752000.0
2015-12-31,200076000.0,62193000.0,,24631000.0,78838000.0,169242000.0,30834000.0,,23776000.0,4535000.0,19241000.0,0.62,0.59,31185000.0,32436000.0,90710000.0,,139078000.0,,,,,287545000.0,9662000.0,38422000.0,810019000.0,,7356000.0,1215250000.0,21595000.0,28770000.0,51888000.0,243090000.0,,,,,793082000.0,1386874000.0,-56834000.0,422168000.0,1215250000.0,7441000.0,14700000.0,5986000.0,-18005000.0,,,,2022000.0,6807000.0,-2438000.0,40550000.0,,,,,,4294000.0,,0.0,-4294000.0,,10079000.0,-31188000.0,4590000.0,4364000.0
2016-03-31,406754000.0,124491000.0,,49479000.0,156339000.0,337396000.0,69358000.0,,55920000.0,13563000.0,42357000.0,1.36,1.31,31268000.0,32349000.0,85374000.0,,155207000.0,,,,,276586000.0,10351000.0,38589000.0,808292000.0,,7084000.0,1214941000.0,20587000.0,26741000.0,54574000.0,241331000.0,,,,,789561000.0,1409367000.0,-57739000.0,425380000.0,1214941000.0,15168000.0,28300000.0,-2056000.0,-566000.0,,,,233000.0,9593000.0,-6901000.0,78326000.0,,,,,0.0,7807000.0,,0.0,-7807000.0,,14008000.0,-71751000.0,-746000.0,2648000.0
2016-06-30,645532000.0,190875000.0,,75896000.0,243511000.0,520855000.0,124677000.0,,106210000.0,28866000.0,77344000.0,2.48,2.39,31201000.0,32337000.0,118155000.0,,155196000.0,,,,,295794000.0,10645000.0,41106000.0,802202000.0,,6724000.0,1226712000.0,21096000.0,36543000.0,50884000.0,250243000.0,,,,,798671000.0,1443730000.0,-71895000.0,428041000.0,1226712000.0,23127000.0,41704000.0,-455000.0,3184000.0,,,,-1635000.0,8119000.0,-1166000.0,161625000.0,,,,,5683000.0,12541000.0,,-37000.0,-18187000.0,,16100000.0,-109078000.0,32035000.0,836000.0
2016-09-30,881356000.0,265173000.0,,103669000.0,328940000.0,711764000.0,169592000.0,,144569000.0,35121000.0,109448000.0,3.52,3.39,31129000.0,32308000.0,75926000.0,,167786000.0,,47598000.0,,,267638000.0,11016000.0,45122000.0,798415000.0,,6724000.0,1221052000.0,22952000.0,27780000.0,47129000.0,246077000.0,,,,,774224000.0,1475214000.0,-77011000.0,446828000.0,1221052000.0,31633000.0,55509000.0,-26007000.0,18225000.0,,,,564000.0,5500000.0,-4282000.0,185231000.0,,,,,5683000.0,21969000.0,,-37000.0,-27615000.0,,25037000.0,-164978000.0,-10194000.0,10855000.0
2016-12-31,219600000.0,69997000.0,,26142000.0,85214000.0,184673000.0,34927000.0,,28655000.0,-9246000.0,37901000.0,1.22,1.16,30989000.0,32536000.0,88101000.0,,155714000.0,,,,,284744000.0,12262000.0,43959000.0,789602000.0,,5785000.0,1224398000.0,22417000.0,26327000.0,57465000.0,249715000.0,,,,,802492000.0,1512497000.0,-91358000.0,421906000.0,1224398000.0,9058000.0,14519000.0,0.0,-8253000.0,,,,-725000.0,11506000.0,-2091000.0,32978000.0,,,,,,4319000.0,,,-4319000.0,,,-12995000.0,12175000.0,7463000.0
2017-03-31,447978000.0,142128000.0,,52805000.0,171445000.0,373010000.0,74968000.0,,61791000.0,8052000.0,62985000.0,2.03,1.94,31017000.0,32398000.0,115848000.0,,141394000.0,,,,,309229000.0,12224000.0,42728000.0,792420000.0,,5475000.0,1247068000.0,18692000.0,25527000.0,64906000.0,264279000.0,,,,,819967000.0,1536961000.0,-85269000.0,427101000.0,1247068000.0,18236000.0,29231000.0,0.0,-23710000.0,,,,-3534000.0,21407000.0,-3487000.0,99397000.0,,,,,,9604000.0,,,-9604000.0,,,-48685000.0,39922000.0,21557000.0
2017-06-30,678964000.0,211921000.0,,80644000.0,255534000.0,562567000.0,116397000.0,,97122000.0,10104000.0,88212000.0,2.85,2.73,30973000.0,32340000.0,130667000.0,,140265000.0,,,,,321965000.0,13049000.0,42143000.0,799791000.0,,5271000.0,1258354000.0,16673000.0,30708000.0,65028000.0,399025000.0,,,,,825599000.0,1562188000.0,-74874000.0,432755000.0,1258354000.0,27427000.0,43546000.0,-2000.0,-25605000.0,,,,-5432000.0,19303000.0,5838000.0,171423000.0,,,,,0.0,14792000.0,,777000.0,-15569000.0,,,-102791000.0,54741000.0,22726000.0
2017-09-30,932169000.0,287123000.0,,110870000.0,339796000.0,754969000.0,177200000.0,,151324000.0,23068000.0,128256000.0,4.16,3.98,30862000.0,32245000.0,105618000.0,,168586000.0,,47204000.0,,,310931000.0,13791000.0,40703000.0,804414000.0,,5668000.0,1255620000.0,19510000.0,32104000.0,55431000.0,326655000.0,,,,,829083000.0,1598395000.0,-66494000.0,426537000.0,1255620000.0,36214000.0,61222000.0,-6049000.0,1265000.0,,,,-2027000.0,8973000.0,-683000.0,225644000.0,,,,,0.0,19828000.0,,777000.0,-20605000.0,,,-180625000.0,29692000.0,31315000.0
2017-12-31,235321000.0,74359000.0,,28974000.0,90296000.0,195417000.0,39904000.0,,33957000.0,6658000.0,27299000.0,0.91,0.86,30078000.0,31561000.0,94213000.0,,164660000.0,,,,,299136000.0,,38808000.0,806332000.0,,8806000.0,1240845000.0,19201000.0,25305000.0,58743000.0,353280000.0,,,,,855203000.0,1625694000.0,-63423000.0,385642000.0,1240845000.0,7731000.0,16510000.0,6717000.0,-4656000.0,,,,-119000.0,2437000.0,-1174000.0,28777000.0,,,,,,4044000.0,,,-5979000.0,,,-34677000.0,-11405000.0,2221000.0
2018-03-31,493179000.0,152878000.0,,61493000.0,187353000.0,405196000.0,87983000.0,,74759000.0,15185000.0,59574000.0,1.98,1.9,30032000.0,31431000.0,107868000.0,,188538000.0,,,,,333219000.0,,45111000.0,813107000.0,,12012000.0,1290895000.0,23539000.0,31695000.0,65018000.0,368546000.0,,,,,920192000.0,1657969000.0,-54298000.0,370703000.0,1290895000.0,15095000.0,35749000.0,6041000.0,17582000.0,,,,-515000.0,6464000.0,-252000.0,78010000.0,,,,,,11111000.0,,,-13256000.0,,,-64697000.0,2250000.0,6669000.0
2018-06-30,752684000.0,231268000.0,,93976000.0,286038000.0,616325000.0,136359000.0,,116500000.0,24565000.0,91935000.0,3.07,2.93,29924000.0,31341000.0,119929000.0,,182419000.0,,,,,335292000.0,,51517000.0,802041000.0,,12964000.0,1287070000.0,25509000.0,33899000.0,60587000.0,397213000.0,,,,,992426000.0,1690330000.0,-73094000.0,294644000.0,1287070000.0,22329000.0,54631000.0,6749000.0,15571000.0,,,,2623000.0,5437000.0,55000.0,163089000.0,,,,,,24220000.0,,0.0,-26724000.0,,,-117789000.0,14311000.0,9975000.0
2018-09-30,1032475000.0,310699000.0,,128383000.0,380362000.0,826038000.0,206437000.0,,188010000.0,45595000.0,142415000.0,4.79,4.57,29711000.0,31180000.0,90023000.0,,208865000.0,,20132000.0,,,338512000.0,18059000.0,48837000.0,800890000.0,,12431000.0,1255079000.0,20251000.0,30457000.0,52215000.0,422215000.0,,,,,991342000.0,1740810000.0,-76407000.0,263737000.0,1255079000.0,30182000.0,74814000.0,25729000.0,42403000.0,,,,843000.0,-3197000.0,6416000.0,223052000.0,,,,,0.0,31299000.0,,0.0,-14119000.0,,,-218627000.0,-15595000.0,13398000.0
2018-12-31,262256000.0,76066000.0,,35426000.0,100258000.0,213252000.0,49004000.0,,37156000.0,-2851000.0,40007000.0,1.38,1.32,28961000.0,30336000.0,79896000.0,,247566000.0,,,,,375842000.0,,46864000.0,798793000.0,,38262000.0,1305626000.0,20387000.0,26079000.0,103527000.0,433347000.0,,,,,1077731000.0,1804531000.0,-79686000.0,227895000.0,1305626000.0,7967000.0,21854000.0,-50000.0,-18191000.0,,,,1671000.0,562000.0,-4848000.0,48857000.0,,,,,,6474000.0,,,-8675000.0,,,-50137000.0,-10127000.0,1394000.0
2019-03-31,540490000.0,161634000.0,,73110000.0,205188000.0,442937000.0,97553000.0,,77130000.0,6593000.0,73388000.0,2.53,2.42,29074000.0,30297000.0,76885000.0,,271632000.0,,,,,397000000.0,,44760000.0,800696000.0,,39965000.0,1328111000.0,16249000.0,28747000.0,106275000.0,436620000.0,,,,,1080633000.0,1837912000.0,-76761000.0,247478000.0,1328111000.0,15786000.0,42336000.0,74000.0,5015000.0,,,,-2210000.0,2462000.0,-2672000.0,96646000.0,,,,,,10644000.0,,,-12773000.0,,,-97343000.0,-13138000.0,7962000.0
2019-06-30,854739000.0,248849000.0,,110082000.0,308094000.0,671478000.0,183261000.0,,155184000.0,17644000.0,137540000.0,4.74,4.54,29000000.0,30295000.0,78808000.0,,318044000.0,,,,,435064000.0,,52900000.0,797527000.0,,43179000.0,1373798000.0,19611000.0,28289000.0,103270000.0,457713000.0,,,,,1105481000.0,1902064000.0,-80950000.0,268317000.0,1373798000.0,23734000.0,61931000.0,247000.0,53288000.0,,,,631000.0,291000.0,-6164000.0,164936000.0,,,,,,18170000.0,,,-20800000.0,,,-156061000.0,-11215000.0,12058000.0
2019-09-30,1160083000.0,336845000.0,,149478000.0,414086000.0,906535000.0,253548000.0,,216072000.0,23948000.0,192124000.0,6.63,6.34,28980000.0,30294000.0,106426000.0,,297427000.0,,6006000.0,,,455706000.0,20222000.0,53027000.0,803542000.0,,79163000.0,1433448000.0,23118000.0,32454000.0,111000000.0,490828000.0,,,,,1143681000.0,1956648000.0,-90085000.0,289767000.0,1433448000.0,31612000.0,82973000.0,7701000.0,36176000.0,,,,1885000.0,10489000.0,1463000.0,260350000.0,,,,0.0,15855000.0,23981000.0,,,-42760000.0,,,-200047000.0,16403000.0,18779000.0
2019-12-31,298504000.0,90758000.0,,38943000.0,112021000.0,246622000.0,51882000.0,,41895000.0,-13026000.0,54921000.0,1.89,1.82,29025000.0,30169000.0,111216000.0,,281640000.0,,,,,460994000.0,23732000.0,,812850000.0,,81591000.0,1545038000.0,32474000.0,43111000.0,114700000.0,442032000.0,,,,,1304077000.0,2011569000.0,-75993000.0,240961000.0,1545038000.0,7856000.0,23145000.0,-1016000.0,-22391000.0,,,,10349000.0,497000.0,-4379000.0,60365000.0,,,,,,6500000.0,,-55000.0,-9011000.0,,,-48195000.0,4790000.0,2391000.0
2020-03-31,606475000.0,178897000.0,,78382000.0,215486000.0,478867000.0,127608000.0,,104359000.0,-8850000.0,113209000.0,3.89,3.76,29194000.0,30076000.0,108966000.0,,307307000.0,,,,,483671000.0,19544000.0,,804650000.0,,77766000.0,1552132000.0,25306000.0,62605000.0,114400000.0,479824000.0,,,,,1337981000.0,2069857000.0,-95049000.0,214151000.0,1552132000.0,15535000.0,45933000.0,-1213000.0,13823000.0,,,,1833000.0,6995000.0,-4659000.0,121859000.0,,,,,,13166000.0,,-55000.0,-14958000.0,,,-100344000.0,2540000.0,4475000.0
2020-06-30,920206000.0,267466000.0,,119793000.0,315318000.0,709727000.0,210479000.0,,180567000.0,12132000.0,177285000.0,6.1,5.92,29075000.0,29966000.0,125673000.0,,303558000.0,,,,,483011000.0,23549000.0,,804528000.0,,89774000.0,1564120000.0,19816000.0,50864000.0,105800000.0,460187000.0,,,,43608000.0,1316834000.0,2133933000.0,-94217000.0,247286000.0,1564120000.0,23549000.0,68197000.0,-1230000.0,18961000.0,,,,-1815000.0,-2886000.0,-12330000.0,228730000.0,,,,,,21073000.0,,-55000.0,-23346000.0,,,-183483000.0,19247000.0,5723000.0
2020-09-30,1294562000.0,361142000.0,,166499000.0,420930000.0,998593000.0,295969000.0,,257000000.0,20589000.0,236411000.0,8.13,7.9,29067000.0,29932000.0,157394000.0,,334180000.0,,14629000.0,,,534078000.0,25513000.0,46419000.0,812364000.0,,105285000.0,1606240000.0,23033000.0,63367000.0,115100000.0,414511000.0,,,,48005000.0,1275158000.0,2193059000.0,-82995000.0,331082000.0,1606240000.0,30367000.0,93681000.0,-8639000.0,59889000.0,,,,1059000.0,5724000.0,693000.0,364916000.0,,,,,0.0,21989000.0,,-55000.0,-24583000.0,,,-289424000.0,50968000.0,10152000.0
2020-12-31,312414000.0,89528000.0,,40651000.0,93911000.0,217693000.0,94721000.0,,87960000.0,1468000.0,86492000.0,2.97,2.9,29127000.0,29789000.0,144662000.0,,310626000.0,,,,,508441000.0,28455000.0,,817777000.0,,102452000.0,1576863000.0,21749000.0,49254000.0,115800000.0,391042000.0,,,,52054000.0,1252742000.0,2279551000.0,-65947000.0,324121000.0,1576863000.0,7026000.0,25132000.0,-298000.0,-33130000.0,,,,-1479000.0,-980000.0,-12241000.0,77947000.0,,,,,,3045000.0,,210000.0,3862000.0,,,-99808000.0,-12732000.0,3186000.0
2021-03-31,643775000.0,177861000.0,,84263000.0,191183000.0,447855000.0,195920000.0,,179784000.0,24618000.0,155166000.0,5.33,5.23,29107000.0,29660000.0,197836000.0,,264804000.0,,,,,551818000.0,30437000.0,,789123000.0,,98567000.0,1579608000.0,19767000.0,60062000.0,100400000.0,500561000.0,,,,56418000.0,1356305000.0,2348225000.0,-67793000.0,223303000.0,1579608000.0,13701000.0,53338000.0,-287000.0,-64304000.0,,,,-3695000.0,2143000.0,-9989000.0,231470000.0,,,,,,4220000.0,,210000.0,1746000.0,,,-196795000.0,40442000.0,18131000.0
2021-06-30,981959000.0,260101000.0,,130089000.0,298912000.0,591655000.0,390304000.0,,367676000.0,61312000.0,306364000.0,10.58,10.38,28967000.0,29505000.0,237612000.0,,280598000.0,,,,,556880000.0,33046000.0,,793185000.0,,93485000.0,1589155000.0,19639000.0,83010000.0,99800000.0,544769000.0,,,,56111000.0,1464317000.0,2499423000.0,-63550000.0,124838000.0,1589155000.0,20066000.0,84099000.0,-11064000.0,-56655000.0,,,,-4165000.0,-2556000.0,-5388000.0,332062000.0,,,,,,5792000.0,,210000.0,137599000.0,,,-394572000.0,80218000.0,34465000.0
2021-09-30,1316536000.0,332462000.0,,171231000.0,396281000.0,811047000.0,505489000.0,,473142000.0,81058000.0,392084000.0,13.65,13.4,28734000.0,29260000.0,195354000.0,,312107000.0,,20549000.0,,,550974000.0,31884000.0,27913000.0,788185000.0,,95585000.0,1567776000.0,20749000.0,79535000.0,105400000.0,559207000.0,,,,56823000.0,1678718000.0,2585143000.0,-75854000.0,-110942000.0,1567776000.0,25592000.0,112457000.0,-5955000.0,-24496000.0,,,,-2354000.0,4486000.0,-20502000.0,423817000.0,,,,,0.0,7569000.0,,210000.0,137850000.0,,,-523571000.0,37960000.0,71486000.0
2021-12-31,322361000.0,69203000.0,,38980000.0,98048000.0,206775000.0,115586000.0,,104820000.0,19861000.0,84959000.0,3.13,3.09,27167000.0,27524000.0,162157000.0,,260161000.0,,,,,461996000.0,33926000.0,,787259000.0,,87985000.0,1463310000.0,20422000.0,75068000.0,98400000.0,321797000.0,,,,60548000.0,2001609000.0,2670102000.0,-77992000.0,-538299000.0,1463310000.0,5227000.0,29878000.0,3905000.0,-58428000.0,,,,-268000.0,-7249000.0,-14904000.0,124881000.0,,,,,,895000.0,,0.0,-1272000.0,,,-155429000.0,-33197000.0,1570000.0
2022-03-31,679556000.0,140997000.0,,75367000.0,194462000.0,411913000.0,267643000.0,,237305000.0,47963000.0,189342000.0,7.1,7.02,26662000.0,26978000.0,174219000.0,,273356000.0,,,,,482209000.0,31303000.0,,783744000.0,,101352000.0,1486485000.0,16828000.0,71628000.0,102500000.0,382762000.0,,,,55103000.0,2149901000.0,2774485000.0,-81199000.0,-663416000.0,1486485000.0,10656000.0,57814000.0,3004000.0,-33098000.0,,,,-4105000.0,-3791000.0,-14159000.0,247484000.0,,,,,,3293000.0,,0.0,-3664000.0,,,-263162000.0,-21135000.0,30788000.0
2022-06-30,1028522000.0,219688000.0,,111247000.0,287710000.0,620264000.0,408258000.0,,358199000.0,75357000.0,282842000.0,10.75,10.63,26319000.0,26608000.0,155062000.0,,286341000.0,,,,,473257000.0,25347000.0,,772673000.0,,103459000.0,1456836000.0,17399000.0,57776000.0,98500000.0,383855000.0,,,,50812000.0,2304308000.0,2867985000.0,-103695000.0,-847472000.0,1456836000.0,15819000.0,86363000.0,1825000.0,-12134000.0,,,,-2978000.0,-2069000.0,-33166000.0,364624000.0,,,,,,5232000.0,,0.0,-4422000.0,,,-390256000.0,-40292000.0,45984000.0
2022-09-30,1377270000.0,302174000.0,,146758000.0,383863000.0,834856000.0,542414000.0,,471309000.0,97768000.0,373541000.0,14.34,14.18,26042000.0,26347000.0,133202000.0,,322410000.0,,11803000.0,,,484715000.0,24515000.0,17580000.0,761067000.0,,102514000.0,1442034000.0,17273000.0,66248000.0,120000000.0,331459000.0,,,,49661000.0,2243981000.0,2958684000.0,-124702000.0,-801947000.0,1442034000.0,20465000.0,115355000.0,7816000.0,31557000.0,,,,-2802000.0,23547000.0,-28830000.0,509450000.0,,,,,,6029000.0,,0.0,-5671000.0,,,-547165000.0,-62152000.0,65332000.0
2022-12-31,344870000.0,76569000.0,,36633000.0,92995000.0,204531000.0,140339000.0,,117903000.0,20260000.0,97643000.0,3.9,3.84,25045000.0,25443000.0,139856000.0,,308234000.0,,,,,483822000.0,26332000.0,,771455000.0,,106159000.0,1458693000.0,16838000.0,51378000.0,126900000.0,354988000.0,,,,52734000.0,2260788000.0,3056327000.0,-106321000.0,-802095000.0,1458693000.0,4280000.0,29702000.0,-8507000.0,-8704000.0,,,,168000.0,9540000.0,-7955000.0,92440000.0,,,,,,850000.0,,,-10590000.0,,,-79624000.0,6654000.0,13412000.0
2023-03-31,725136000.0,156375000.0,,76899000.0,193153000.0,425036000.0,300100000.0,,255372000.0,56179000.0,199193000.0,7.94,7.83,25116000.0,25431000.0,137771000.0,,338239000.0,,,,,521326000.0,29580000.0,,774330000.0,,100576000.0,1502431000.0,13915000.0,68152000.0,118300000.0,373278000.0,,,,53458000.0,2273224000.0,3157877000.0,-99769000.0,-770793000.0,1502431000.0,8294000.0,56755000.0,-18360000.0,13789000.0,,,,-2810000.0,29000.0,-2425000.0,182244000.0,,,,,,2377000.0,,,-11887000.0,,,-173245000.0,4569000.0,72800000.0
2023-06-30,1123824000.0,228221000.0,,118354000.0,301234000.0,646693000.0,477131000.0,,413159000.0,85208000.0,327951000.0,13.1,12.91,25040000.0,25399000.0,163022000.0,,384024000.0,,,,,575011000.0,32047000.0,,776620000.0,,109949000.0,1584569000.0,16787000.0,50314000.0,127300000.0,392946000.0,,,,56320000.0,2288545000.0,3286635000.0,-94697000.0,-703976000.0,1584569000.0,11642000.0,89750000.0,-37795000.0,65005000.0,,,,-62000.0,7964000.0,-20242000.0,304866000.0,,,,,,3169000.0,,,-12974000.0,,,-271236000.0,29820000.0,107081000.0
2023-09-30,1513557000.0,311053000.0,,159950000.0,400565000.0,870727000.0,642830000.0,,553624000.0,124249000.0,429375000.0,17.18,16.93,24986000.0,25367000.0,136778000.0,,387947000.0,,59136000.0,,,556448000.0,33014000.0,10966000.0,773327000.0,,114547000.0,1575281000.0,19009000.0,59478000.0,136700000.0,367688000.0,,,,60022000.0,2263271000.0,3388059000.0,-102145000.0,-687990000.0,1575281000.0,14638000.0,123847000.0,-47378000.0,70117000.0,,,,2236000.0,18763000.0,-7057000.0,468915000.0,,,,,,4237000.0,,0.0,-15954000.0,,,-455001000.0,3576000.0,152775000.0
2023-12-31,382059000.0,83461000.0,,42635000.0,104329000.0,230700000.0,151359000.0,,130590000.0,9525000.0,121065000.0,4.89,4.8,24764000.0,25219000.0,160421000.0,,367478000.0,,,,,565263000.0,36955000.0,,777195000.0,,119158000.0,1593518000.0,18584000.0,46487000.0,146800000.0,433109000.0,,,,65620000.0,2319283000.0,3509124000.0,-93442000.0,-725765000.0,1593518000.0,2824000.0,31574000.0,-4435000.0,-27399000.0,,,,-642000.0,7988000.0,-16490000.0,122120000.0,,,,,,1361000.0,,,-2418000.0,,,-99866000.0,23643000.0,4926000.0
2024-03-31,815868000.0,170407000.0,,83515000.0,215196000.0,469668000.0,346200000.0,,303324000.0,52460000.0,250864000.0,10.12,9.96,24819000.0,25186000.0,135667000.0,,469025000.0,,,,,641472000.0,41407000.0,27224000.0,776376000.0,,114487000.0,1703117000.0,18835000.0,68936000.0,143600000.0,315120000.0,,,,74447000.0,2438777000.0,3638923000.0,-97599000.0,-735660000.0,1703117000.0,6178000.0,67022000.0,-13041000.0,72661000.0,,,,-579000.0,5790000.0,-5049000.0,193155000.0,,,,,,5403000.0,,,-12040000.0,,,-183222000.0,-1111000.0,53757000.0
2024-06-30,1263717000.0,258632000.0,,127732000.0,340077000.0,727266000.0,536451000.0,,470642000.0,93522000.0,377120000.0,15.24,15.01,24743000.0,25129000.0,156043000.0,,437637000.0,,,,,631135000.0,42779000.0,34128000.0,776714000.0,,118414000.0,1708831000.0,22489000.0,57737000.0,149300000.0,337216000.0,,,,77558000.0,2538137000.0,3765179000.0,-101697000.0,-829306000.0,1708831000.0,10012000.0,109457000.0,-19013000.0,47683000.0,,,,3432000.0,12046000.0,-18542000.0,406486000.0,,,,,,7130000.0,,,-20434000.0,,,-364981000.0,19265000.0,97281000.0
2024-09-30,1717526000.0,348206000.0,,171940000.0,462834000.0,983897000.0,733629000.0,,642025000.0,129214000.0,512811000.0,20.78,20.45,24676000.0,25079000.0,150667000.0,,426642000.0,,86513000.0,,,617413000.0,45289000.0,38465000.0,782752000.0,,117872000.0,1717884000.0,22473000.0,79812000.0,156900000.0,380285000.0,,,,84294000.0,2680563000.0,3900870000.0,-91629000.0,-962679000.0,1717884000.0,13827000.0,149439000.0,-27330000.0,34144000.0,,,,3316000.0,13966000.0,7216000.0,632964000.0,,,,,,8884000.0,,,-27993000.0,,,-592923000.0,13889000.0,133716000.0
,,,,,,,,,,,,,,,,,,,,,,,,,,,,,,,,,,,,,,,,,,,,,,,,,,,,,,,,,,,,,,,,,,,
,,,,,,,,,,,,,,,,,,,,,,,,,,,,,,,,,,,,,,,,,,,,,,,,,,,,,,,,,,,,,,,,,,,
