Date,Net sales,Cost of sales,Gross margin,Research and development,"Selling, general and administrative",Total operating expenses,Operating income,"Other income/(expense), net",Income before provision for income taxes,Provision for income taxes,Net income,Earnings per share basic,Earnings per share diluted,Weighted-average basic,Weighted-average diluted,Cash and cash equivalents,Short-term marketable securities,"Accounts receivable, net",Inventories,Deferred tax assets,Vendor non-trade receivables,Other current assets,Total current assets,Long-term marketable securities,"Property, Plant and Equipment, Net",Goodwill,"Acquired intangible assets, net","Other Assets, Noncurrent",Total assets,accounts payable,Accrued expenses,Deferred revenue,Total current liabilities,Deferred revenue - non-current,deferred tax liabilities,long term taxes payable,Total other non-current liabilities,Total liabilities,Retained Earnings (Accumulated Deficit),Accumulated other comprehensive (loss)/income,Total shareholders equity,Total liabilities and shareholders' equity,"Depreciation, amortization and accretion",Stock-based compensation expense,Deferred income tax expense,"Increase (Decrease) in Accounts receivable, net",Increase (Decrease) in Inventories,Increase (Decrease) in Other Receivables,Increase (Decrease) in Other Operating Assets,Increase (Decrease) in Accounts Payable,Increase (Decrease) in Deferred Revenue,Increase (Decrease) Other liabilities,Cash generated by operating activities,Purchases of marketable securities,Proceeds from maturities of marketable securities,Proceeds from sales of marketable securities,Purchases of other long-term investments,"Business acquisitions, net of cash acquired",Cash payments for capital asset purchases,Payments for acquisition of intangible assets,Payments for (Proceeds from) Other Investing Activities,Cash used in investing activities,Proceeds from issuance of common stock,Excess tax benefits from stock-based compensation,Cash generated/used in financing activities,Increase/(decrease) in cash and cash equivalents,"Cash paid for income taxes, net"
2009-12-31,,,,,,,,,767000000.0,30000000.0,737000000.0,0.73,0.67,,,,,,,,,,,,2400000000.0,2417000000.0,106000000.0,,113380000000.0,,,,,,,,,99883000000.0,6326000000.0,241000000.0,13497000000.0,113380000000.0,341000000.0,45000000.0,184000000.0,,,,-826000000.0,,,376000000.0,3794000000.0,126942000000.0,117901000000.0,3750000000.0,,16000000.0,173000000.0,,,1076000000.0,986000000.0,0.0,-5291000000.0,-421000000.0,
2010-03-31,,,,,,,,,-22000000.0,-12000000.0,-10000000.0,-0.09,-0.09,,,,,,,,,,,,2384000000.0,2417000000.0,94000000.0,,112651000000.0,,,,,,,,,99243000000.0,6169000000.0,288000000.0,13408000000.0,112651000000.0,97000000.0,10000000.0,12000000.0,,,,-181000000.0,,,-293000000.0,910000000.0,1060000000.0,966000000.0,505000000.0,,,42000000.0,,,740000000.0,,,-1835000000.0,-185000000.0,
2010-06-30,,,,,,,,,242000000.0,50000000.0,192000000.0,0.16,0.16,791000000.0,802000000.0,,,,,,,,,,2374000000.0,2417000000.0,83000000.0,,112025000000.0,,,,,,,,,98324000000.0,6289000000.0,440000000.0,13701000000.0,112025000000.0,206000000.0,22000000.0,62000000.0,,,,-210000000.0,,,-228000000.0,1244000000.0,1718000000.0,2197000000.0,1088000000.0,,,91000000.0,,,2025000000.0,,,-3371000000.0,-102000000.0,
2010-09-30,,,,,,,,,523000000.0,103000000.0,420000000.0,0.29,0.29,791000000.0,799000000.0,,,,,,,,,,2377000000.0,2417000000.0,72000000.0,,112322000000.0,,,,,,,,,98409000000.0,6456000000.0,432000000.0,13884000000.0,112322000000.0,327000000.0,33000000.0,134000000.0,,,,93000000.0,,,77000000.0,2291000000.0,3808000000.0,3350000000.0,2039000000.0,,,151000000.0,,,1561000000.0,,4000000.0,-3955000000.0,-103000000.0,
2010-12-31,,,,,,,,,940000000.0,187000000.0,753000000.0,0.63,0.63,791000000.0,799000000.0,,,,,-144000000.0,,,,,2389000000.0,2417000000.0,62000000.0,,111007000000.0,,,,,,,,,96927000000.0,6719000000.0,314000000.0,14051000000.0,111007000000.0,457000000.0,64000000.0,176000000.0,,,,-9000000.0,,,82000000.0,3305000000.0,5218000000.0,4620000000.0,2578000000.0,,,224000000.0,,,1708000000.0,,,-5172000000.0,-159000000.0,
2011-03-31,,,,,,,,,382000000.0,112000000.0,265000000.0,0.1,0.1,881000000.0,895000000.0,,,,,,,,,,2389000000.0,2417000000.0,55000000.0,,110485000000.0,,,,,,,,,98293000000.0,6752000000.0,263000000.0,12163000000.0,110485000000.0,112000000.0,17000000.0,89000000.0,,,,-322000000.0,,,100000000.0,1883000000.0,903000000.0,1038000000.0,64000000.0,,,57000000.0,,,-1305000000.0,1648000000.0,,-616000000.0,-38000000.0,
2011-06-30,,,,,,,,,892000000.0,281000000.0,602000000.0,0.46,0.46,915000000.0,955000000.0,,,,,,,,,,2395000000.0,2417000000.0,49000000.0,,110805000000.0,,,,,,,,,98204000000.0,7024000000.0,396000000.0,12572000000.0,110805000000.0,215000000.0,31000000.0,-228000000.0,,,,-125000000.0,,,452000000.0,2894000000.0,2689000000.0,1753000000.0,935000000.0,,,119000000.0,,,-1291000000.0,1648000000.0,,-1382000000.0,221000000.0,
2011-09-30,,,,,,,,,1427000000.0,429000000.0,983000000.0,0.87,955000000.0,915000000.0,43000000.0,,,,,,,,,,2410000000.0,2417000000.0,45000000.0,,114905000000.0,,,,,,,,,101847000000.0,7323000000.0,542000000.0,13029000000.0,114905000000.0,326000000.0,39000000.0,363000000.0,,,,148000000.0,,,113000000.0,2659000000.0,4819000000.0,2581000000.0,1722000000.0,,,218000000.0,,,-4129000000.0,1648000000.0,1000000.0,1659000000.0,189000000.0,
2011-12-31,,,,,,,,,1831000000.0,533000000.0,1297000000.0,1.2,1.18,906.0,950.0,,,,,-624000000.0,,,,,2447000000.0,2417000000.0,40000000.0,,116967000000.0,,,,,,,,,103716000000.0,7554000000.0,470000000.0,13201000000.0,,455000000.0,59000000.0,437000000.0,,,,67000000.0,,,166000000.0,2366000000.0,5689000000.0,3502000000.0,2471000000.0,,,319000000.0,,,-5285000000.0,1648000000.0,2000000.0,3423000000.0,504000000.0,
2012-03-31,,,,,,,,,603000000.0,173000000.0,430000000.0,0.46,0.45,915225816.0,957415527.0,,,,,,,,,,2485000000.0,2417000000.0,36000000.0,,116747000000.0,,,,,,,,,103137000000.0,7902000000.0,468000000.0,13560000000.0,116747000000.0,128000000.0,19000000.0,50000000.0,,,,-88000000.0,,,86000000.0,1895000000.0,2046000000.0,1076000000.0,231000000.0,,,95000000.0,,,-1988000000.0,,,-335000000.0,-428000000.0,
2012-06-30,,,,,,,,,1168000000.0,352000000.0,815000000.0,0.87,0.85,914383163.0,956015935.0,,,,,,,,,,2506000000.0,2417000000.0,33000000.0,,117543000000.0,,,,,,,,,103719000000.0,8201000000.0,454000000.0,13773000000.0,117543000000.0,254000000.0,37000000.0,84000000.0,,,,64000000.0,,,-38000000.0,2073000000.0,3856000000.0,2003000000.0,1616000000.0,,,193000000.0,,,-2342000000.0,,,-1000000.0,-270000000.0,
2012-09-30,,,,,,,,,1670000000.0,491000000.0,1178000000.0,1.26,1.23,911056331.0,952258953.0,,,,,,,,,,2520000000.0,2417000000.0,30000000.0,,117483000000.0,,,,,,,,,103714000000.0,8466000000.0,468000000.0,13718000000.0,117483000000.0,388000000.0,54000000.0,133000000.0,,,,203000000.0,,,-153000000.0,2736000000.0,5291000000.0,3111000000.0,2282000000.0,,,271000000.0,,,-2311000000.0,,,-598000000.0,-173000000.0,
2012-12-31,,,,,,,,,2210000000.0,636000000.0,1576000000.0,1.69,1.66,904425226.0,945554102.0,,,,,-843000000.0,,,,,2542000000.0,2416000000.0,27000000.0,,121894000000.0,,,,,,,,,108130000000.0,8768000000.0,375000000.0,13716000000.0,121894000000.0,531000000.0,69000000.0,271000000.0,,,,-4000000.0,,,-238000000.0,2557000000.0,6813000000.0,4100000000.0,2521000000.0,,,362000000.0,,,-6533000000.0,,,3754000000.0,-222000000.0,
2013-03-31,,,,,,,,,591000000.0,179000000.0,422000000.0,0.47,0.46,870923074.0,913163262.0,,,,,,,,,,2540000000.0,2416000000.0,25000000.0,,121382000000.0,,,,,,,,,107462000000.0,9084000000.0,333000000.0,13882000000.0,121382000000.0,137000000.0,17000000.0,37000000.0,,,,533000000.0,,,487000000.0,1225000000.0,2906000000.0,910000000.0,2215000000.0,,,61000000.0,,,-316000000.0,,,-1164000000.0,-255000000.0,
2013-06-30,,,,,,,,,1432000000.0,429000000.0,1013000000.0,1.14,1.11,864718802.0,906859723.0,,,,,,,,,,2540000000.0,2416000000.0,23000000.0,,123360000000.0,,,,,,,,,109083000000.0,9561000000.0,149000000.0,14239000000.0,123360000000.0,276000000.0,41000000.0,139000000.0,,,,453000000.0,,,683000000.0,2591000000.0,8099000000.0,1878000000.0,4876000000.0,,,138000000.0,,,-1907000000.0,,,-735000000.0,-51000000.0,
2013-09-30,,,,,,,,,2037000000.0,613000000.0,1433000000.0,1.62,1.58,880182513.0,900541471.0,,,,,,,,,,2528000000.0,2416000000.0,21000000.0,,125673000000.0,,,,,,,,,110993000000.0,9876000000.0,218000000.0,14641000000.0,125673000000.0,410000000.0,60000000.0,195000000.0,,,,288000000.0,,,456000000.0,3827000000.0,12780000000.0,2657000000.0,7146000000.0,,,198000000.0,,,-5360000000.0,,,1979000000.0,446000000.0,
2013-12-31,,,,,,,,,2598000000.0,772000000.0,1836000000.0,2.05,2.02,869462977.0,894736445.0,,,,,-938000000.0,,,,,2531000000.0,2416000000.0,19000000.0,,130443000000.0,,,,,,,,,115817000000.0,10156000000.0,82000000.0,14589000000.0,130443000000.0,507000000.0,78000000.0,253000000.0,,,,672000000.0,,,569000000.0,4595000000.0,16216000000.0,3191000000.0,9328000000.0,,,274000000.0,,,-10184000000.0,,,6326000000.0,737000000.0,
2014-03-31,,,,,,,,,438000000.0,119000000.0,318000000.0,0.36,0.36,845860065.0,857923596.0,,,,,,,,,,2528000000.0,2416000000.0,18000000.0,,129654000000.0,,,,,,,,,114790000000.0,10363000000.0,196000000.0,14826000000.0,129654000000.0,98000000.0,17000000.0,37000000.0,,,,-432000000.0,,,-662000000.0,340000000.0,4806000000.0,561000000.0,2069000000.0,,,61000000.0,,,-632000000.0,,,267000000.0,-25000000.0,
2014-06-30,,,,,,,,,1044000000.0,287000000.0,756000000.0,0.85,0.84,842155702.0,853057618.0,,,,,,,,,,2491000000.0,2416000000.0,17000000.0,,132562000000.0,,,,,,,,,117054000000.0,10666000000.0,382000000.0,15469000000.0,132562000000.0,200000000.0,43000000.0,8000000.0,,,,-350000000.0,,,-697000000.0,965000000.0,8283000000.0,1052000000.0,3449000000.0,,,107000000.0,,,-3184000000.0,,,2353000000.0,134000000.0,
2014-09-30,,,,,,,,,1509000000.0,411000000.0,1096000000.0,1.25,1.23,837854214.0,848068145.0,,,,,,,,,,2467000000.0,2416000000.0,16000000.0,,134188000000.0,,,,,,,,,118745000000.0,10886000000.0,301000000.0,15404000000.0,134188000000.0,307000000.0,63000000.0,-15000000.0,,,,-403000000.0,,,-641000000.0,1555000000.0,9890000000.0,1664000000.0,4354000000.0,,,156000000.0,,,-4920000000.0,,,3312000000.0,-53000000.0,
2014-12-31,,,,,,,,,2028000000.0,545000000.0,1481000000.0,1.68,1.66,833116349.0,842967356.0,,,,,,,,,,2465000000.0,2416000000.0,15000000.0,,138706000000.0,,,,,,,,,123041000000.0,11141000000.0,429000000.0,15626000000.0,138706000000.0,414000000.0,83000000.0,79000000.0,,,,221000000.0,,,-555000000.0,2076000000.0,10691000000.0,2265000000.0,5234000000.0,,,216000000.0,,,-8938000000.0,,,6775000000.0,-87000000.0,
2015-03-31,,,,,,,,,485000000.0,124000000.0,361000000.0,0.42,0.42,810209585.0,818672259.0,,,,,,,,,,2433000000.0,2416000000.0,14000000.0,,140470000000.0,,,,,,,,,124566000000.0,11380000000.0,588000000.0,15864000000.0,140470000000.0,107000000.0,21000000.0,-3000000.0,,,,-413000000.0,,,-155000000.0,503000000.0,4873000000.0,694000000.0,730000000.0,,,45000000.0,,,-1031000000.0,,,357000000.0,-171000000.0,
2015-06-30,,,,,,,,,902000000.0,232000000.0,676000000.0,0.78,0.77,807070071.0,815741295.0,,,,,,,,,,2298000000.0,2416000000.0,13000000.0,,141658000000.0,,,,,,,,,126020000000.0,11564000000.0,291000000.0,15605000000.0,141658000000.0,221000000.0,50000000.0,10000000.0,,,,-200000000.0,,,-150000000.0,950000000.0,14783000000.0,1587000000.0,8018000000.0,,,78000000.0,,,-3119000000.0,,,1863000000.0,-306000000.0,
2015-09-30,,,,,,,,,1417000000.0,367000000.0,1056000000.0,1.24,1.22,803269681.0,812099365.0,,,,,,,,,,2264000000.0,2416000000.0,13000000.0,,141918000000.0,,,,,,,,,126060000000.0,11826000000.0,522000000.0,15826000000.0,141918000000.0,333000000.0,78000000.0,-13000000.0,,,,-86000000.0,,,-190000000.0,1517000000.0,20573000000.0,2263000000.0,11692000000.0,,,118000000.0,,,-4170000000.0,,,2017000000.0,-636000000.0,
2015-12-31,,,,,,,,,2365000000.0,659000000.0,1712000000.0,2.03,2.01,798628173.0,807658669.0,,,,,,,,,,2239000000.0,2416000000.0,12000000.0,,141082000000.0,,,,,,,,,125212000000.0,12358000000.0,197000000.0,15839000000.0,141082000000.0,441000000.0,100000000.0,-71000000.0,,,,-94000000.0,,,-191000000.0,2418000000.0,26733000000.0,2865000000.0,16828000000.0,,,164000000.0,,,-3931000000.0,,,962000000.0,-551000000.0,
2016-03-31,,,,,,,,,435000000.0,108000000.0,327000000.0,0.4,0.4,773564178.0,778392453.0,,,,,,,,,,2185000000.0,2416000000.0,11000000.0,,142430000000.0,,,,,,,,,126075000000.0,12570000000.0,684000000.0,16323000000.0,142430000000.0,110000000.0,26000000.0,9000000.0,,,,-345000000.0,,,-114000000.0,395000000.0,4069000000.0,531000000.0,2677000000.0,,,41000000.0,,,-1184000000.0,,,547000000.0,-242000000.0,
2016-06-30,,,,,,,,,862000000.0,206000000.0,660000000.0,0.8,0.8,766334781.0,771736275.0,,,,,,,,,,2144000000.0,2416000000.0,10000000.0,,143625000000.0,,,,,,,,,126871000000.0,12778000000.0,889000000.0,16726000000.0,143625000000.0,228000000.0,63000000.0,4000000.0,,,,-195000000.0,,,-70000000.0,702000000.0,11620000000.0,1342000000.0,8886000000.0,,,87000000.0,,,-2264000000.0,,,1381000000.0,-181000000.0,
2016-09-30,,,,,,,,,1556000000.0,385000000.0,1175000000.0,1.46,1.45,761147543.0,766941312.0,,,,,,,,,,2084000000.0,2416000000.0,10000000.0,,143279000000.0,,,,,,,,,126475000000.0,13180000000.0,755000000.0,16776000000.0,143279000000.0,341000000.0,86000000.0,27000000.0,,,,-192000000.0,,,-48000000.0,1200000000.0,17884000000.0,2487000000.0,14691000000.0,,,148000000.0,,,-2207000000.0,,,631000000.0,-376000000.0,
2016-12-31,,,,,,,,,2065000000.0,505000000.0,1564000000.0,1.95,1.93,757432291.0,764495353.0,,,,,,,,,,2065000000.0,2416000000.0,9000000.0,,142177000000.0,,,,,,,,,125945000000.0,13441000000.0,59000000.0,16205000000.0,142177000000.0,453000000.0,111000000.0,-148000000.0,,,,-351000000.0,,,24000000.0,2114000000.0,24636000000.0,3776000000.0,18280000000.0,,,186000000.0,,,-2887000000.0,,,625000000.0,-148000000.0,
2017-03-31,,,,,,,,,396000000.0,91000000.0,305000000.0,0.38,0.38,747667521.0,760809239.0,,,,,,,,,,2052000000.0,2419000000.0,11000000.0,,140200000000.0,,,,,,,,,123743000000.0,13625000000.0,68000000.0,16430000000.0,140200000000.0,89000000.0,45000000.0,-11000000.0,,,,-115000000.0,,,176000000.0,536000000.0,2975000000.0,604000000.0,2191000000.0,,,52000000.0,,,1307000000.0,,,-2030000000.0,-187000000.0,
2017-06-30,,,,,,,,,890000000.0,218000000.0,672000000.0,0.84,0.83,744516799.0,756545341.0,,,,,,,,,,2041000000.0,2423000000.0,18000000.0,,141067000000.0,,,,,,,,,124621000000.0,13862000000.0,163000000.0,16419000000.0,141067000000.0,170000000.0,69000000.0,-5000000.0,,,,38000000.0,,,214000000.0,648000000.0,5828000000.0,1178000000.0,4633000000.0,,,111000000.0,,,844000000.0,,,-1681000000.0,-189000000.0,
2017-09-30,,,,,,,,,2379000000.0,694000000.0,1685000000.0,2.19,2.16,736686213.0,748706522.0,,,,,,,,,,2018000000.0,2423000000.0,18000000.0,,142264000000.0,,,,,,,,,125884000000.0,14748000000.0,185000000.0,16360000000.0,142264000000.0,255000000.0,95000000.0,-97000000.0,,,,-129000000.0,,,-44000000.0,1236000000.0,8849000000.0,1799000000.0,7484000000.0,,,155000000.0,,,906000000.0,,,-2329000000.0,-187000000.0,
2017-12-31,,,,,,,,,2771000000.0,577000000.0,2194000000.0,2.88,2.83,728289200.0,740691433.0,,,,,,,,,,2003000000.0,2445000000.0,27000000.0,,142193000000.0,,,,,,,,,125808000000.0,15122000000.0,73000000.0,16365000000.0,142193000000.0,341000000.0,118000000.0,-251000000.0,,,,23000000.0,,,22000000.0,1494000000.0,15295000000.0,2331000000.0,12637000000.0,,,200000000.0,,,414000000.0,,,-1786000000.0,122000000.0,
2018-03-31,,,,,,,,,836000000.0,132000000.0,704000000.0,0.99,0.97,689820295.0,704100936.0,,,,,,,,,,1966000000.0,2462000000.0,30000000.0,,141500000000.0,,,,,,,,,125296000000.0,15707000000.0,-389000000.0,16184000000.0,141500000000.0,93000000.0,45000000.0,24000000.0,,,,-244000000.0,,,59000000.0,265000000.0,8605000000.0,543000000.0,7345000000.0,,,48000000.0,,,163000000.0,,,-904000000.0,-476000000.0,
2018-06-30,,,,,,,,,1529000000.0,239000000.0,1290000000.0,1.8,1.77,686564682.0,700133642.0,,,,,,,,,,1915000000.0,2462000000.0,30000000.0,,140695000000.0,,,,,,,,,124443000000.0,16143000000.0,-552000000.0,16232000000.0,140695000000.0,226000000.0,80000000.0,5000000.0,,,,-316000000.0,,,51000000.0,1293000000.0,12194000000.0,997000000.0,10283000000.0,,,98000000.0,,,484000000.0,,,-2239000000.0,-462000000.0,
2018-09-30,,,,,,,,,2042000000.0,321000000.0,1721000000.0,2.43,2.38,680181785.0,693078647.0,,,,,,,,,,1896000000.0,2462000000.0,28000000.0,,141685000000.0,,,,,,,,,125835000000.0,16440000000.0,-775000000.0,15830000000.0,141685000000.0,275000000.0,106000000.0,-15000000.0,,,,-372000000.0,,,-11000000.0,1927000000.0,13322000000.0,1450000000.0,10867000000.0,,,145000000.0,,,-901000000.0,,,-1440000000.0,-414000000.0,
2018-12-31,,,,,,,,,2765000000.0,572000000.0,2193000000.0,3.11,3.06,673346168.0,685488498.0,,,,,,,,,,1861000000.0,2478000000.0,40000000.0,,146069000000.0,,,,,,,,,129819000000.0,16578000000.0,-112000000.0,16250000000.0,146069000000.0,360000000.0,127000000.0,30000000.0,,,,-303000000.0,,,15000000.0,2856000000.0,16207000000.0,1845000000.0,12430000000.0,,,192000000.0,,,-4141000000.0,,,1452000000.0,167000000.0,
2019-03-31,,,,,,,,,996000000.0,221000000.0,775000000.0,1.14,1.12,661057120.0,670685025.0,,,,,,,,,,2092000000.0,4321000000.0,218000000.0,,167853000000.0,,,,,,,,,148009000000.0,17184000000.0,409000000.0,19647000000.0,167853000000.0,89000000.0,54000000.0,-67000000.0,,,,-252000000.0,,,-38000000.0,534000000.0,3644000000.0,439000000.0,2719000000.0,,,57000000.0,,,-1121000000.0,,,655000000.0,68000000.0,
2019-06-30,,,,,,,,,1572000000.0,344000000.0,1228000000.0,1.68,1.66,738051421.0,748000000.0,,,,,,,,,,2074000000.0,4284000000.0,215000000.0,,168802000000.0,,,,,,,,,148131000000.0,17431000000.0,1178000000.0,20474000000.0,168802000000.0,198000000.0,84000000.0,-110000000.0,,,,-405000000.0,,,-259000000.0,808000000.0,8462000000.0,955000000.0,7539000000.0,,,119000000.0,,,-168000000.0,,,-557000000.0,83000000.0,
2019-09-30,,,,,,,,,2261000000.0,483000000.0,1778000000.0,2.4,2.37,727000000.0,736086399.0,,,,,,,,,,2053000000.0,4290000000.0,201000000.0,,171079000000.0,,,,,,,,,149675000000.0,17786000000.0,1635000000.0,21404000000.0,171079000000.0,289000000.0,109000000.0,-197000000.0,,,,825000000.0,,,-276000000.0,445000000.0,11204000000.0,1620000000.0,8424000000.0,,,180000000.0,,,-1327000000.0,,,1462000000.0,580000000.0,
2019-12-31,,,,,,,,,3202000000.0,690000000.0,2512000000.0,3.38,3.33,710433611.0,720065498.0,,,,,,,,,,1995000000.0,4252000000.0,201000000.0,,169369000000.0,,,,,,,,,148166000000.0,18315000000.0,1192000000.0,21203000000.0,169369000000.0,472000000.0,132000000.0,-246000000.0,,,,-20000000.0,,,-91000000.0,1824000000.0,13959000000.0,2267000000.0,10596000000.0,,,243000000.0,,,-797000000.0,,,-430000000.0,,
2020-03-31,,,,,,,,,60000000.0,14000000.0,46000000.0,0.04,0.04,714000000.0,720362697.0,,,,,,,,,,2009000000.0,4261000000.0,184000000.0,,185391000000.0,,,,,,,,,163518000000.0,17677000000.0,2477000000.0,,185391000000.0,118000000.0,53000000.0,-3000000.0,,,,192000000.0,,,-51000000.0,433000000.0,2570000000.0,564000000.0,800000000.0,,,74000000.0,,,-14181000000.0,,,13752000000.0,,
2020-06-30,,,,,,,,,304000000.0,61000000.0,243000000.0,0.27,0.27,715000000.0,719000000.0,,,,,,,,,,2053000000.0,4261000000.0,171000000.0,,202906000000.0,,,,,,,,,180571000000.0,17643000000.0,2951000000.0,,202906000000.0,231000000.0,77000000.0,-48000000.0,,,,529000000.0,,,116000000.0,1952000000.0,2815000000.0,1251000000.0,868000000.0,,,133000000.0,,,-32691000000.0,,,30682000000.0,,
2020-09-30,,,,,,,,,1051000000.0,228000000.0,823000000.0,1.05,1.04,715102136.0,719000000.0,,,,,,,,,,2090000000.0,4261000000.0,157000000.0,,201996000000.0,,,,,,,,,179045000000.0,18010000000.0,2831000000.0,,201996000000.0,358000000.0,100000000.0,-174000000.0,,,,444000000.0,,,169000000.0,2015000000.0,3568000000.0,2275000000.0,1325000000.0,,,235000000.0,,,-31593000000.0,,,29296000000.0,,
2020-12-31,,,,,,,,,1797000000.0,370000000.0,1427000000.0,1.84,1.83,715000000.0,720000000.0,,,,,,,,,,2088000000.0,4258000000.0,139000000.0,,204680000000.0,,,,,,,,,181569000000.0,18384000000.0,2601000000.0,,204680000000.0,492000000.0,123000000.0,-162000000.0,,,,855000000.0,,,349000000.0,371000000.0,5266000000.0,3646000000.0,1743000000.0,,,305000000.0,,,-31902000000.0,,,31400000000.0,-131000000.0,
2021-03-31,,,,,,,,,883000000.0,189000000.0,694000000.0,0.94,0.93,714432813.0,723425111.0,,,,,,,,,,2072000000.0,4259000000.0,127000000.0,,206899000000.0,,,,,,,,,184304000000.0,18863000000.0,1792000000.0,,206899000000.0,122000000.0,55000000.0,-186000000.0,,,,-265000000.0,,,-284000000.0,-366000000.0,3092000000.0,1341000000.0,453000000.0,,,60000000.0,,,-2322000000.0,,,2663000000.0,-25000000.0,
2021-06-30,,,,,,,,,1794000000.0,391000000.0,1403000000.0,1.89,1.87,712000000.0,721000000.0,,,,,,,,,,2073000000.0,4259000000.0,117000000.0,,205390000000.0,,,,,,,,,182464000000.0,19343000000.0,1974000000.0,,205390000000.0,243000000.0,79000000.0,-239000000.0,,,,-232000000.0,,,-125000000.0,123000000.0,5825000000.0,2948000000.0,1454000000.0,,,126000000.0,,,388000000.0,,,-373000000.0,138000000.0,
2021-09-30,,,,,,,,,2689000000.0,582000000.0,2107000000.0,2.87,2.83,707000000.0,716000000.0,,,,,,,,,,2101000000.0,4514000000.0,169000000.0,,207731000000.0,,,,,,,,,185207000000.0,19817000000.0,1637000000.0,,207731000000.0,371000000.0,100000000.0,-217000000.0,,,,-292000000.0,,,-167000000.0,1362000000.0,8772000000.0,4504000000.0,2832000000.0,,296000000.0,224000000.0,,,-2325000000.0,,,1029000000.0,66000000.0,
2021-12-31,,,,,,,,,3517000000.0,747000000.0,2770000000.0,3.78,3.73,702188552.0,711197805.0,,,,,,,,,,2120000000.0,4514000000.0,156000000.0,,211116000000.0,,,,,,,,,188906000000.0,20236000000.0,1207000000.0,,211116000000.0,349000000.0,120000000.0,-14000000.0,,,,37000000.0,,,-217000000.0,2704000000.0,11713000000.0,6079000000.0,3125000000.0,,,309000000.0,,,-7968000000.0,,,5111000000.0,-153000000.0,
2022-03-31,,,,,,,,,612000000.0,118000000.0,494000000.0,0.69,0.68,688000000.0,696242395.0,,,,,,,,,,2102000000.0,4514000000.0,145000000.0,,211459000000.0,,,,,,,,,191282000000.0,20501000000.0,-1096000000.0,,211459000000.0,109000000.0,79000000.0,19000000.0,,,,-287000000.0,,,-810000000.0,1687000000.0,14423000000.0,1438000000.0,993000000.0,,,63000000.0,,,-1617000000.0,,,-15000000.0,55000000.0,
2022-06-30,,,,,,,,,1335000000.0,279000000.0,1056000000.0,1.45,1.44,689018541.0,696000000.0,,,,,,,,,,2118000000.0,4926000000.0,194000000.0,,206782000000.0,,,,,,,,,187812000000.0,20818000000.0,-2644000000.0,18970000000.0,206782000000.0,218000000.0,107000000.0,6000000.0,,,,-357000000.0,,,-807000000.0,2645000000.0,25335000000.0,2776000000.0,3259000000.0,,,143000000.0,,,627000000.0,,,-2829000000.0,443000000.0,
2022-09-30,,,,,,,,,2179000000.0,470000000.0,1709000000.0,2.37,2.34,689278078.0,695207279.0,,,,,,,,,,2155000000.0,4925000000.0,181000000.0,,205463000000.0,,,,,,,,,188727000000.0,21219000000.0,-5306000000.0,16736000000.0,205463000000.0,324000000.0,137000000.0,-19000000.0,,,,-507000000.0,,,-522000000.0,4355000000.0,28521000000.0,3770000000.0,4242000000.0,,,240000000.0,,,-1097000000.0,,,-3184000000.0,74000000.0,
2022-12-31,,,,,,,,,3093000000.0,647000000.0,2446000000.0,3.38,3.35,689000000.0,695000000.0,,,,,1549000000.0,,,,,2187000000.0,4915000000.0,169000000.0,,207452000000.0,,,,,,,,,190125000000.0,21689000000.0,-5110000000.0,,207452000000.0,436000000.0,165000000.0,-60000000.0,,,,-646000000.0,,,-506000000.0,6428000000.0,29714000000.0,4495000000.0,4359000000.0,,,348000000.0,,,-4871000000.0,,,-1085000000.0,472000000.0,
2023-03-31,,,,,,,,,718000000.0,160000000.0,558000000.0,0.78,0.78,684017462.0,690000000.0,,,,,,,,,,2219000000.0,4915000000.0,157000000.0,,208657000000.0,,,,,,,,,190293000000.0,22032000000.0,-4245000000.0,18364000000.0,208657000000.0,117000000.0,76000000.0,-42000000.0,,,,-514000000.0,,,-242000000.0,1321000000.0,2045000000.0,608000000.0,2054000000.0,,,113000000.0,,,-2363000000.0,,,356000000.0,-686000000.0,
2023-06-30,,,,,,,,,1493000000.0,334000000.0,1159000000.0,1.6,1.59,684028603.0,688000000.0,,,,,,,,,,2275000000.0,4919000000.0,146000000.0,,207276000000.0,,,,,,,,,189467000000.0,22366000000.0,-5166000000.0,17809000000.0,207276000000.0,232000000.0,111000000.0,-127000000.0,,,,-82000000.0,,,-180000000.0,1801000000.0,3167000000.0,2084000000.0,2469000000.0,,,248000000.0,,,-1962000000.0,,,-711000000.0,-872000000.0,
2023-09-30,,,,,,,,,2338000000.0,519000000.0,1819000000.0,2.51,2.5,684224277.0,688000000.0,,,,,,,,,,2303000000.0,4919000000.0,136000000.0,,212967000000.0,,,,,,,,,196423000000.0,22747000000.0,-6839000000.0,16544000000.0,212967000000.0,347000000.0,141000000.0,-117000000.0,,,,577000000.0,,,12000000.0,2437000000.0,4795000000.0,3214000000.0,2718000000.0,,,365000000.0,,,-8655000000.0,,,5589000000.0,-629000000.0,
2023-12-31,,,,,,,,,2988000000.0,639000000.0,2349000000.0,3.23,3.22,684172079.0,688000000.0,,,,,1437000000.0,,,,,2349000000.0,4919000000.0,125000000.0,,214574000000.0,,,,,,,,,195402000000.0,22997000000.0,-4487000000.0,19172000000.0,214574000000.0,462000000.0,169000000.0,-106000000.0,,,,-326000000.0,,,162000000.0,4509000000.0,,4235000000.0,2813000000.0,,,491000000.0,,,-9488000000.0,,,4655000000.0,-324000000.0,
2024-03-31,,,,,,,,,658000000.0,138000000.0,520000000.0,0.7,0.7,686000000.0,691000000.0,,,,,,,,,,2376000000.0,4918000000.0,115000000.0,,214506000000.0,,,,,,,,,195488000000.0,23224000000.0,-4888000000.0,19018000000.0,214506000000.0,128000000.0,64000000.0,-35000000.0,,,,265000000.0,,,-120000000.0,386000000.0,1398000000.0,1238000000.0,64000000.0,,,65000000.0,,,-229000000.0,,,-503000000.0,-346000000.0,
2024-06-30,,,,,,,,,1424000000.0,302000000.0,1122000000.0,1.52,1.51,687000000.0,691082792.0,,,,,,,,,,2389000000.0,4918000000.0,107000000.0,,213262000000.0,,,,,,,,,194036000000.0,23542000000.0,-4901000000.0,19226000000.0,213262000000.0,248000000.0,100000000.0,-2000000.0,,,,243000000.0,,,-60000000.0,1065000000.0,3197000000.0,2609000000.0,289000000.0,,,156000000.0,,,1051000000.0,,,-2421000000.0,-305000000.0,
2024-09-30,,,,,,,,,2151000000.0,457000000.0,1694000000.0,2.3,2.28,684462327.0,689263426.0,,,,,,,,,,2425000000.0,4918000000.0,98000000.0,,214318000000.0,,,,,,,,,193534000000.0,23820000000.0,-3446000000.0,20784000000.0,214318000000.0,371000000.0,133000000.0,8000000.0,,,,-640000000.0,,,-93000000.0,2925000000.0,4847000000.0,3987000000.0,443000000.0,,,269000000.0,,,-104000000.0,,,-2748000000.0,73000000.0,
