Date,Net sales,Cost of sales,Gross margin,Research and development,"Selling, general and administrative",Total operating expenses,Operating income,"Other income/(expense), net",Income before provision for income taxes,Provision for income taxes,Net income,Earnings per share basic,Earnings per share diluted,Weighted-average basic,Weighted-average diluted,Cash and cash equivalents,Short-term marketable securities,"Accounts receivable, net",Inventories,Deferred tax assets,Vendor non-trade receivables,Other current assets,Total current assets,Long-term marketable securities,"Property, Plant and Equipment, Net",Goodwill,"Acquired intangible assets, net","Other Assets, Noncurrent",Total assets,accounts payable,Accrued expenses,Deferred revenue,Total current liabilities,Deferred revenue - non-current,deferred tax liabilities,long term taxes payable,Total other non-current liabilities,Total liabilities,Retained Earnings (Accumulated Deficit),Accumulated other comprehensive (loss)/income,Total shareholders equity,Total liabilities and shareholders' equity,"Depreciation, amortization and accretion",Stock-based compensation expense,Deferred income tax expense,"Increase (Decrease) in Accounts receivable, net",Increase (Decrease) in Inventories,Increase (Decrease) in Other Receivables,Increase (Decrease) in Other Operating Assets,Increase (Decrease) in Accounts Payable,Increase (Decrease) in Deferred Revenue,Increase (Decrease) Other liabilities,Cash generated by operating activities,Purchases of marketable securities,Proceeds from maturities of marketable securities,Proceeds from sales of marketable securities,Purchases of other long-term investments,"Business acquisitions, net of cash acquired",Cash payments for capital asset purchases,Payments for acquisition of intangible assets,Payments for (Proceeds from) Other Investing Activities,Cash used in investing activities,Proceeds from issuance of common stock,Excess tax benefits from stock-based compensation,Cash generated/used in financing activities,Increase/(decrease) in cash and cash equivalents,"Cash paid for income taxes, net"
2009-12-31,2826200000.0,1943600000.0,,,322300000.0,,334700000.0,,,53000000.0,228500000.0,3.15,3.12,,,76600000.0,,,350500000.0,173000000.0,,,1487700000.0,,964500000.0,209500000.0,,211400000.0,3136200000.0,290500000.0,180800000.0,,709200000.0,,,,132400000.0,,1716900000.0,-279200000.0,1076400000.0,3136200000.0,127200000.0,,,-59300000.0,20200000.0,,-24900000.0,71500000.0,,,343500000.0,,,,,34300000.0,161200000.0,,13000000.0,-200700000.0,,,-77800000.0,24200000.0,24100000.0
2010-03-31,756500000.0,489500000.0,,,90900000.0,,135900000.0,,,40700000.0,77400000.0,1.06,1.06,,,86700000.0,,,345500000.0,159100000.0,,,1637900000.0,,937500000.0,197700000.0,,213600000.0,3233000000.0,272900000.0,161700000.0,,734500000.0,,,,137400000.0,,1785100000.0,-298300000.0,1132300000.0,3233000000.0,33900000.0,4200000.0,,-148300000.0,-6900000.0,,-21000000.0,14000000.0,,,-1400000.0,,,,,0.0,31000000.0,,700000.0,-30500000.0,,,48700000.0,10100000.0,2800000.0
2010-06-30,1533300000.0,1001700000.0,,,186500000.0,,267300000.0,,,74500000.0,143100000.0,1.97,1.95,,,162400000.0,,,346000000.0,159000000.0,,,1658600000.0,,917000000.0,184100000.0,,222300000.0,3219100000.0,288800000.0,136100000.0,,737200000.0,,,,131300000.0,,1841800000.0,-323800000.0,1155000000.0,3219100000.0,66500000.0,8000000.0,,-94300000.0,-13500000.0,,-23100000.0,-8300000.0,,,199200000.0,,,,,0.0,59200000.0,,9000000.0,-65600000.0,,8400000.0,-34900000.0,85800000.0,11400000.0
2010-09-30,2305800000.0,1519500000.0,,,286400000.0,,394400000.0,,,106800000.0,226000000.0,3.11,3.08,,,267300000.0,,,366900000.0,145100000.0,,,1762400000.0,,943200000.0,199200000.0,,221900000.0,3403800000.0,322900000.0,127800000.0,,834500000.0,,,,133800000.0,,1915600000.0,-290800000.0,1302200000.0,3403800000.0,99000000.0,11600000.0,,-68400000.0,-25500000.0,,-24100000.0,-38000000.0,,,308200000.0,,,,,0.0,95300000.0,,14700000.0,-107300000.0,,51500000.0,13300000.0,190700000.0,28100000.0
2010-12-31,3116300000.0,2065600000.0,,,411200000.0,,387100000.0,,,132000000.0,172500000.0,2.38,2.36,,,161500000.0,,,347800000.0,108700000.0,,,1646200000.0,,918500000.0,194400000.0,,223700000.0,3319900000.0,389300000.0,223000000.0,,963400000.0,,,,108300000.0,,1853000000.0,-311700000.0,1131500000.0,3319900000.0,133600000.0,14700000.0,,-109900000.0,-7900000.0,,-31600000.0,-106600000.0,,,399700000.0,,,,,7500000.0,142300000.0,,6800000.0,-154000000.0,,56300000.0,-116600000.0,84900000.0,41500000.0
2011-12-31,3377900000.0,2210500000.0,1167400000.0,,442500000.0,,587300000.0,,,136500000.0,365900000.0,5.13,5.1,71028000.0,71654000.0,158900000.0,,,470300000.0,382400000.0,,98800000.0,1869400000.0,,986800000.0,225900000.0,187300000.0,198900000.0,3743500000.0,458300000.0,186200000.0,,919900000.0,,,,116800000.0,,2176200000.0,-390000000.0,1240600000.0,3743500000.0,126600000.0,15800000.0,89800000.0,77900000.0,110500000.0,,11500000.0,69300000.0,,,425600000.0,,,,,148100000.0,189500000.0,,18400000.0,-358000000.0,,7400000.0,-25300000.0,-2600000.0,47900000.0
2012-03-31,940700000.0,593400000.0,347300000.0,,129100000.0,,188000000.0,,,44800000.0,119100000.0,1.71,1.71,69168000.0,69737000.0,70800000.0,,,509900000.0,143200000.0,,,1943300000.0,,1011800000.0,230800000.0,185200000.0,215600000.0,3851600000.0,376100000.0,193400000.0,,917200000.0,,,,124700000.0,,2282900000.0,-370700000.0,1237500000.0,3851600000.0,32200000.0,5800000.0,,117300000.0,36300000.0,,300000.0,-80800000.0,,,24400000.0,,,,,21200000.0,38800000.0,,4900000.0,-67900000.0,,4700000.0,-33000000.0,-88100000.0,6900000.0
2012-06-30,1845900000.0,1160800000.0,685100000.0,,257400000.0,,363500000.0,,,90100000.0,224000000.0,1.62,1.61,137870000.0,138991000.0,75500000.0,,,559600000.0,152300000.0,,,1952700000.0,,1021000000.0,261300000.0,213500000.0,222300000.0,3907600000.0,366400000.0,176000000.0,,996400000.0,,,,129800000.0,,2375400000.0,-390800000.0,1319400000.0,3907600000.0,66700000.0,10200000.0,,64100000.0,90700000.0,,18100000.0,-87500000.0,,,267900000.0,,,,,98400000.0,81200000.0,,12700000.0,-199000000.0,,6200000.0,-130900000.0,-83400000.0,22000000.0
2012-09-30,2748300000.0,1747700000.0,1000600000.0,,385000000.0,,510300000.0,,,124500000.0,314000000.0,2.27,2.26,137731000.0,138854000.0,84400000.0,,,620500000.0,154300000.0,,,2025500000.0,,1071300000.0,270000000.0,211600000.0,265600000.0,4065900000.0,384500000.0,194500000.0,,1087300000.0,,,,143400000.0,,2453000000.0,-369200000.0,1424600000.0,4065900000.0,100400000.0,13700000.0,,84400000.0,147400000.0,,43300000.0,-71800000.0,,,364400000.0,,,,,114300000.0,128000000.0,,19200000.0,-270300000.0,,7400000.0,-137100000.0,-74500000.0,30000000.0
2012-12-31,3748300000.0,2407100000.0,1341200000.0,,527100000.0,,658200000.0,,,146700000.0,416200000.0,3.01,3.0,137701000.0,138813000.0,77100000.0,,,675700000.0,356700000.0,,101000000.0,2181800000.0,,1136200000.0,294400000.0,215700000.0,272300000.0,4373900000.0,443200000.0,192000000.0,,1135400000.0,,,,154500000.0,,2536500000.0,-408900000.0,1480300000.0,4373900000.0,137800000.0,17400000.0,57300000.0,193700000.0,198000000.0,,60200000.0,41200000.0,,,409900000.0,,,,,143200000.0,206600000.0,,32400000.0,-393600000.0,,9700000.0,-48200000.0,-81800000.0,59000000.0
2013-03-31,990200000.0,620500000.0,369700000.0,,131300000.0,,198700000.0,,,47300000.0,130900000.0,0.95,0.94,137133000.0,138083000.0,82600000.0,,,678900000.0,120200000.0,,,2285300000.0,,1127300000.0,286700000.0,210200000.0,275300000.0,4448000000.0,361900000.0,194700000.0,,987700000.0,,,,150900000.0,,2649000000.0,-406500000.0,1436100000.0,4448000000.0,33700000.0,5500000.0,,101700000.0,6200000.0,,-3100000.0,-59500000.0,,,-31900000.0,,,,,200000.0,47600000.0,,5500000.0,-55200000.0,,4300000.0,105300000.0,5500000.0,27300000.0
2013-06-30,1949600000.0,1237000000.0,712600000.0,,270100000.0,,367200000.0,,,84000000.0,248900000.0,1.82,1.81,136810000.0,137736000.0,77400000.0,,,661200000.0,128600000.0,,,2182700000.0,,1147300000.0,289200000.0,207400000.0,275700000.0,4349700000.0,344800000.0,181700000.0,,1268900000.0,,,,155000000.0,,2748400000.0,-406700000.0,1547600000.0,4349700000.0,68000000.0,9400000.0,,-27200000.0,-9000000.0,,27200000.0,-74400000.0,,,245300000.0,,,,,200000.0,96500000.0,,13400000.0,-112700000.0,,6300000.0,-119100000.0,300000.0,89500000.0
2013-09-30,2744100000.0,1758600000.0,985500000.0,,374100000.0,,479400000.0,,,113100000.0,266800000.0,1.96,1.95,135779000.0,136700000.0,109600000.0,,,707700000.0,124300000.0,,,2610700000.0,,1163500000.0,396000000.0,272300000.0,250000000.0,4930800000.0,388900000.0,257800000.0,,2066500000.0,,45400000.0,,193400000.0,,2748200000.0,-385400000.0,1324100000.0,4930800000.0,91700000.0,12200000.0,,93900000.0,14000000.0,,-2200000.0,600000.0,,,380600000.0,,,,,339600000.0,159600000.0,,52000000.0,-555300000.0,,6700000.0,253700000.0,32500000.0,124600000.0
2013-12-31,3874800000.0,2534400000.0,1340400000.0,,515800000.0,,659000000.0,,,148600000.0,293900000.0,2.16,2.16,135209000.0,136137000.0,123200000.0,,,688400000.0,232300000.0,,126300000.0,2945000000.0,,1248300000.0,389400000.0,272300000.0,262000000.0,5235200000.0,475200000.0,307000000.0,,1986700000.0,,73100000.0,,216200000.0,,2757300000.0,-201900000.0,1519800000.0,5235200000.0,127200000.0,14200000.0,19600000.0,394500000.0,-5100000.0,,32300000.0,40400000.0,,,378800000.0,,,,,339600000.0,221900000.0,,62800000.0,-628500000.0,,7100000.0,371200000.0,46100000.0,153300000.0
2014-03-31,941800000.0,613300000.0,328500000.0,,119400000.0,,173300000.0,,,39300000.0,65600000.0,0.49,0.49,133139000.0,134253000.0,92500000.0,,,702800000.0,212900000.0,,,2752500000.0,,1268700000.0,390700000.0,268400000.0,282800000.0,5090700000.0,380200000.0,276400000.0,,1726700000.0,,85200000.0,,215500000.0,,2802800000.0,-142200000.0,1633000000.0,5090700000.0,33100000.0,3800000.0,,82200000.0,12000000.0,,16100000.0,-71000000.0,,,-85300000.0,,,,,0.0,75300000.0,,1100000.0,-76400000.0,,3400000.0,-56700000.0,-30700000.0,25300000.0
2014-06-30,1929600000.0,1243500000.0,686100000.0,,244400000.0,1573400000.0,356200000.0,,327200000.0,80800000.0,174700000.0,1.31,1.3,133339000.0,134354000.0,114400000.0,,,738200000.0,216400000.0,,,2752000000.0,,1284900000.0,387800000.0,265600000.0,309000000.0,5127300000.0,393300000.0,298800000.0,,1692900000.0,,75100000.0,,217700000.0,,2891800000.0,-135700000.0,1710600000.0,5127300000.0,65700000.0,8400000.0,,15200000.0,50200000.0,,8900000.0,-52300000.0,,,148500000.0,,,,,0.0,120600000.0,,4400000.0,-125300000.0,,4000000.0,-198200000.0,-8800000.0,57300000.0
2014-09-30,2945500000.0,1935700000.0,1009800000.0,,391800000.0,2486000000.0,459500000.0,,415200000.0,88200000.0,231000000.0,1.73,1.72,133409000.0,134345000.0,124300000.0,,,754500000.0,195300000.0,,,2857300000.0,,1283300000.0,369000000.0,256500000.0,338800000.0,5251100000.0,440000000.0,280500000.0,,1741500000.0,,73700000.0,,234700000.0,,2928300000.0,-163900000.0,1723200000.0,5251100000.0,98000000.0,11500000.0,,95700000.0,78300000.0,,,1800000.0,,,234600000.0,,,,,0.0,172600000.0,,24800000.0,-197900000.0,,4400000.0,-199600000.0,1100000.0,84500000.0
2014-12-31,4037700000.0,2662700000.0,1375000000.0,,621200000.0,,545400000.0,,,73500000.0,307500000.0,2.3,2.29,133327000.0,134282000.0,109500000.0,,,636500000.0,368800000.0,,81400000.0,2934400000.0,,1308500000.0,352500000.0,246900000.0,273000000.0,5340500000.0,433500000.0,438800000.0,,1910400000.0,,51300000.0,,212800000.0,,2984500000.0,-375800000.0,1530500000.0,5340500000.0,131200000.0,14800000.0,-61000000.0,276900000.0,-33100000.0,,,-21000000.0,,,418900000.0,,,,,0.0,224700000.0,,35700000.0,-233700000.0,,4700000.0,-350000000.0,-13700000.0,109000000.0
2015-03-31,659400000.0,408700000.0,250700000.0,,297900000.0,,-96100000.0,,,-49100000.0,-46800000.0,-0.35,-0.35,133577000.0,133577000.0,105200000.0,,,640800000.0,147100000.0,,,3329600000.0,,902600000.0,324100000.0,233500000.0,281500000.0,5311700000.0,316500000.0,271200000.0,,2015600000.0,,55600000.0,,201400000.0,,2915500000.0,-409200000.0,1434900000.0,5311700000.0,22800000.0,4500000.0,,-52500000.0,50000000.0,,,-35600000.0,,,-304900000.0,,,,,,36900000.0,,17600000.0,-54200000.0,,1700000.0,364800000.0,-4300000.0,11100000.0
2015-06-30,1546500000.0,990000000.0,556500000.0,,453900000.0,,100500000.0,,,-31300000.0,742300000.0,5.54,5.52,133714000.0,134445000.0,477500000.0,,,1041100000.0,152700000.0,,,3805700000.0,,1112800000.0,728900000.0,843400000.0,334000000.0,7075200000.0,578400000.0,330400000.0,,1980600000.0,,234700000.0,,220800000.0,,3635700000.0,-399900000.0,2169800000.0,7075200000.0,54200000.0,8300000.0,,-241400000.0,40800000.0,,,-111900000.0,,,-122500000.0,,,,,1205100000.0,65200000.0,,19300000.0,-1288000000.0,,2000000.0,193900000.0,368000000.0,19000000.0
2015-09-30,2377200000.0,1600400000.0,776800000.0,,590900000.0,,4900000.0,,,-56400000.0,693100000.0,5.18,5.18,133764000.0,134375000.0,173700000.0,,,906100000.0,158100000.0,,,3238100000.0,,1082800000.0,733500000.0,847700000.0,333100000.0,6447000000.0,484200000.0,349300000.0,,1455000000.0,,235500000.0,,213100000.0,,3611200000.0,-432700000.0,2113700000.0,6447000000.0,92200000.0,12200000.0,,-315500000.0,8000000.0,,,-201100000.0,,,-246800000.0,,,,,1205100000.0,87400000.0,,25000000.0,-1281700000.0,,1600000.0,28000000.0,64200000.0,270600000.0
2015-12-31,3276500000.0,2201100000.0,1075400000.0,,737900000.0,,-50200000.0,,,47400000.0,489000000.0,3.66,3.66,133696000.0,133696000.0,78600000.0,,,800200000.0,113700000.0,,102800000.0,2971900000.0,,1016400000.0,776100000.0,837000000.0,435100000.0,6325900000.0,403600000.0,337600000.0,,1453300000.0,,173200000.0,,278800000.0,,3385000000.0,-457300000.0,1865700000.0,6325900000.0,115700000.0,15400000.0,19900000.0,-140900000.0,-78300000.0,,,-292500000.0,,,-277100000.0,,,,,1205100000.0,108500000.0,,40200000.0,-1285500000.0,,1400000.0,-16700000.0,-30900000.0,340300000.0
2016-03-31,798800000.0,517400000.0,281400000.0,,126500000.0,,106500000.0,,,30900000.0,48300000.0,0.36,0.36,133802000.0,134304000.0,64300000.0,,,854900000.0,,,,2955200000.0,,1027800000.0,800700000.0,869800000.0,451500000.0,6390400000.0,516400000.0,317700000.0,,1451300000.0,,181900000.0,,303100000.0,,3411100000.0,-394100000.0,1960200000.0,6390400000.0,33600000.0,6200000.0,,-83300000.0,53800000.0,,,123200000.0,,,107200000.0,,,,,,41800000.0,,2800000.0,-44500000.0,,300000.0,-71000000.0,-14300000.0,8000000.0
2016-06-30,1609100000.0,1026400000.0,582700000.0,,255600000.0,,231300000.0,,,62900000.0,113500000.0,0.84,0.84,133929000.0,134576000.0,93600000.0,,,881900000.0,,,,2899100000.0,,1025900000.0,795000000.0,851700000.0,430400000.0,6282200000.0,440400000.0,320500000.0,,1354100000.0,,172600000.0,,304700000.0,,3454200000.0,-406900000.0,1997100000.0,6282200000.0,67200000.0,11200000.0,,-216600000.0,89700000.0,,,36800000.0,,,242600000.0,,,,,0.0,55200000.0,,5600000.0,-59700000.0,,400000.0,-151100000.0,15000000.0,37700000.0
2016-09-30,2416800000.0,1554600000.0,862200000.0,,373400000.0,,346400000.0,,,75500000.0,193200000.0,1.44,1.44,133973000.0,134698000.0,130700000.0,,,817400000.0,,,,2804100000.0,,1031000000.0,798600000.0,849200000.0,457200000.0,6209800000.0,371600000.0,331900000.0,,1308800000.0,,174600000.0,,301500000.0,,3511800000.0,-381500000.0,2084300000.0,6209800000.0,101500000.0,15600000.0,,-236100000.0,30900000.0,,,-15000000.0,,,411000000.0,,,,,0.0,102700000.0,,100000.0,-101200000.0,,500000.0,-240400000.0,52100000.0,51900000.0
2016-12-31,3282400000.0,2082600000.0,1199800000.0,,529500000.0,,421500000.0,,,93900000.0,209100000.0,1.56,1.56,133890000.0,134538000.0,64200000.0,,,703500000.0,77400000.0,,101000000.0,2849200000.0,,1002100000.0,777500000.0,793400000.0,471300000.0,6139300000.0,355400000.0,374900000.0,,1438200000.0,,167400000.0,,295100000.0,,3505500000.0,-478400000.0,1957700000.0,6139300000.0,137100000.0,20200000.0,58100000.0,6100000.0,-72500000.0,,,-24100000.0,,,537300000.0,,,,,0.0,130800000.0,,10000000.0,-139200000.0,,400000.0,-377000000.0,-14400000.0,62800000.0
2017-03-31,596000000.0,379800000.0,216200000.0,,109700000.0,,70000000.0,,54400000.0,9400000.0,-124200000.0,-0.93,-0.92,133966000.0,135082000.0,96100000.0,,,526400000.0,,,,3554200000.0,,535100000.0,500800000.0,734600000.0,475200000.0,6036300000.0,390900000.0,258000000.0,,1488800000.0,,137000000.0,,312400000.0,,3359100000.0,-425500000.0,1877300000.0,6036300000.0,23600000.0,6300000.0,,-78800000.0,37900000.0,,,68000000.0,,,-70000000.0,,,,,,8700000.0,,17000000.0,-24900000.0,,0.0,96500000.0,31900000.0,3400000.0
2017-06-30,1252800000.0,802200000.0,450600000.0,,236100000.0,,139100000.0,,106400000.0,12700000.0,74700000.0,0.56,0.56,134237000.0,135603000.0,113200000.0,,,546300000.0,,,,3485800000.0,,538300000.0,501000000.0,763600000.0,457100000.0,5984300000.0,433500000.0,283400000.0,,1541900000.0,,151000000.0,,292100000.0,,3411700000.0,-353400000.0,2011900000.0,5984300000.0,46100000.0,11200000.0,,-279300000.0,48600000.0,,,102800000.0,,,205000000.0,,,,,,20900000.0,,31100000.0,-51200000.0,,0.0,-149800000.0,49000000.0,13900000.0
2017-12-31,2878600000.0,1777300000.0,1101300000.0,,618600000.0,,259800000.0,,,264100000.0,535800000.0,3.99,3.99,134255000.0,134255000.0,283000000.0,,,992500000.0,79300000.0,,119300000.0,3652700000.0,,1025200000.0,1198900000.0,2631800000.0,443600000.0,9206300000.0,714200000.0,497700000.0,,2209400000.0,,173200000.0,,718100000.0,,3952400000.0,-240300000.0,2681800000.0,9206300000.0,113000000.0,21100000.0,104200000.0,262400000.0,96800000.0,,,331700000.0,,,314500000.0,,,,,1225600000.0,85700000.0,,40400000.0,-1349500000.0,,0.0,1213100000.0,218800000.0,33300000.0
2018-03-31,1210700000.0,656000000.0,554700000.0,,200400000.0,,366100000.0,,331800000.0,68700000.0,267200000.0,1.98,1.96,134589000.0,136157000.0,359700000.0,,,1035200000.0,,,,4335600000.0,,1030400000.0,1242800000.0,2805200000.0,472200000.0,10149100000.0,914100000.0,611500000.0,,2686000000.0,,179100000.0,,884700000.0,,4197300000.0,-185500000.0,2986600000.0,10149100000.0,39100000.0,6300000.0,,347600000.0,31800000.0,,,194800000.0,,,-61700000.0,,,,,-13200000.0,24300000.0,,13900000.0,60100000.0,,,113900000.0,76700000.0,12000000.0
2018-06-30,2473000000.0,1374200000.0,1098800000.0,,411800000.0,,540800000.0,,471900000.0,70300000.0,396900000.0,2.93,2.91,134767000.0,136246000.0,326400000.0,,,958700000.0,,,,3993000000.0,,1014300000.0,1237200000.0,2736800000.0,448200000.0,9718200000.0,947200000.0,597300000.0,56500000.0,2448300000.0,,,,829800000.0,,4304700000.0,-293200000.0,2996200000.0,9718200000.0,82300000.0,12000000.0,,223300000.0,-6000000.0,,,251500000.0,-323700000.0,,228500000.0,,,,,-13200000.0,53300000.0,,27300000.0,18900000.0,,,-155200000.0,43400000.0,81800000.0
2018-09-30,3508600000.0,1963600000.0,1545000000.0,,619400000.0,,682600000.0,,581500000.0,100400000.0,469700000.0,3.47,3.45,134852000.0,136357000.0,176500000.0,,,995400000.0,,,,3491200000.0,,1002700000.0,1466400000.0,2739900000.0,416400000.0,9406900000.0,784200000.0,572100000.0,30100000.0,2271500000.0,,,,807700000.0,,4355100000.0,-299500000.0,3046400000.0,9406900000.0,124700000.0,17300000.0,,-91700000.0,110500000.0,,,92700000.0,-350000000.0,,460900000.0,,,,,-19600000.0,88600000.0,,42600000.0,-22500000.0,,,-485500000.0,-106500000.0,103300000.0
2018-12-31,4727800000.0,2640900000.0,2086900000.0,,851200000.0,,880500000.0,,743700000.0,88800000.0,502100000.0,3.72,3.69,134406000.0,135879000.0,161700000.0,,,1097300000.0,283400000.0,,155300000.0,4030200000.0,,1032600000.0,1468100000.0,2704300000.0,465200000.0,9974300000.0,867500000.0,594400000.0,,2993400000.0,,,,749100000.0,,4334300000.0,-308900000.0,3121100000.0,9974300000.0,168200000.0,23000000.0,-47400000.0,302200000.0,224200000.0,,,182300000.0,78400000.0,,446000000.0,,,,,-19600000.0,156600000.0,,21400000.0,-115900000.0,,0.0,-363300000.0,-121300000.0,135300000.0
2019-03-31,1192100000.0,647400000.0,544700000.0,,183900000.0,,281800000.0,,243900000.0,36300000.0,215700000.0,1.63,1.62,131887000.0,133214000.0,109500000.0,,,1137100000.0,,,,4204100000.0,,733800000.0,1470200000.0,2680400000.0,578800000.0,9946000000.0,884500000.0,537200000.0,283300000.0,3337600000.0,,,,860400000.0,,4088400000.0,-324400000.0,2761000000.0,9946000000.0,37300000.0,6100000.0,,389400000.0,109700000.0,,,91000000.0,-175300000.0,,-282900000.0,,,,,0.0,19100000.0,,1700000.0,-33400000.0,,,287600000.0,-52200000.0,34100000.0
2019-06-30,2398200000.0,1303000000.0,1095200000.0,,380800000.0,,549600000.0,,468900000.0,66900000.0,390200000.0,2.96,2.94,131446000.0,132708000.0,83400000.0,,,1153400000.0,,,,4097000000.0,,730300000.0,1470700000.0,2672100000.0,564800000.0,9824500000.0,785700000.0,584500000.0,68900000.0,3230100000.0,,,,844400000.0,,4210500000.0,-353500000.0,2763600000.0,9824500000.0,74500000.0,12900000.0,,229100000.0,127000000.0,,,-9200000.0,-389200000.0,,-216800000.0,,,,,0.0,35500000.0,,900000.0,-63100000.0,,,239100000.0,-78300000.0,89900000.0
2019-09-30,3412500000.0,1884900000.0,1527600000.0,,569100000.0,,709500000.0,,588400000.0,75600000.0,480600000.0,3.66,3.63,131106000.0,132360000.0,419700000.0,,,1167400000.0,,,,4077600000.0,,728400000.0,1466500000.0,2632200000.0,609300000.0,9803800000.0,667000000.0,576700000.0,19000000.0,2521500000.0,,,,778200000.0,,4249000000.0,-426800000.0,2649200000.0,9803800000.0,111100000.0,19200000.0,,-118700000.0,151800000.0,,,-119400000.0,-439100000.0,,65800000.0,,,,,,56800000.0,,20700000.0,-119500000.0,,,374800000.0,258000000.0,109600000.0
2019-12-31,4609800000.0,2526200000.0,2083600000.0,,792900000.0,,821600000.0,,655000000.0,111500000.0,477400000.0,3.64,3.62,130761000.0,132002000.0,339100000.0,,,1017000000.0,304200000.0,,196900000.0,4074800000.0,,758000000.0,1467500000.0,2629000000.0,685300000.0,9872700000.0,900100000.0,680600000.0,492700000.0,2723900000.0,,,,708400000.0,,4188800000.0,-412000000.0,2532300000.0,9872700000.0,150100000.0,25600000.0,46100000.0,123500000.0,-6400000.0,,,103000000.0,34100000.0,,555600000.0,,,,,0.0,93900000.0,,54000000.0,-195900000.0,,,-87000000.0,177400000.0,130900000.0
2020-03-31,1250000000.0,688500000.0,561500000.0,,189400000.0,,291400000.0,,248400000.0,34700000.0,206200000.0,1.59,1.58,129527000.0,130466000.0,436200000.0,,,1062700000.0,,,,4472000000.0,,735700000.0,1459600000.0,2611700000.0,675000000.0,10189200000.0,838400000.0,630300000.0,213500000.0,2456500000.0,,,,671200000.0,,4337900000.0,-426800000.0,2675400000.0,10189200000.0,39100000.0,7400000.0,,283800000.0,63300000.0,,,-68100000.0,-279600000.0,,-308900000.0,,,,,,15500000.0,,9100000.0,-43200000.0,,,474800000.0,97100000.0,29000000.0
2020-06-30,2405300000.0,1321100000.0,1084200000.0,,360400000.0,,559300000.0,,473400000.0,63900000.0,390600000.0,3.01,2.99,129725000.0,130558000.0,342700000.0,,,1138500000.0,,,,4288200000.0,,733800000.0,1460700000.0,2603900000.0,655800000.0,9993700000.0,842200000.0,632200000.0,7000000.0,2682900000.0,,,,620800000.0,,4465100000.0,-415200000.0,2822200000.0,9993700000.0,79200000.0,11300000.0,,131500000.0,132400000.0,,,-65100000.0,-486100000.0,,-48400000.0,,,,,,23200000.0,,20600000.0,-74400000.0,,,174900000.0,3600000.0,39300000.0
2020-09-30,3489900000.0,1939300000.0,1550600000.0,,548100000.0,,755300000.0,,622300000.0,82300000.0,502000000.0,3.86,3.84,129888000.0,130799000.0,297100000.0,,,1155500000.0,,,,4015200000.0,,739200000.0,1464200000.0,2610600000.0,684600000.0,9772200000.0,757200000.0,683600000.0,5500000.0,2368300000.0,,,,595400000.0,,4519300000.0,-357900000.0,2944500000.0,9772200000.0,120700000.0,15200000.0,,-77900000.0,141700000.0,,,-142800000.0,-487400000.0,,313500000.0,,,,,,35200000.0,,23100000.0,-100500000.0,,,-186400000.0,-42000000.0,63300000.0
2020-12-31,4642100000.0,2590100000.0,2052000000.0,,729700000.0,,902200000.0,,729800000.0,150900000.0,551500000.0,4.24,4.22,129701000.0,130584000.0,568900000.0,,,1095600000.0,347700000.0,,139500000.0,4375600000.0,,771700000.0,1468900000.0,2625200000.0,712300000.0,10186400000.0,946700000.0,674700000.0,347100000.0,2829000000.0,,,,603800000.0,,4506400000.0,-282200000.0,2961800000.0,10186400000.0,162700000.0,18900000.0,33600000.0,71800000.0,59700000.0,,,61800000.0,-145500000.0,,736800000.0,,,,,65600000.0,67200000.0,,20400000.0,-200400000.0,,,-250300000.0,229800000.0,82100000.0
2021-03-31,1195600000.0,683200000.0,512400000.0,,174500000.0,934900000.0,260700000.0,,223500000.0,32200000.0,182600000.0,1.41,1.4,129484000.0,130320000.0,416700000.0,,,1254700000.0,,,,4667100000.0,,764200000.0,1466400000.0,2583500000.0,712800000.0,10423300000.0,1074400000.0,601000000.0,12000000.0,3380100000.0,,,,568300000.0,,4627000000.0,-282800000.0,3008600000.0,10423300000.0,42600000.0,5400000.0,,216600000.0,166800000.0,,,125100000.0,-334900000.0,,-294100000.0,,,,,,25000000.0,,13900000.0,-51100000.0,4200000.0,,204700000.0,-152200000.0,24500000.0
2021-06-30,2437600000.0,1393400000.0,1044200000.0,,335500000.0,1888300000.0,549300000.0,,474700000.0,65600000.0,385500000.0,2.97,2.97,129319000.0,130132000.0,728500000.0,,,1398100000.0,,,,5197300000.0,,776700000.0,1465600000.0,2574800000.0,693200000.0,10942100000.0,1158000000.0,623800000.0,2800000.0,3841500000.0,,,,530500000.0,,4767900000.0,-304500000.0,3110700000.0,10942100000.0,85100000.0,9700000.0,,282900000.0,310400000.0,,,207500000.0,-344300000.0,,-39400000.0,,,,,,46900000.0,,19000000.0,-81200000.0,5600000.0,,315900000.0,159600000.0,65200000.0
2021-09-30,3631600000.0,2074600000.0,1557000000.0,,519000000.0,2865300000.0,766300000.0,,653500000.0,74300000.0,543400000.0,4.21,4.19,128951000.0,129714000.0,341000000.0,,,1450500000.0,,,,4728200000.0,,782200000.0,1464300000.0,2546200000.0,667300000.0,10410200000.0,1101400000.0,615100000.0,3200000.0,3427600000.0,,,,502400000.0,,4864900000.0,-284200000.0,3031400000.0,10410200000.0,128500000.0,13500000.0,,170800000.0,371200000.0,,,147200000.0,-343900000.0,,298200000.0,,,,,,76400000.0,,22200000.0,-115900000.0,5900000.0,,-367000000.0,-227900000.0,87200000.0
2021-12-31,5045200000.0,2873500000.0,2171700000.0,,714100000.0,4000300000.0,1044900000.0,,893800000.0,91600000.0,736500000.0,5.72,5.7,128403000.0,129146000.0,516800000.0,,,1405700000.0,278000000.0,,128200000.0,4937600000.0,,817000000.0,1463300000.0,2521900000.0,613800000.0,10581300000.0,1135000000.0,631200000.0,630700000.0,3520300000.0,,,,477300000.0,,4991300000.0,-315700000.0,3032500000.0,10581300000.0,170900000.0,17800000.0,9700000.0,241100000.0,331100000.0,,,144400000.0,283600000.0,,898600000.0,,,,,5200000.0,100100000.0,,13700000.0,-131700000.0,,,-747900000.0,-52100000.0,139200000.0
2022-03-31,1350800000.0,778100000.0,572700000.0,,188500000.0,1047500000.0,303300000.0,,269100000.0,42300000.0,207400000.0,1.65,1.64,126064000.0,126839000.0,365100000.0,,,1590700000.0,,,,5298400000.0,,804100000.0,1463100000.0,2491500000.0,614100000.0,10904800000.0,1057400000.0,678800000.0,40000000.0,3829300000.0,,,,487900000.0,,5131800000.0,-435600000.0,3059100000.0,10904800000.0,42400000.0,7300000.0,,317500000.0,192100000.0,,,-54500000.0,-590700000.0,,-597800000.0,,,,,,50300000.0,,4600000.0,-55900000.0,7100000.0,,515500000.0,-151700000.0,11400000.0
2022-06-30,2803100000.0,1639400000.0,1163700000.0,,383300000.0,2263900000.0,539200000.0,,465800000.0,97000000.0,341600000.0,2.7,2.69,126204000.0,126946000.0,591500000.0,,,1590400000.0,,,,5517400000.0,,797400000.0,1455800000.0,2446400000.0,602200000.0,11044200000.0,1122200000.0,594300000.0,1800000.0,3985700000.0,,,,452600000.0,,5199100000.0,-460400000.0,3108500000.0,11044200000.0,85200000.0,13100000.0,,432600000.0,235800000.0,,,38800000.0,-628800000.0,,-401900000.0,,,,,,73700000.0,,-8900000.0,-65300000.0,8300000.0,,585700000.0,74700000.0,53200000.0
2022-09-30,4180300000.0,2539100000.0,1641200000.0,,562700000.0,3430500000.0,749800000.0,,636300000.0,133000000.0,462600000.0,3.66,3.65,126224000.0,126891000.0,363800000.0,,,1731500000.0,,,,5110600000.0,,789600000.0,1574100000.0,2472700000.0,623300000.0,10764700000.0,1045700000.0,611400000.0,3300000.0,3632200000.0,,,,449400000.0,,5354800000.0,-542000000.0,3188200000.0,10764700000.0,126600000.0,18900000.0,,203500000.0,282300000.0,,,-19100000.0,-627100000.0,,15700000.0,,,,,,108400000.0,,-5700000.0,-294200000.0,8400000.0,,197700000.0,-153000000.0,91700000.0
2022-12-31,5802300000.0,3475500000.0,2326800000.0,,775200000.0,4658000000.0,1144300000.0,,983900000.0,145200000.0,736500000.0,5.83,5.81,125975000.0,126707000.0,572000000.0,,,1651600000.0,282700000.0,,105400000.0,5438600000.0,,849600000.0,1589300000.0,2508100000.0,560500000.0,11171300000.0,1252200000.0,601800000.0,680500000.0,3799600000.0,,,,445400000.0,,5555900000.0,-459600000.0,3377900000.0,11171300000.0,169400000.0,24200000.0,-52700000.0,443900000.0,182300000.0,,,165300000.0,52100000.0,,660000000.0,,,,,198200000.0,142300000.0,,-23600000.0,-266400000.0,,,-237400000.0,55200000.0,122000000.0
2023-03-31,1344300000.0,763000000.0,581300000.0,,185900000.0,1039800000.0,304500000.0,,248500000.0,41100000.0,196000000.0,1.56,1.55,125341000.0,126131000.0,494400000.0,,,1910900000.0,,,,6021800000.0,,862700000.0,1592000000.0,2500100000.0,519000000.0,11732100000.0,1182800000.0,596400000.0,14000000.0,4668300000.0,,,,455500000.0,,5679200000.0,-468800000.0,3470700000.0,11732100000.0,44700000.0,7300000.0,,288800000.0,257900000.0,,,-53900000.0,-665900000.0,,-851300000.0,,,,,,46900000.0,,4400000.0,-54400000.0,2300000.0,,840300000.0,-77600000.0,23200000.0
2023-06-30,2358800000.0,1344700000.0,1014100000.0,,391500000.0,1922100000.0,436700000.0,,311600000.0,50300000.0,226500000.0,1.81,1.8,125201000.0,125883000.0,941500000.0,,,2072300000.0,,,,6266800000.0,,867900000.0,1592300000.0,2488600000.0,499800000.0,11951700000.0,1032700000.0,685000000.0,3400000.0,4352700000.0,,,,415100000.0,,5637200000.0,-501100000.0,3353000000.0,11951700000.0,92800000.0,13600000.0,,-132200000.0,423300000.0,,,-197300000.0,-677100000.0,,-719800000.0,,,,,,75800000.0,,5300000.0,-78500000.0,3900000.0,,1194600000.0,369500000.0,105200000.0
2023-09-30,3340700000.0,1945400000.0,1395300000.0,,562800000.0,2803200000.0,537500000.0,,343600000.0,77700000.0,223000000.0,1.78,1.77,125109000.0,125684000.0,323800000.0,,,1998600000.0,,,,5322300000.0,,872500000.0,1584700000.0,2453100000.0,495200000.0,10956400000.0,662500000.0,673100000.0,1700000.0,3446500000.0,,,,405800000.0,,5561100000.0,-494500000.0,3290900000.0,10956400000.0,138400000.0,19800000.0,,97300000.0,363200000.0,,,-562000000.0,-678200000.0,,-618200000.0,,,,,,108800000.0,,7800000.0,-126800000.0,5200000.0,,562100000.0,-248200000.0,143200000.0
2023-12-31,4486800000.0,2655800000.0,1831000000.0,,734300000.0,3931200000.0,555600000.0,,300200000.0,-1119300000.0,1321500000.0,10.55,10.53,125060000.0,125533000.0,302400000.0,,,1724600000.0,1178500000.0,,80500000.0,5129100000.0,,892500000.0,1593600000.0,2465100000.0,489500000.0,11926200000.0,602400000.0,684800000.0,482100000.0,3384600000.0,,,,407400000.0,,6587100000.0,-406500000.0,4410900000.0,11926200000.0,184300000.0,25900000.0,-1292800000.0,-192400000.0,72800000.0,,,-626000000.0,-199100000.0,,-300300000.0,,,,,16500000.0,133900000.0,,9800000.0,-154400000.0,,,331500000.0,-269600000.0,180100000.0
2024-03-31,918000000.0,578300000.0,339700000.0,,163900000.0,844000000.0,74000000.0,,8000000.0,-1400000.0,-2700000.0,-0.02,-0.02,124945000.0,125242000.0,417800000.0,,,1587100000.0,,,,5198000000.0,,875600000.0,1587900000.0,2432900000.0,488800000.0,11978400000.0,589300000.0,691500000.0,88700000.0,3552900000.0,,,,414200000.0,,6511800000.0,-436600000.0,4311500000.0,11978400000.0,45700000.0,7500000.0,,,-127300000.0,,,1600000.0,-393400000.0,,-142900000.0,,,,,,20700000.0,,2700000.0,-23700000.0,0.0,,305700000.0,115400000.0,20900000.0
2024-06-30,1956400000.0,1218600000.0,737800000.0,,328700000.0,1820100000.0,136300000.0,,-5500000.0,-304900000.0,295100000.0,2.35,2.35,125009000.0,125352000.0,471500000.0,,,1435000000.0,,,,5210200000.0,,861100000.0,1509200000.0,2413200000.0,450100000.0,12130700000.0,697300000.0,700300000.0,800000.0,3523100000.0,,,,401400000.0,,6734200000.0,-424300000.0,4559400000.0,12130700000.0,90000000.0,12400000.0,,,-244100000.0,,,108800000.0,-481400000.0,,149300000.0,,,,,,30600000.0,,7200000.0,-39600000.0,200000.0,,84700000.0,169100000.0,107900000.0
2024-09-30,3021800000.0,1897600000.0,1124200000.0,,487900000.0,2749900000.0,271900000.0,,75000000.0,-298900000.0,357400000.0,2.85,2.85,125026000.0,125460000.0,416700000.0,,,1392100000.0,,,,5315500000.0,,869400000.0,1517800000.0,2421700000.0,447900000.0,12218700000.0,802900000.0,739300000.0,400000.0,3588400000.0,,,,386400000.0,,6726400000.0,-373400000.0,4607800000.0,12218700000.0,133200000.0,18100000.0,,,-301300000.0,,,206000000.0,-481800000.0,,308800000.0,,,,,,46300000.0,,5200000.0,-55900000.0,200000.0,,-101500000.0,114300000.0,137100000.0
