Date,Net sales,Cost of sales,Gross margin,Research and development,"Selling, general and administrative",Total operating expenses,Operating income,"Other income/(expense), net",Income before provision for income taxes,Provision for income taxes,Net income,Earnings per share basic,Earnings per share diluted,Weighted-average basic,Weighted-average diluted,Cash and cash equivalents,Short-term marketable securities,"Accounts receivable, net",Inventories,Deferred tax assets,Vendor non-trade receivables,Other current assets,Total current assets,Long-term marketable securities,"Property, Plant and Equipment, Net",Goodwill,"Acquired intangible assets, net","Other Assets, Noncurrent",Total assets,accounts payable,Accrued expenses,Deferred revenue,Total current liabilities,Deferred revenue - non-current,deferred tax liabilities,long term taxes payable,Total other non-current liabilities,Total liabilities,Retained Earnings (Accumulated Deficit),Accumulated other comprehensive (loss)/income,Total shareholders equity,Total liabilities and shareholders' equity,"Depreciation, amortization and accretion",Stock-based compensation expense,Deferred income tax expense,"Increase (Decrease) in Accounts receivable, net",Increase (Decrease) in Inventories,Increase (Decrease) in Other Receivables,Increase (Decrease) in Other Operating Assets,Increase (Decrease) in Accounts Payable,Increase (Decrease) in Deferred Revenue,Increase (Decrease) Other liabilities,Cash generated by operating activities,Purchases of marketable securities,Proceeds from maturities of marketable securities,Proceeds from sales of marketable securities,Purchases of other long-term investments,"Business acquisitions, net of cash acquired",Cash payments for capital asset purchases,Payments for acquisition of intangible assets,Payments for (Proceeds from) Other Investing Activities,Cash used in investing activities,Proceeds from issuance of common stock,Excess tax benefits from stock-based compensation,Cash generated/used in financing activities,Increase/(decrease) in cash and cash equivalents,"Cash paid for income taxes, net"
2009-12-26,,,1044582000.0,78161000.0,272898000.0,364967000.0,679615000.0,,686314000.0,46176000.0,640138000.0,7.67,7.53,83500000.0,85044000.0,664499000.0,120236000.0,226826000.0,152821000.0,21679000.0,,,1351271000.0,329608000.0,988782000.0,286515000.0,,48217000.0,3349512000.0,75744000.0,186682000.0,,394927000.0,,,,62600000.0,696725000.0,1001363000.0,-9596000.0,2652787000.0,3349512000.0,,,,,,,,,,,675193000.0,607356000.0,,115805000.0,,-318000.0,279941000.0,,1252000.0,-701690000.0,0.0,4892000.0,-22021000.0,-51719000.0,-147843000.0
2010-03-27,,,282036000.0,22888000.0,66864000.0,90895000.0,191141000.0,,195359000.0,23014000.0,172345000.0,2.04,2.0,84505000.0,86092000.0,420886000.0,293288000.0,269222000.0,172119000.0,22487000.0,,,1404533000.0,305802000.0,1030219000.0,286515000.0,,35207000.0,3473514000.0,76029000.0,141470000.0,,322474000.0,,,,70220000.0,626659000.0,1173708000.0,-4289000.0,2846855000.0,3473514000.0,,,,,,,,,,,31273000.0,383757000.0,,200220000.0,,,105976000.0,,-1019000.0,-262364000.0,,1568000.0,1961000.0,-243613000.0,-18892000.0
2011-12-31,2766207000.0,,971751000.0,140523000.0,412541000.0,1040415000.0,-68664000.0,,-53713000.0,-14220000.0,-39493000.0,-0.46,-0.46,86067000.0,86067000.0,605619000.0,66146000.0,310568000.0,475867000.0,355147000.0,,113729000.0,2613261000.0,116192000.0,1815958000.0,65444000.0,,190303000.0,5777614000.0,176448000.0,406659000.0,41925000.0,973724000.0,,,73054000.0,373506000.0,2133751000.0,1626071000.0,-5037000.0,3643863000.0,5777614000.0,235231000.0,114428000.0,-155505000.0,529809000.0,,,21908000.0,94674000.0,,,-33463000.0,331240000.0,128653000.0,363960000.0,,21105000.0,731814000.0,,-992000.0,-676457000.0,,110836000.0,571218000.0,-160070000.0,46153000.0
2012-03-31,497055000.0,,76745000.0,36084000.0,91820000.0,533027000.0,-456282000.0,,-456486000.0,-7070000.0,-449416000.0,-5.2,-5.2,86507000.0,86507000.0,610480000.0,53107000.0,315915000.0,582607000.0,32824000.0,,122786000.0,2900403000.0,86131000.0,1540953000.0,65444000.0,,53025000.0,5773512000.0,218216000.0,434333000.0,177583000.0,1171033000.0,,,75290000.0,409974000.0,2564516000.0,1176655000.0,-10892000.0,,5773512000.0,73164000.0,23594000.0,,26871000.0,,,4467000.0,14000000.0,,,-16136000.0,14446000.0,14800000.0,43067000.0,,2437000.0,124490000.0,,-2132000.0,-182320000.0,,9489000.0,195778000.0,4861000.0,2537000.0
2012-06-30,1454387000.0,,320486000.0,68449000.0,144004000.0,637109000.0,-316623000.0,,-321139000.0,24364000.0,-338433000.0,-3.9,-3.9,86855000.0,87653000.0,630240000.0,113453000.0,143670000.0,580737000.0,31386000.0,,85446000.0,2464424000.0,0.0,1567367000.0,65444000.0,,202129000.0,5487334000.0,194554000.0,476817000.0,195418000.0,962265000.0,,,78103000.0,507223000.0,2125895000.0,1287638000.0,-5477000.0,,5487334000.0,138229000.0,6933000.0,4896000.0,-114592000.0,,,-83977000.0,28018000.0,,,412335000.0,14446000.0,,83367000.0,,2437000.0,281972000.0,,4812000.0,-301303000.0,,66853000.0,-85906000.0,24621000.0,-25561000.0
2012-09-30,2293534000.0,,559202000.0,100821000.0,217511000.0,768780000.0,-209578000.0,,-210378000.0,40138000.0,-250516000.0,-2.89,-2.89,86992000.0,87765000.0,614699000.0,102295000.0,467640000.0,537567000.0,37361000.0,,81101000.0,2710036000.0,0.0,1549689000.0,65444000.0,,280075000.0,5981729000.0,235744000.0,575156000.0,534000.0,1139827000.0,,,96481000.0,702047000.0,2523575000.0,1375555000.0,-1745000.0,,5981729000.0,202131000.0,20969000.0,11174000.0,252574000.0,,,-85083000.0,70401000.0,,,434650000.0,18842000.0,,98857000.0,,2437000.0,339213000.0,,5000000.0,-344328000.0,,61571000.0,-84227000.0,9080000.0,-22418000.0
2012-12-31,3368545000.0,,852749000.0,132460000.0,280928000.0,890312000.0,-37563000.0,,-39804000.0,56534000.0,-96338000.0,-1.11,-1.11,86860000.0,86860000.0,901294000.0,102578000.0,553567000.0,434921000.0,342837000.0,,64219000.0,2832324000.0,0.0,1525382000.0,65444000.0,,326816000.0,6348692000.0,350230000.0,554433000.0,2056000.0,1101374000.0,,,102599000.0,292216000.0,2743166000.0,1529733000.0,10179000.0,3605526000.0,6348692000.0,262716000.0,36971000.0,12938000.0,388039000.0,,,-82120000.0,174319000.0,,,762209000.0,29200000.0,108663000.0,,,2437000.0,379228000.0,,-83000.0,-383732000.0,,27373000.0,-89109000.0,295675000.0,-21543000.0
2013-03-31,755205000.0,,169326000.0,29931000.0,74465000.0,108119000.0,61207000.0,,66189000.0,7047000.0,59142000.0,0.68,0.66,87206000.0,89377000.0,842753000.0,168993000.0,279131000.0,388509000.0,41456000.0,,58113000.0,3109926000.0,,1553205000.0,68833000.0,,58870000.0,6294425000.0,209019000.0,430503000.0,2614000.0,1533441000.0,,,105300000.0,331366000.0,2620443000.0,1588875000.0,-9085000.0,,6294425000.0,58291000.0,16488000.0,-453000.0,-286447000.0,,,-110000.0,-149715000.0,,,66455000.0,75591000.0,8775000.0,,,7934000.0,71667000.0,,2500000.0,-141600000.0,,24933000.0,21355000.0,-58541000.0,5661000.0
2013-06-30,1274965000.0,,309424000.0,60895000.0,140730000.0,209121000.0,100303000.0,,107251000.0,14511000.0,92740000.0,1.05,1.03,89201000.0,91142000.0,928657000.0,356615000.0,192580000.0,334261000.0,28878000.0,,80887000.0,3601279000.0,,1560908000.0,74930000.0,,93725000.0,6868126000.0,217587000.0,391764000.0,1682000.0,1854795000.0,,,,374871000.0,2711388000.0,1622473000.0,-21705000.0,,6868126000.0,116084000.0,23918000.0,-7769000.0,-341357000.0,,,-449000.0,-129314000.0,,,288828000.0,316285000.0,60766000.0,,,30745000.0,156856000.0,,1850000.0,-437620000.0,430368000.0,55695000.0,177221000.0,27363000.0,-5976000.0
2013-09-30,2540552000.0,,673458000.0,95879000.0,204600000.0,365251000.0,308207000.0,,315939000.0,28161000.0,287778000.0,3.14,3.08,98720000.0,100378000.0,1192648000.0,339236000.0,147741000.0,311700000.0,24649000.0,,54947000.0,3596566000.0,,1397784000.0,84985000.0,,180679000.0,6862710000.0,184837000.0,364545000.0,,1636186000.0,,,,413500000.0,2443335000.0,1817511000.0,-27372000.0,,6862710000.0,172984000.0,38211000.0,45000.0,-367841000.0,,,239000.0,-154345000.0,,,663920000.0,321086000.0,81684000.0,,,30745000.0,226360000.0,,1610000.0,-493744000.0,428190000.0,33958000.0,118881000.0,291354000.0,-5924000.0
2013-12-31,3308989000.0,,862754000.0,134300000.0,270261000.0,494225000.0,368529000.0,,378217000.0,25179000.0,353038000.0,3.77,3.7,93697000.0,95468000.0,1325072000.0,439102000.0,136383000.0,388951000.0,349998000.0,,61399000.0,3792764000.0,,1385084000.0,84985000.0,,193053000.0,6883502000.0,261333000.0,320077000.0,,1588061000.0,,,119124000.0,404381000.0,2380385000.0,1882771000.0,-25776000.0,4503117000.0,6883502000.0,234370000.0,55079000.0,-20878000.0,-564964000.0,,,1684000.0,-93259000.0,,,856126000.0,435015000.0,93984000.0,,,30745000.0,282576000.0,,3533000.0,-537106000.0,428190000.0,35076000.0,101164000.0,423778000.0,-1550000.0
2014-03-31,950158000.0,,236711000.0,38773000.0,58664000.0,97437000.0,139274000.0,,140860000.0,28853000.0,112007000.0,1.12,1.1,99591000.0,101822000.0,975194000.0,404033000.0,233761000.0,387050000.0,64622000.0,,70621000.0,3036037000.0,,1370537000.0,84985000.0,,79514000.0,6376353000.0,186278000.0,321339000.0,,997934000.0,,,71391000.0,365411000.0,1742964000.0,1994779000.0,-7885000.0,,6376353000.0,60720000.0,13298000.0,13744000.0,108182000.0,,,738000.0,-69197000.0,,,-318176000.0,0.0,33700000.0,,,0.0,50813000.0,,1502000.0,-20381000.0,,11680000.0,-13878000.0,-349878000.0,4043000.0
2014-06-30,1494511000.0,,329436000.0,71432000.0,116331000.0,188254000.0,141182000.0,,143222000.0,26687000.0,116535000.0,1.17,1.14,100148000.0,101820000.0,851346000.0,497521000.0,237924000.0,385247000.0,107265000.0,,92619000.0,3170269000.0,,1369659000.0,84985000.0,,78932000.0,6612015000.0,187530000.0,294668000.0,,1211243000.0,,,66221000.0,348991000.0,1944060000.0,1999306000.0,7429000.0,,6612015000.0,123312000.0,21452000.0,-20217000.0,145478000.0,,,2573000.0,-72423000.0,,,-199796000.0,226087000.0,164259000.0,,,0.0,113221000.0,,1480000.0,-249844000.0,0.0,16165000.0,-26654000.0,-473726000.0,7753000.0
2014-09-30,2383821000.0,,518723000.0,109025000.0,182859000.0,293781000.0,224942000.0,,224538000.0,19579000.0,204959000.0,2.05,2.02,100197000.0,101686000.0,622523000.0,492875000.0,282783000.0,445201000.0,62372000.0,,71911000.0,3253026000.0,,1384429000.0,84985000.0,,73528000.0,6439954000.0,219997000.0,348602000.0,,918672000.0,,,31565000.0,316978000.0,1646737000.0,2087731000.0,23187000.0,,6439954000.0,183139000.0,32069000.0,38351000.0,159754000.0,,,5472000.0,-38817000.0,,,-247007000.0,226087000.0,166809000.0,,,4306000.0,184249000.0,,1019000.0,-448798000.0,0.0,27849000.0,3590000.0,-702549000.0,9166000.0
2014-12-31,3391814000.0,,827105000.0,143969000.0,253827000.0,402942000.0,424163000.0,,431991000.0,30124000.0,396918000.0,3.97,3.91,100048000.0,101643000.0,1482054000.0,509032000.0,135434000.0,505088000.0,305228000.0,,75991000.0,3190466000.0,,1402304000.0,84985000.0,119236000.0,61555000.0,6724439000.0,214656000.0,388156000.0,,1001096000.0,,,46555000.0,284546000.0,1696952000.0,2279689000.0,50140000.0,5027487000.0,6724439000.0,245798000.0,43810000.0,5874000.0,-453826000.0,,,5371000.0,-52339000.0,,,680989000.0,305396000.0,227900000.0,,,4306000.0,257549000.0,,1857000.0,-511879000.0,0.0,31166000.0,7359000.0,156982000.0,17045000.0
2015-03-31,469209000.0,,38981000.0,34756000.0,67688000.0,109094000.0,-70113000.0,,-68098000.0,-5980000.0,-62292000.0,-0.62,-0.62,100375000.0,100375000.0,779908000.0,704674000.0,254217000.0,496599000.0,73419000.0,,75214000.0,3149703000.0,,1368443000.0,84985000.0,118364000.0,59865000.0,6674674000.0,202755000.0,436913000.0,,984906000.0,,,34477000.0,266121000.0,1687568000.0,2217397000.0,71474000.0,4987106000.0,6674674000.0,63260000.0,12079000.0,,125066000.0,,,347000.0,3595000.0,,,-417915000.0,374128000.0,176759000.0,,,,55342000.0,,688000.0,-290633000.0,,7747000.0,20554000.0,-702146000.0,
2015-06-30,1365426000.0,,203464000.0,64235000.0,138589000.0,216444000.0,57133000.0,,59221000.0,-39320000.0,94490000.0,0.94,0.93,100852000.0,101631000.0,1075144000.0,700017000.0,276819000.0,481975000.0,77709000.0,,72293000.0,3156206000.0,,1356231000.0,84985000.0,115454000.0,75208000.0,6803805000.0,273280000.0,367354000.0,,914107000.0,,,34425000.0,349469000.0,1762335000.0,2311888000.0,12988000.0,5041470000.0,6803805000.0,129157000.0,20933000.0,,135053000.0,,,13208000.0,70936000.0,,,-435018000.0,394313000.0,199459000.0,,,,94111000.0,,31000.0,-102778000.0,,16352000.0,143573000.0,-406910000.0,
2015-09-30,2636671000.0,,687829000.0,93865000.0,192305000.0,302988000.0,397821000.0,,397887000.0,48454000.0,382286000.0,3.8,3.75,100906000.0,102299000.0,1189703000.0,619814000.0,328927000.0,379183000.0,78092000.0,,104573000.0,3251329000.0,,1330054000.0,84985000.0,112470000.0,65173000.0,7060642000.0,303593000.0,412167000.0,,896287000.0,,,54523000.0,364509000.0,1671914000.0,2625975000.0,28491000.0,5388728000.0,7060642000.0,193923000.0,33146000.0,,351320000.0,,,2299000.0,108742000.0,,,-414016000.0,429352000.0,313359000.0,,,,139270000.0,,83000.0,-2405000.0,,23333000.0,142495000.0,-292351000.0,
2015-12-31,3578995000.0,,919267000.0,130593000.0,255192000.0,402603000.0,516664000.0,,519835000.0,-6156000.0,546421000.0,5.42,5.37,100886000.0,101815000.0,1126826000.0,703454000.0,500629000.0,380424000.0,348442000.0,,98770000.0,3345586000.0,,1284136000.0,84985000.0,110002000.0,69722000.0,7316331000.0,337668000.0,409452000.0,,960800000.0,,,66549000.0,392312000.0,1767844000.0,2790110000.0,15480000.0,5548487000.0,7316331000.0,257825000.0,44899000.0,-53751000.0,340292000.0,,,8484000.0,143872000.0,,,-360919000.0,556479000.0,353359000.0,,,0.0,166438000.0,,904000.0,-112140000.0,0.0,17707000.0,137103000.0,-355228000.0,30800000.0
2016-03-31,848484000.0,,262945000.0,30187000.0,67503000.0,97690000.0,165255000.0,,199332000.0,33764000.0,170565000.0,1.67,1.66,101853000.0,102745000.0,1086280000.0,794220000.0,349467000.0,443777000.0,,,74504000.0,3274157000.0,,1278386000.0,84985000.0,107020000.0,77757000.0,7577789000.0,274991000.0,351865000.0,,1064129000.0,,,67203000.0,401803000.0,1838844000.0,2960675000.0,27094000.0,5738945000.0,7577789000.0,58375000.0,11478000.0,,-117343000.0,,,12644000.0,-59853000.0,,,50494000.0,268963000.0,179300000.0,,,,51754000.0,,-250000.0,-110647000.0,,13716000.0,13184000.0,-40546000.0,
2016-06-30,1782865000.0,,454110000.0,63118000.0,131279000.0,279984000.0,174126000.0,,211611000.0,42811000.0,183973000.0,1.8,1.78,102287000.0,103875000.0,916660000.0,750779000.0,369135000.0,384504000.0,,,100052000.0,3076621000.0,,1268267000.0,78888000.0,68218000.0,75038000.0,7544020000.0,263062000.0,354525000.0,,952029000.0,,,66681000.0,457767000.0,1739375000.0,2974083000.0,56639000.0,5804645000.0,7544020000.0,115079000.0,18571000.0,,-8333000.0,,,9093000.0,-74569000.0,,,-24781000.0,299719000.0,253420000.0,,,,130139000.0,,4928000.0,-149148000.0,,28108000.0,-41506000.0,-210166000.0,
2016-09-30,2470894000.0,,640390000.0,95291000.0,191624000.0,377568000.0,262822000.0,,304761000.0,-50522000.0,338119000.0,3.3,3.28,103339000.0,103733000.0,1414219000.0,675985000.0,323049000.0,369086000.0,,,101248000.0,3465418000.0,,1266337000.0,78888000.0,72386000.0,77145000.0,8087660000.0,201835000.0,328969000.0,,1407324000.0,,,24215000.0,403767000.0,2141901000.0,3128229000.0,49864000.0,5945759000.0,8087660000.0,172221000.0,24467000.0,,22791000.0,,,11234000.0,-143663000.0,,,-100573000.0,422607000.0,448354000.0,,,,175868000.0,,11484000.0,-119603000.0,,18169000.0,500827000.0,287393000.0,
2016-12-31,2951328000.0,,703979000.0,124762000.0,261994000.0,1206569000.0,-502590000.0,,-471690000.0,58219000.0,-357964000.0,-3.48,-3.48,102866000.0,102866000.0,1347155000.0,607991000.0,266687000.0,363219000.0,235454000.0,,74274000.0,3786620000.0,,629142000.0,14462000.0,87970000.0,78076000.0,6867213000.0,148730000.0,262977000.0,,899707000.0,,,24099000.0,428120000.0,1654526000.0,2463279000.0,-9907000.0,5212687000.0,6867213000.0,230940000.0,28712000.0,93040000.0,-92747000.0,,,19423000.0,-191642000.0,,,206753000.0,422609000.0,525515000.0,,,10272000.0,229452000.0,,9959000.0,144520000.0,,,-136393000.0,,1900000.0
2017-03-31,891791000.0,,84184000.0,22799000.0,48199000.0,92179000.0,-7995000.0,,15360000.0,5679000.0,9129000.0,0.09,0.09,104103000.0,104410000.0,1656245000.0,789442000.0,151186000.0,432602000.0,,,55888000.0,3330238000.0,,691767000.0,14462000.0,85902000.0,85104000.0,6604503000.0,143455000.0,185337000.0,24754000.0,527051000.0,,,25378000.0,414752000.0,1376697000.0,2471971000.0,-12210000.0,5227806000.0,6604503000.0,32968000.0,7051000.0,,-252244000.0,,,6985000.0,-3013000.0,,,493144000.0,359283000.0,177678000.0,,,,112993000.0,,-1408000.0,-293190000.0,,,102164000.0,,
2017-06-30,1515117000.0,,195077000.0,44140000.0,97156000.0,189144000.0,13928000.0,,25326000.0,-40028000.0,61092000.0,0.59,0.58,104338000.0,104611000.0,1509516000.0,719569000.0,260994000.0,344473000.0,,,61767000.0,3436912000.0,,784937000.0,14462000.0,83834000.0,88005000.0,6680286000.0,118075000.0,190453000.0,31503000.0,503848000.0,,,26353000.0,402669000.0,1388977000.0,2523934000.0,-12023000.0,5291309000.0,6680286000.0,60940000.0,15423000.0,,135234000.0,,,8070000.0,-37902000.0,,,325340000.0,364277000.0,252809000.0,,,,217502000.0,,-2528000.0,-326442000.0,,,136918000.0,138888000.0,
2017-09-30,2602143000.0,,486877000.0,64990000.0,147702000.0,273955000.0,212922000.0,,234608000.0,-26769000.0,266839000.0,2.56,2.54,104432000.0,105660000.0,2019073000.0,699544000.0,344645000.0,217555000.0,,,52085000.0,3966494000.0,,940119000.0,14462000.0,81765000.0,98173000.0,7054693000.0,130704000.0,317325000.0,69095000.0,579017000.0,63643000.0,,25222000.0,469364000.0,1542297000.0,2729681000.0,-5856000.0,5512396000.0,7054693000.0,89552000.0,25527000.0,,328556000.0,,,16453000.0,-21198000.0,,,906719000.0,478324000.0,386309000.0,,,,315129000.0,,-3185000.0,-403959000.0,,,151606000.0,663786000.0,
2017-12-31,2941324000.0,,548947000.0,88573000.0,202699000.0,371096000.0,177851000.0,,202115000.0,371996000.0,-165615000.0,-1.59,-1.59,104328000.0,104328000.0,2268534000.0,720379000.0,211797000.0,172370000.0,50573000.0,,56856000.0,3832772000.0,,1154537000.0,14462000.0,80227000.0,83259000.0,6864501000.0,120220000.0,366827000.0,81816000.0,650276000.0,63257000.0,,89724000.0,568454000.0,1765804000.0,2297227000.0,2259000.0,5098697000.0,6864501000.0,115313000.0,35121000.0,240932000.0,-85760000.0,,,1269000.0,-47191000.0,,,1340677000.0,580971000.0,466309000.0,,,,514357000.0,,243000.0,-626802000.0,,,192045000.0,914786000.0,1200000.0
2018-03-31,567265000.0,,172798000.0,20324000.0,41126000.0,98534000.0,74264000.0,,96323000.0,11625000.0,82951000.0,0.79,0.78,104550000.0,106305000.0,1858338000.0,1020136000.0,273277000.0,174070000.0,,,113784000.0,3770299000.0,,1311642000.0,14462000.0,79607000.0,94699000.0,6840189000.0,136897000.0,297446000.0,67336000.0,553738000.0,62535000.0,,91591000.0,524911000.0,1680818000.0,2380178000.0,-18583000.0,5159371000.0,6840189000.0,24419000.0,8652000.0,,37633000.0,,,8260000.0,1909000.0,,,-45286000.0,366429000.0,167134000.0,,,,177725000.0,,5228000.0,-374689000.0,,,42156000.0,-382893000.0,
2018-06-30,876583000.0,711843000.0,164740000.0,40694000.0,91980000.0,194110000.0,-103634000.0,,-94740000.0,-6164000.0,-48491000.0,-0.46,-0.46,104776000.0,106234000.0,2024491000.0,1110421000.0,125379000.0,234201000.0,,,65223000.0,3986040000.0,,1484177000.0,14462000.0,77095000.0,93448000.0,7025692000.0,161139000.0,381053000.0,199482000.0,815412000.0,58771000.0,,93429000.0,484061000.0,1914864000.0,2331688000.0,-30237000.0,5110828000.0,7025692000.0,54764000.0,19236000.0,,-81655000.0,,,7575000.0,22627000.0,,,83856000.0,761633000.0,471444000.0,10800000.0,,,372623000.0,,5973000.0,-372821000.0,,,69991000.0,-232051000.0,
2018-09-30,1552803000.0,1258936000.0,293867000.0,63084000.0,125519000.0,264762000.0,58475000.0,,64962000.0,7857000.0,92210000.0,0.88,0.87,104804000.0,106211000.0,1434883000.0,1295049000.0,141699000.0,296038000.0,,,44347000.0,3886089000.0,,1671129000.0,14462000.0,74585000.0,96954000.0,7094555000.0,154602000.0,433117000.0,215900000.0,868184000.0,47677000.0,,83789000.0,457964000.0,1923598000.0,2389438000.0,-35171000.0,5170957000.0,7094555000.0,89192000.0,26787000.0,,178723000.0,,,12694000.0,28591000.0,,,-141310000.0,1102440000.0,627106000.0,10800000.0,,,610620000.0,,5823000.0,-795723000.0,,,143183000.0,-806304000.0,
2018-12-31,2244044000.0,1851867000.0,392177000.0,84472000.0,176857000.0,352064000.0,40113000.0,,113147000.0,3441000.0,144326000.0,1.38,1.36,104745000.0,106113000.0,1403562000.0,1143704000.0,128282000.0,387912000.0,64641000.0,,44399000.0,3859523000.0,,1756211000.0,14462000.0,74162000.0,95692000.0,7121362000.0,233287000.0,441580000.0,129755000.0,845457000.0,48014000.0,,83058000.0,467839000.0,1908959000.0,2441553000.0,-54466000.0,5212403000.0,7121362000.0,130736000.0,34154000.0,52488000.0,202298000.0,,,11920000.0,96443000.0,,,-326809000.0,1369036000.0,1135984000.0,10800000.0,,,739838000.0,,6148000.0,-682714000.0,,,255228000.0,-767853000.0,58800000.0
2019-03-31,531978000.0,531866000.0,112000.0,21877000.0,45352000.0,76751000.0,-76639000.0,,-68820000.0,-1394000.0,-67599000.0,-0.64,-0.64,105046000.0,105046000.0,1013402000.0,1103812000.0,301669000.0,459472000.0,,,37580000.0,3662826000.0,,1859293000.0,14462000.0,71641000.0,241953000.0,7256926000.0,221738000.0,408031000.0,166984000.0,836516000.0,50451000.0,,84817000.0,598665000.0,2127765000.0,2373954000.0,-59013000.0,5129161000.0,7256926000.0,48872000.0,5019000.0,,82896000.0,,,-26481000.0,-15066000.0,,,-303440000.0,260715000.0,270091000.0,,,,149168000.0,,-21000.0,-139771000.0,,,87838000.0,-355998000.0,
2019-06-30,1116934000.0,1039640000.0,77294000.0,46272000.0,96286000.0,162517000.0,-85223000.0,,-75527000.0,11744000.0,-86147000.0,-0.82,-0.82,105369000.0,105369000.0,1221568000.0,807561000.0,269527000.0,586621000.0,,,37332000.0,3412246000.0,,2006334000.0,14462000.0,69119000.0,248103000.0,7137807000.0,242541000.0,421595000.0,112237000.0,843319000.0,45445000.0,,85695000.0,570113000.0,2002683000.0,2355406000.0,-46920000.0,5135124000.0,7137807000.0,98816000.0,15782000.0,,-188300000.0,,,3231000.0,5505000.0,,,-289870000.0,380900000.0,687951000.0,20000000.0,,,327836000.0,,-2899000.0,-17886000.0,,,80719000.0,-229055000.0,
2019-09-30,1663740000.0,1448083000.0,215657000.0,71184000.0,149828000.0,259576000.0,-43919000.0,,45592000.0,25385000.0,-55525000.0,-0.53,-0.53,105397000.0,106227000.0,878999000.0,661552000.0,367306000.0,576770000.0,,,27653000.0,3043490000.0,,2106968000.0,14462000.0,66785000.0,247715000.0,7054687000.0,218088000.0,377364000.0,93283000.0,760806000.0,41000000.0,,88786000.0,524349000.0,1872204000.0,2386028000.0,-39518000.0,5182483000.0,7054687000.0,149970000.0,25408000.0,,-51803000.0,,,-18326000.0,-532000.0,,,-607492000.0,668052000.0,1120961000.0,52000000.0,,,510571000.0,,-3027000.0,-54635000.0,,,81742000.0,-587117000.0,
2019-12-31,3063117000.0,2513905000.0,549212000.0,96611000.0,205471000.0,710997000.0,-161785000.0,,-120129000.0,-5480000.0,-114933000.0,-1.09,-1.09,105310000.0,105310000.0,1352741000.0,811506000.0,475039000.0,443513000.0,124278000.0,,22040000.0,3599834000.0,,2181149000.0,14462000.0,64543000.0,249854000.0,7515689000.0,218081000.0,351260000.0,323217000.0,1318208000.0,71438000.0,,90201000.0,508766000.0,2418922000.0,2326620000.0,-79334000.0,5096767000.0,7515689000.0,205475000.0,37429000.0,-60411000.0,73594000.0,,,-28728000.0,-336000.0,,,174201000.0,1177336000.0,1486631000.0,52000000.0,,,668717000.0,,2876000.0,-362298000.0,,,74943000.0,-116113000.0,34700000.0
2020-03-31,532124000.0,441786000.0,90338000.0,25613000.0,58587000.0,88682000.0,1656000.0,,1577000.0,-89215000.0,90704000.0,0.86,0.85,105595000.0,106386000.0,929355000.0,579340000.0,290281000.0,479792000.0,,,25383000.0,2747843000.0,,2244175000.0,14462000.0,63918000.0,377254000.0,6949141000.0,173762000.0,296796000.0,136998000.0,732435000.0,69505000.0,,92519000.0,519487000.0,1780519000.0,2408111000.0,-83650000.0,5168622000.0,6949141000.0,56279000.0,7204000.0,,-242680000.0,,,54925000.0,-38161000.0,,,-504864000.0,405794000.0,628936000.0,130800000.0,,,112546000.0,,14150000.0,96446000.0,,,-13440000.0,-427632000.0,
2020-06-30,1174535000.0,946737000.0,227798000.0,48096000.0,110357000.0,175246000.0,52552000.0,,48399000.0,-79001000.0,127615000.0,1.21,1.2,105927000.0,106473000.0,1052700000.0,494080000.0,287684000.0,518242000.0,,,18561000.0,2731176000.0,,2324413000.0,14462000.0,61194000.0,451065000.0,7072618000.0,158800000.0,310649000.0,130575000.0,747036000.0,57100000.0,,93566000.0,570520000.0,1845822000.0,2445022000.0,-67260000.0,5226796000.0,7072618000.0,113876000.0,10980000.0,,-303030000.0,,,46720000.0,-43524000.0,,,-357095000.0,541266000.0,857130000.0,160500000.0,,,220952000.0,,13625000.0,81287000.0,,,-22669000.0,-298699000.0,
2020-09-30,2102100000.0,1581287000.0,520813000.0,71068000.0,160218000.0,261098000.0,259715000.0,,241608000.0,-40894000.0,282652000.0,2.67,2.65,105967000.0,106751000.0,1277054000.0,353819000.0,218783000.0,567785000.0,,,14073000.0,2800493000.0,,2386591000.0,14462000.0,58469000.0,435658000.0,6985217000.0,153925000.0,298133000.0,115592000.0,731091000.0,46000000.0,,95536000.0,511963000.0,1589104000.0,2600059000.0,-59697000.0,5396113000.0,6985217000.0,173277000.0,18189000.0,,-330090000.0,,,30804000.0,-58311000.0,,,-149198000.0,642993000.0,1100176000.0,188100000.0,,,327284000.0,,13577000.0,116322000.0,,,-98196000.0,-129821000.0,
2020-12-31,2711332000.0,2030659000.0,680673000.0,93738000.0,222918000.0,363184000.0,317489000.0,,293190000.0,-107294000.0,398355000.0,3.76,3.73,105867000.0,106686000.0,1227002000.0,520066000.0,266086000.0,567587000.0,80428000.0,,13237000.0,3014535000.0,,2402285000.0,14462000.0,56138000.0,434130000.0,7108931000.0,183349000.0,310467000.0,188813000.0,847398000.0,44919000.0,,6515000.0,372226000.0,1588003000.0,2715762000.0,-61726000.0,5520928000.0,7108931000.0,232925000.0,29267000.0,11538000.0,-345150000.0,,,32073000.0,-43285000.0,,,37120000.0,901924000.0,1192832000.0,188100000.0,,,416635000.0,,5500000.0,-131227000.0,,,-82587000.0,-172916000.0,22200000.0
2021-03-31,803374000.0,618607000.0,184767000.0,19873000.0,52087000.0,83314000.0,252348000.0,,256161000.0,46490000.0,209671000.0,1.98,1.96,106088000.0,106890000.0,972879000.0,562735000.0,790096000.0,550270000.0,,,15828000.0,3136890000.0,,2397986000.0,14462000.0,53404000.0,673652000.0,7108910000.0,186087000.0,217483000.0,206530000.0,669341000.0,55000000.0,,,362207000.0,1414130000.0,2925433000.0,-84650000.0,5694780000.0,7108910000.0,63205000.0,3115000.0,,320461000.0,-12602000.0,,20814000.0,7853000.0,,,-279478000.0,292308000.0,508289000.0,5500000.0,,,90155000.0,,-43000.0,271838000.0,,,-31451000.0,-39743000.0,
2021-06-30,1432554000.0,1073669000.0,358885000.0,43808000.0,88433000.0,145310000.0,362725000.0,,358956000.0,66836000.0,292120000.0,2.75,2.73,106313000.0,106866000.0,1346888000.0,418505000.0,583028000.0,603057000.0,,,12324000.0,3155476000.0,,2396641000.0,14462000.0,50669000.0,752870000.0,7248473000.0,148326000.0,216556000.0,237244000.0,660923000.0,91200000.0,,,398105000.0,1464838000.0,3007882000.0,-83461000.0,5783635000.0,7248473000.0,128913000.0,8545000.0,,255832000.0,61942000.0,,17750000.0,-10795000.0,,,-102229000.0,389352000.0,749447000.0,5500000.0,,,180782000.0,,6628000.0,470088000.0,,,-9090000.0,359675000.0,
2021-09-30,2016058000.0,1532593000.0,483465000.0,69234000.0,131909000.0,217157000.0,413592000.0,,404996000.0,67673000.0,337323000.0,3.18,3.16,106320000.0,106899000.0,1367464000.0,554601000.0,248341000.0,647439000.0,,,17297000.0,3046325000.0,,2505921000.0,14462000.0,47935000.0,492093000.0,7268630000.0,170041000.0,231163000.0,238810000.0,715236000.0,68700000.0,,,341817000.0,1438555000.0,3053085000.0,-88744000.0,5830075000.0,7268630000.0,194606000.0,14974000.0,,-79565000.0,116017000.0,,39264000.0,879000.0,,,203092000.0,1107704000.0,1075768000.0,5500000.0,,,345399000.0,,6453000.0,-83289000.0,,,-9210000.0,112280000.0,
2021-12-31,2923377000.0,2193423000.0,729954000.0,99115000.0,170320000.0,290487000.0,586751000.0,,572162000.0,103469000.0,468693000.0,4.41,4.38,106263000.0,106924000.0,1450654000.0,375389000.0,429436000.0,666299000.0,31463000.0,,244192000.0,3191243000.0,,2649587000.0,14462000.0,45509000.0,438764000.0,7413746000.0,193374000.0,288450000.0,201868000.0,726878000.0,95943000.0,,,352167000.0,1454195000.0,3184455000.0,-96362000.0,5959551000.0,7413746000.0,259900000.0,20902000.0,80360000.0,96951000.0,136365000.0,,,34919000.0,,,237559000.0,2147136000.0,2294595000.0,5500000.0,,,540291000.0,,6707000.0,-99040000.0,,,40550000.0,182243000.0,38200000.0
2022-03-31,367040000.0,355577000.0,11463000.0,27108000.0,36728000.0,71174000.0,-57804000.0,,-62754000.0,-19499000.0,-43255000.0,-0.41,-0.41,106412000.0,106412000.0,,223091000.0,293357000.0,840750000.0,,,282668000.0,2994993000.0,,2785824000.0,14462000.0,42769000.0,435202000.0,7399225000.0,146233000.0,334975000.0,218923000.0,734990000.0,154900000.0,,,404251000.0,1524050000.0,3141200000.0,-129450000.0,5875175000.0,7399225000.0,65207000.0,3503000.0,,-144286000.0,175990000.0,,,-55371000.0,,,-138839000.0,750220000.0,900165000.0,,,,154761000.0,,-12000.0,-2944000.0,,,5764000.0,-120857000.0,
2022-06-30,987995000.0,999732000.0,-23200000.0,52337000.0,75622000.0,148528000.0,144827000.0,,139604000.0,83799000.0,55805000.0,0.52,0.52,106586000.0,107056000.0,,143944000.0,454431000.0,810461000.0,,,237926000.0,3383417000.0,,2988979000.0,14462000.0,38728000.0,306956000.0,7419369000.0,160963000.0,344205000.0,227466000.0,803554000.0,278200000.0,,,415825000.0,1523542000.0,3197005000.0,-170230000.0,5895827000.0,7419369000.0,131760000.0,9267000.0,,-145784000.0,160456000.0,,,-29875000.0,,,-50821000.0,971205000.0,1198254000.0,,,,353448000.0,,-72000.0,138287000.0,,,125616000.0,253016000.0,
2022-09-30,1616928000.0,1607683000.0,20982000.0,81520000.0,121990000.0,243847000.0,-68353000.0,,-61680000.0,51788000.0,-49168000.0,-0.46,-0.46,106596000.0,106596000.0,1150982000.0,776213000.0,325421000.0,810660000.0,,,240325000.0,3338750000.0,,3124079000.0,14462000.0,36631000.0,311200000.0,7492817000.0,188280000.0,333140000.0,235293000.0,816268000.0,348940000.0,,,473815000.0,1664480000.0,3147837000.0,-199850000.0,5828337000.0,7492817000.0,199183000.0,21121000.0,,-177020000.0,161725000.0,,,-15057000.0,,,78154000.0,2278125000.0,1870973000.0,,,,576704000.0,,2561000.0,-622519000.0,,,209461000.0,-295038000.0,
2022-12-31,2619319000.0,2549461000.0,69858000.0,112804000.0,164724000.0,350605000.0,-27236000.0,,8598000.0,52764000.0,-44166000.0,-0.41,-0.41,106551000.0,106551000.0,1481269000.0,1096712000.0,324337000.0,621376000.0,49751000.0,,237073000.0,3791421000.0,,3536902000.0,14462000.0,31106000.0,319842000.0,8251228000.0,341409000.0,382782000.0,263215000.0,1038048000.0,944725000.0,,,119937000.0,2415173000.0,3140289000.0,-191817000.0,5836055000.0,8251228000.0,269724000.0,28656000.0,-6053000.0,-118724000.0,-16693000.0,,72602000.0,,912946000.0,-11948000.0,873369000.0,3375008000.0,2646787000.0,,,,903605000.0,,3050000.0,-1192574000.0,,,309392000.0,37625000.0,
2023-03-31,548286000.0,436235000.0,112051000.0,30510000.0,44028000.0,94032000.0,18002000.0,,35673000.0,-6888000.0,42561000.0,0.4,0.4,106675000.0,107154000.0,906634000.0,1364607000.0,298620000.0,751407000.0,,,272702000.0,3619864000.0,,3858604000.0,14462000.0,28477000.0,386720000.0,8564596000.0,285760000.0,391912000.0,398694000.0,1174173000.0,949687000.0,,,121372000.0,2695868000.0,3182850000.0,-179982000.0,5868728000.0,8564596000.0,68855000.0,6600000.0,,-33933000.0,122996000.0,,66493000.0,,139713000.0,1113000.0,-34598000.0,1470600000.0,1196334000.0,,,,370961000.0,,0.0,-645227000.0,,,107686000.0,-570644000.0,
2023-06-30,1358959000.0,936488000.0,422471000.0,67255000.0,90356000.0,236072000.0,186517000.0,,224144000.0,17892000.0,213140000.0,2.0,1.99,106827000.0,107278000.0,829913000.0,1054044000.0,631335000.0,756173000.0,,,352181000.0,3660730000.0,,4020178000.0,28646000.0,70435000.0,414003000.0,8997166000.0,245834000.0,303322000.0,390231000.0,1090614000.0,1157190000.0,,,140253000.0,2957528000.0,3353429000.0,-186051000.0,6039638000.0,8997166000.0,140560000.0,15011000.0,,177591000.0,131625000.0,,105243000.0,,211721000.0,40898000.0,-124276000.0,2492495000.0,2538069000.0,34900000.0,,35540000.0,753656000.0,,0.0,-743622000.0,,,216578000.0,-648866000.0,
2023-09-30,2160049000.0,1361403000.0,798646000.0,108445000.0,140528000.0,339493000.0,459482000.0,,514609000.0,33071000.0,481538000.0,4.51,4.49,106834000.0,107498000.0,1492958000.0,329516000.0,753520000.0,882787000.0,,,331618000.0,3824002000.0,,4072857000.0,28473000.0,66379000.0,430266000.0,9582645000.0,110795000.0,600421000.0,372167000.0,1199105000.0,1349602000.0,,,137391000.0,3280269000.0,3621827000.0,-198970000.0,6302376000.0,9582645000.0,218303000.0,23209000.0,,385046000.0,247729000.0,,149635000.0,,472934000.0,-9889000.0,41151000.0,3220467000.0,3996439000.0,34900000.0,,35739000.0,1039863000.0,,0.0,-299630000.0,,,276114000.0,16780000.0,
2023-12-31,3318602000.0,2017923000.0,1300679000.0,152307000.0,197622000.0,450296000.0,857266000.0,,891290000.0,60513000.0,830777000.0,7.78,7.74,106795000.0,107372000.0,1946994000.0,155495000.0,660776000.0,819899000.0,100048000.0,,391900000.0,4634809000.0,,4397285000.0,29687000.0,64511000.0,478604000.0,10365132000.0,207178000.0,524829000.0,413579000.0,1306158000.0,1591604000.0,,,180710000.0,3677663000.0,3971066000.0,-174131000.0,6687469000.0,10365132000.0,307994000.0,34219000.0,-13232000.0,304183000.0,205106000.0,,224333000.0,,783207000.0,-13114000.0,602260000.0,3612801000.0,4563890000.0,34900000.0,,35739000.0,1386775000.0,,9046000.0,-472791000.0,,,336853000.0,471607000.0,90900000.0
2024-03-31,794108000.0,448105000.0,346003000.0,42742000.0,45827000.0,103977000.0,243141000.0,,255519000.0,18903000.0,236616000.0,2.21,2.2,106910000.0,107407000.0,1682081000.0,308016000.0,669745000.0,970871000.0,,,425919000.0,4241393000.0,,4915686000.0,28735000.0,61889000.0,535751000.0,10760582000.0,239237000.0,528060000.0,692675000.0,1758717000.0,1375407000.0,,,170999000.0,3858068000.0,4207682000.0,-183605000.0,6902514000.0,10760582000.0,90584000.0,6791000.0,,-17499000.0,149470000.0,,89610000.0,,37978000.0,1108000.0,267723000.0,569446000.0,416971000.0,,,,413456000.0,,2697000.0,-568628000.0,,,40697000.0,-262146000.0,
2024-06-30,1804590000.0,959698000.0,844892000.0,94679000.0,92387000.0,230355000.0,615652000.0,,632650000.0,46678000.0,585972000.0,5.48,5.45,107042000.0,107525000.0,1702913000.0,37430000.0,647565000.0,1027872000.0,,,527109000.0,3948923000.0,,5139000000.0,28834000.0,59267000.0,555124000.0,11014255000.0,230894000.0,540126000.0,689468000.0,1772629000.0,1258880000.0,,,173821000.0,3758858000.0,4557038000.0,-188317000.0,7255397000.0,11014255000.0,187921000.0,15191000.0,,-29613000.0,215493000.0,,168363000.0,,-12499000.0,212000.0,460737000.0,1113826000.0,1224167000.0,67500000.0,,0.0,778618000.0,,7697000.0,-675974000.0,,,-27655000.0,-248492000.0,
2024-09-30,2692258000.0,1402055000.0,1290203000.0,144876000.0,138680000.0,353667000.0,937651000.0,,959992000.0,61064000.0,898928000.0,8.4,8.36,107049000.0,107562000.0,1005130000.0,264691000.0,762138000.0,1250629000.0,,,528856000.0,3818103000.0,,5326121000.0,29585000.0,56645000.0,615766000.0,11436638000.0,265320000.0,520835000.0,645050000.0,1782165000.0,1320331000.0,,,228138000.0,3842990000.0,4869994000.0,-168860000.0,7593648000.0,11436638000.0,299079000.0,21987000.0,,68823000.0,434375000.0,,183127000.0,,-13159000.0,2139000.0,407003000.0,2014764000.0,1897997000.0,67500000.0,,0.0,1212537000.0,,12617000.0,-1341921000.0,,,-5879000.0,-943602000.0,
