Date,Net sales,Cost of sales,Gross margin,Research and development,"Selling, general and administrative",Total operating expenses,Operating income,"Other income/(expense), net",Income before provision for income taxes,Provision for income taxes,Net income,Earnings per share basic,Earnings per share diluted,Weighted-average basic,Weighted-average diluted,Cash and cash equivalents,Short-term marketable securities,"Accounts receivable, net",Inventories,Deferred tax assets,Vendor non-trade receivables,Other current assets,Total current assets,Long-term marketable securities,"Property, Plant and Equipment, Net",Goodwill,"Acquired intangible assets, net","Other Assets, Noncurrent",Total assets,accounts payable,Accrued expenses,Deferred revenue,Total current liabilities,Deferred revenue - non-current,deferred tax liabilities,long term taxes payable,Total other non-current liabilities,Total liabilities,Retained Earnings (Accumulated Deficit),Accumulated other comprehensive (loss)/income,Total shareholders equity,Total liabilities and shareholders' equity,"Depreciation, amortization and accretion",Stock-based compensation expense,Deferred income tax expense,"Increase (Decrease) in Accounts receivable, net",Increase (Decrease) in Inventories,Increase (Decrease) in Other Receivables,Increase (Decrease) in Other Operating Assets,Increase (Decrease) in Accounts Payable,Increase (Decrease) in Deferred Revenue,Increase (Decrease) Other liabilities,Cash generated by operating activities,Purchases of marketable securities,Proceeds from maturities of marketable securities,Proceeds from sales of marketable securities,Purchases of other long-term investments,"Business acquisitions, net of cash acquired",Cash payments for capital asset purchases,Payments for acquisition of intangible assets,Payments for (Proceeds from) Other Investing Activities,Cash used in investing activities,Proceeds from issuance of common stock,Excess tax benefits from stock-based compensation,Cash generated/used in financing activities,Increase/(decrease) in cash and cash equivalents,"Cash paid for income taxes, net"
2012-03-31,117247000.0,31043000.0,86204000.0,19667000.0,,67489000.0,18715000.0,-71000.0,19729000.0,5556000.0,14173000.0,0.09,0.09,156010000.0,165751000.0,74783000.0,,84759000.0,17959000.0,6963000.0,,,551500000.0,,9560000.0,,,8625000.0,788444000.0,13764000.0,16721000.0,216558000.0,270961000.0,98014000.0,,,21142000.0,390117000.0,57938000.0,2130000.0,398327000.0,788444000.0,2082000.0,7246000.0,,-10763000.0,3409000.0,,-569000.0,-6319000.0,19696000.0,-273000.0,48518000.0,,,115026000.0,,550000.0,1624000.0,,,-62299000.0,,2320000.0,15871000.0,2793000.0,1010000.0
2012-06-30,246209000.0,68170000.0,178039000.0,40055000.0,,138373000.0,39666000.0,73000.0,41956000.0,13833000.0,28123000.0,0.18,0.17,157474000.0,166061000.0,81226000.0,,95351000.0,20828000.0,7063000.0,,,544511000.0,,10247000.0,,,7715000.0,851245000.0,24101000.0,17280000.0,226510000.0,294977000.0,104858000.0,,,24766000.0,424601000.0,71888000.0,1154000.0,426644000.0,851245000.0,5077000.0,15098000.0,,-171000.0,7952000.0,,-941000.0,4337000.0,36492000.0,-818000.0,92803000.0,,,209242000.0,,550000.0,3855000.0,,,-105933000.0,,5158000.0,22808000.0,9236000.0,6380000.0
2012-09-30,382477000.0,105978000.0,276499000.0,60553000.0,,211064000.0,65435000.0,-317000.0,68726000.0,23397000.0,45329000.0,0.29,0.27,158751000.0,166791000.0,75466000.0,,89843000.0,26182000.0,7088000.0,,,514652000.0,,26020000.0,,,6546000.0,913268000.0,23160000.0,19032000.0,230562000.0,298694000.0,109516000.0,,,26589000.0,434799000.0,89094000.0,3577000.0,478469000.0,913268000.0,8076000.0,23928000.0,,-5680000.0,14977000.0,,-1885000.0,3049000.0,45192000.0,-1361000.0,133573000.0,,,343174000.0,,749000.0,20283000.0,,,-175479000.0,,9611000.0,45617000.0,3476000.0,10335000.0
2012-12-31,533639000.0,147420000.0,386219000.0,81078000.0,,285744000.0,100475000.0,,104996000.0,38160000.0,66836000.0,0.42,0.4,158074000.0,166329000.0,122975000.0,,107642000.0,21060000.0,62188000.0,,,569274000.0,,25638000.0,,,6168000.0,975497000.0,20816000.0,22263000.0,247268000.0,319304000.0,115917000.0,,,29342000.0,464563000.0,110601000.0,3091000.0,510934000.0,975497000.0,11564000.0,30690000.0,-9863000.0,12120000.0,11303000.0,,-2470000.0,961000.0,68292000.0,,183866000.0,,415440000.0,26268000.0,,1249000.0,22083000.0,,,-182711000.0,38087000.0,12069000.0,50156000.0,50985000.0,17088000.0
2013-03-31,135820000.0,39128000.0,96692000.0,23334000.0,,81301000.0,15391000.0,,16975000.0,4726000.0,12249000.0,0.08,0.07,161282000.0,167823000.0,97384000.0,,102359000.0,23933000.0,,,,613660000.0,,25803000.0,2800000.0,7198000.0,61144000.0,1032729000.0,26369000.0,21677000.0,257332000.0,331728000.0,119082000.0,,,34210000.0,485020000.0,122850000.0,2166000.0,547709000.0,1032729000.0,3536000.0,9299000.0,,-5747000.0,4520000.0,,8568000.0,4957000.0,12677000.0,,38111000.0,,86018000.0,13823000.0,,5979000.0,1534000.0,,,-79178000.0,14464000.0,1453000.0,15917000.0,-25591000.0,8579000.0
2013-06-30,283248000.0,82836000.0,200412000.0,48492000.0,,171244000.0,29168000.0,,31989000.0,10761000.0,21228000.0,0.13,0.13,162247000.0,168042000.0,123468000.0,,108907000.0,33317000.0,,,,672400000.0,,27047000.0,2800000.0,6773000.0,3283000.0,1085746000.0,35964000.0,28091000.0,265639000.0,360481000.0,124043000.0,,32628000.0,1409000.0,518561000.0,131829000.0,350000.0,567185000.0,1085746000.0,7322000.0,20006000.0,,801000.0,16375000.0,,12442000.0,14255000.0,25943000.0,,75332000.0,,176378000.0,16691000.0,,5985000.0,3569000.0,,,-91514000.0,15590000.0,1894000.0,17484000.0,493000.0,11640000.0
2013-09-30,437947000.0,126766000.0,311181000.0,74913000.0,,263734000.0,47447000.0,,50399000.0,18142000.0,32257000.0,0.2,0.19,162906000.0,168666000.0,144546000.0,,107802000.0,46876000.0,,,,705967000.0,325987000.0,28380000.0,2800000.0,,3200000.0,1128142000.0,33257000.0,32317000.0,271302000.0,367326000.0,128871000.0,,30568000.0,1424000.0,528189000.0,142858000.0,1653000.0,599953000.0,1128142000.0,11511000.0,31784000.0,,-589000.0,31344000.0,,13928000.0,11054000.0,36425000.0,,100716000.0,,303852000.0,25488000.0,,7635000.0,6729000.0,,,-104148000.0,24470000.0,2504000.0,26008000.0,21571000.0,19721000.0
2013-12-31,615297000.0,180643000.0,434654000.0,102660000.0,,362564000.0,72090000.0,,75941000.0,31668000.0,44273000.0,0.27,0.26,162435000.0,168183000.0,115873000.0,,130471000.0,48672000.0,81038000.0,,,735546000.0,,36652000.0,2872000.0,6841000.0,4820000.0,1168464000.0,35599000.0,27380000.0,293664000.0,413061000.0,138964000.0,,30208000.0,471000.0,582704000.0,121863000.0,1092000.0,585760000.0,1168464000.0,15623000.0,43909000.0,-18381000.0,22080000.0,35093000.0,,-1243000.0,10485000.0,68871000.0,,147384000.0,,369659000.0,57897000.0,,7635000.0,13877000.0,,,-146734000.0,25584000.0,2974000.0,-6423000.0,-7102000.0,25445000.0
2014-03-31,168949000.0,50743000.0,118206000.0,29055000.0,,105391000.0,12815000.0,,13759000.0,5366000.0,8393000.0,0.05,0.05,162391000.0,168114000.0,172968000.0,,111489000.0,43294000.0,50956000.0,,,781460000.0,,47474000.0,2824000.0,6218000.0,4734000.0,1200031000.0,27603000.0,25716000.0,305702000.0,394866000.0,145601000.0,,32860000.0,16610000.0,589937000.0,123680000.0,77000.0,610094000.0,1200031000.0,4422000.0,12930000.0,,-19119000.0,-3326000.0,,-45000.0,-6042000.0,18469000.0,,60902000.0,,118641000.0,10920000.0,,17000.0,11318000.0,,,-2364000.0,14471000.0,579000.0,-888000.0,57095000.0,22136000.0
2014-06-30,353047000.0,108500000.0,244547000.0,58993000.0,,220590000.0,23957000.0,,25646000.0,11172000.0,14474000.0,0.09,0.09,163161000.0,168345000.0,203947000.0,,127825000.0,46824000.0,50984000.0,,,806949000.0,,55300000.0,2824000.0,3377000.0,7658000.0,1265112000.0,35848000.0,25176000.0,321359000.0,426088000.0,158843000.0,,36551000.0,18411000.0,639893000.0,116822000.0,1181000.0,625219000.0,1265112000.0,10914000.0,27646000.0,,-2228000.0,3307000.0,,-159000.0,1253000.0,47871000.0,,104700000.0,,273214000.0,22864000.0,,17000.0,21022000.0,,,-8299000.0,22518000.0,2443000.0,-7727000.0,88074000.0,31413000.0
2014-09-30,546395000.0,165385000.0,381010000.0,89783000.0,,341602000.0,39408000.0,,41431000.0,22901000.0,18530000.0,0.11,0.11,164294000.0,169727000.0,258096000.0,,116382000.0,51344000.0,51297000.0,,,896440000.0,,56812000.0,2824000.0,3104000.0,7977000.0,1312601000.0,36520000.0,25662000.0,329132000.0,434496000.0,170880000.0,,40532000.0,17467000.0,663375000.0,111497000.0,114000.0,649226000.0,1312601000.0,16519000.0,42313000.0,,-13140000.0,11095000.0,,159000.0,3806000.0,68006000.0,,161218000.0,,371837000.0,27282000.0,,17000.0,26802000.0,,,-16508000.0,40529000.0,4325000.0,-1887000.0,142223000.0,38755000.0
2014-12-31,770364000.0,231009000.0,539355000.0,122880000.0,,480031000.0,59324000.0,,61549000.0,36206000.0,25343000.0,0.15,0.15,163831000.0,169289000.0,283254000.0,,184741000.0,69477000.0,72564000.0,,,1046865000.0,,58919000.0,2824000.0,2832000.0,10530000.0,1424774000.0,49947000.0,29016000.0,368929000.0,496456000.0,189828000.0,,45139000.0,17385000.0,748808000.0,113645000.0,-349000.0,675966000.0,1424774000.0,22028000.0,58994000.0,8458000.0,55888000.0,32459000.0,,1302000.0,18033000.0,127416000.0,14318000.0,196582000.0,,458193000.0,41755000.0,,17000.0,32197000.0,,,-29350000.0,55324000.0,0.0,749000.0,167381000.0,40551000.0
2015-03-31,212886000.0,63602000.0,149284000.0,35816000.0,,148386000.0,898000.0,,1643000.0,83000.0,1560000.0,0.01,0.01,168077000.0,173720000.0,386352000.0,,161854000.0,72060000.0,41175000.0,,,1111803000.0,,63487000.0,2824000.0,2559000.0,10024000.0,1498303000.0,40164000.0,25873000.0,406526000.0,518633000.0,193645000.0,,50280000.0,15998000.0,778556000.0,115205000.0,226000.0,719747000.0,1498303000.0,6353000.0,18880000.0,,-23621000.0,6296000.0,,-507000.0,-11305000.0,40696000.0,-3149000.0,64619000.0,,135363000.0,6679000.0,,0.0,4927000.0,,,16124000.0,28955000.0,0.0,22355000.0,103098000.0,6498000.0
2015-06-30,452671000.0,133100000.0,319571000.0,73205000.0,,315721000.0,3850000.0,,5129000.0,2777000.0,2352000.0,0.01,0.01,169930000.0,176234000.0,481393000.0,,176849000.0,68845000.0,41463000.0,,,1195510000.0,,71465000.0,2824000.0,693000.0,14888000.0,1604876000.0,42336000.0,29145000.0,441177000.0,565299000.0,216384000.0,,56765000.0,15601000.0,854049000.0,115997000.0,-309000.0,750827000.0,1604876000.0,13382000.0,40525000.0,,-9523000.0,7917000.0,,513000.0,-8383000.0,97156000.0,-1884000.0,148924000.0,,240625000.0,22472000.0,,,15688000.0,,0.0,17930000.0,42647000.0,0.0,31285000.0,198139000.0,10077000.0
2015-09-30,712739000.0,204801000.0,507938000.0,115315000.0,,505928000.0,2010000.0,,3969000.0,-9329000.0,10521000.0,0.06,0.06,171648000.0,177897000.0,540712000.0,,174111000.0,80650000.0,47304000.0,,,1251740000.0,,83372000.0,4260000.0,18967000.0,15325000.0,1707173000.0,48793000.0,29831000.0,471118000.0,603134000.0,235793000.0,,56906000.0,15954000.0,911787000.0,124166000.0,-90000.0,795386000.0,1707173000.0,22206000.0,67001000.0,,-20923000.0,12427000.0,,264000.0,-9842000.0,136193000.0,-1232000.0,213989000.0,,364256000.0,35384000.0,,38025000.0,29013000.0,,,2915000.0,63543000.0,0.0,40554000.0,257458000.0,15272000.0
2015-12-31,1009268000.0,286777000.0,722491000.0,158129000.0,,707614000.0,14877000.0,,17005000.0,9018000.0,7987000.0,0.05,0.05,170385000.0,176141000.0,543277000.0,,259563000.0,83868000.0,119216000.0,,,1270543000.0,,91067000.0,4692000.0,17640000.0,14393000.0,1790510000.0,61500000.0,33028000.0,514652000.0,678670000.0,276651000.0,,60624000.0,19188000.0,1035133000.0,68481000.0,-933000.0,755377000.0,1790510000.0,31589000.0,95088000.0,-14393000.0,66464000.0,19088000.0,,-667000.0,-2517000.0,222346000.0,,282547000.0,,486419000.0,47900000.0,,38025000.0,37358000.0,,,-967000.0,67314000.0,0.0,-21557000.0,260023000.0,18893000.0
2016-03-31,284576000.0,77749000.0,206827000.0,44966000.0,,212499000.0,-5672000.0,,-5238000.0,-1809000.0,-3429000.0,-0.02,-0.02,171745000.0,171745000.0,568008000.0,,220135000.0,78239000.0,,,,1285701000.0,,115782000.0,4692000.0,16457000.0,15305000.0,1811521000.0,47955000.0,33543000.0,538449000.0,687342000.0,298739000.0,,65163000.0,17874000.0,1069118000.0,23089000.0,294000.0,742403000.0,1811521000.0,10550000.0,30881000.0,,-38920000.0,527000.0,,911000.0,-11426000.0,46106000.0,,100591000.0,,108557000.0,2867000.0,,,29956000.0,,,-34204000.0,17785000.0,,-41656000.0,24731000.0,5574000.0
2016-06-30,595967000.0,162147000.0,433820000.0,90256000.0,,441557000.0,-7737000.0,,-6948000.0,-7678000.0,-1388000.0,-0.01,-0.01,172075000.0,175360000.0,596380000.0,,254379000.0,81247000.0,,,,1353884000.0,,125636000.0,14235000.0,31488000.0,16930000.0,1960178000.0,56920000.0,32901000.0,563195000.0,731964000.0,340786000.0,,66304000.0,16498000.0,1155552000.0,58808000.0,724000.0,804626000.0,1960178000.0,21841000.0,59249000.0,,-2022000.0,8019000.0,,2409000.0,-130000.0,111082000.0,,168532000.0,,219131000.0,7366000.0,,20660000.0,44399000.0,,,-69417000.0,22972000.0,,-46012000.0,53103000.0,13673000.0
2016-09-30,912613000.0,246946000.0,665667000.0,137495000.0,,667916000.0,5488000.0,,6589000.0,-7380000.0,7021000.0,0.04,0.04,173335000.0,177938000.0,647513000.0,,238988000.0,93731000.0,,,,1394873000.0,,126109000.0,14553000.0,27849000.0,17114000.0,2010160000.0,57530000.0,37280000.0,582145000.0,750360000.0,352647000.0,,67996000.0,16069000.0,1187072000.0,43093000.0,153000.0,823088000.0,2010160000.0,34896000.0,90342000.0,,-12788000.0,24555000.0,,2595000.0,-1584000.0,142867000.0,,244671000.0,,344959000.0,21805000.0,,22087000.0,50319000.0,,,-76215000.0,42292000.0,,-64220000.0,104236000.0,20534000.0
2016-12-31,1275443000.0,337837000.0,937606000.0,183084000.0,,894662000.0,42944000.0,,43148000.0,10961000.0,32187000.0,0.19,0.18,172621000.0,176338000.0,709003000.0,,312998000.0,106887000.0,182745000.0,,,1538716000.0,,137249000.0,14553000.0,24828000.0,16867000.0,2139941000.0,56732000.0,35640000.0,645342000.0,829440000.0,390007000.0,,68551000.0,14262000.0,1302260000.0,37620000.0,-765000.0,837681000.0,2139941000.0,48520000.0,122423000.0,-15575000.0,57875000.0,43023000.0,,2352000.0,39000.0,242961000.0,,345708000.0,,460443000.0,28311000.0,,22087000.0,67182000.0,,,-74123000.0,44861000.0,,-105859000.0,165726000.0,26608000.0
2017-03-31,340576000.0,90564000.0,250012000.0,51195000.0,,244602000.0,5410000.0,,8104000.0,-2613000.0,10717000.0,0.06,0.06,174489000.0,178278000.0,823249000.0,,270111000.0,104978000.0,,,,1616082000.0,,155476000.0,14553000.0,22535000.0,17218000.0,2267383000.0,48689000.0,43449000.0,677114000.0,856585000.0,420937000.0,,72993000.0,18619000.0,1369134000.0,48337000.0,-489000.0,898249000.0,2267383000.0,13493000.0,33331000.0,,-42437000.0,3545000.0,,-653000.0,-8287000.0,61776000.0,,129749000.0,,109207000.0,6000000.0,,,13526000.0,,,-31325000.0,29515000.0,,15822000.0,114246000.0,
2017-06-30,704045000.0,186216000.0,517829000.0,102354000.0,,483919000.0,33910000.0,,41010000.0,9873000.0,33750000.0,0.19,0.19,175741000.0,179701000.0,853137000.0,,274476000.0,86439000.0,,,,1604634000.0,,238513000.0,14553000.0,20328000.0,18012000.0,2360691000.0,42171000.0,41185000.0,706672000.0,885519000.0,454799000.0,,81718000.0,16516000.0,1438552000.0,42345000.0,-523000.0,922139000.0,2360691000.0,27492000.0,68422000.0,,-37902000.0,-9752000.0,,-722000.0,-19880000.0,125402000.0,,274520000.0,,247187000.0,9995000.0,,0.0,99888000.0,,,-113169000.0,41832000.0,,-17217000.0,144134000.0,
2017-09-30,1078262000.0,279865000.0,798397000.0,155840000.0,,730791000.0,67606000.0,,78916000.0,18556000.0,60360000.0,0.34,0.34,175519000.0,178987000.0,905794000.0,,257999000.0,73595000.0,,,,1650651000.0,,239891000.0,14553000.0,18291000.0,19297000.0,2395279000.0,44543000.0,40439000.0,734313000.0,910639000.0,484644000.0,,87993000.0,9778000.0,1493054000.0,-9587000.0,-416000.0,902225000.0,2395279000.0,41208000.0,102729000.0,,-51447000.0,-17687000.0,,360000.0,-16537000.0,184350000.0,,436863000.0,,329132000.0,9995000.0,,0.0,121641000.0,,,-142083000.0,61836000.0,,-97989000.0,196791000.0,
2017-12-31,1494930000.0,385284000.0,1109646000.0,210614000.0,,999842000.0,109804000.0,,123994000.0,92595000.0,31399000.0,0.18,0.18,174315000.0,178079000.0,811004000.0,,348185000.0,77291000.0,146932000.0,,,1716820000.0,,245395000.0,14553000.0,16255000.0,19939000.0,2257916000.0,70009000.0,50015000.0,793820000.0,1027223000.0,542494000.0,,90213000.0,8609000.0,1668539000.0,-319580000.0,-847000.0,589377000.0,2257916000.0,55476000.0,137183000.0,29352000.0,38455000.0,-9423000.0,,1001000.0,13090000.0,300839000.0,,594405000.0,,427363000.0,300317000.0,,0.0,135312000.0,,,-76803000.0,75869000.0,,-415601000.0,102001000.0,32157000.0
2018-03-31,399000000.0,97200000.0,301800000.0,59100000.0,,269400000.0,32400000.0,,36700000.0,-4900000.0,41600000.0,0.25,0.24,167700000.0,171800000.0,835600000.0,,313100000.0,80000000.0,,,,1735800000.0,,245100000.0,14600000.0,14500000.0,20800000.0,2400700000.0,55700000.0,55600000.0,817100000.0,1029700000.0,579300000.0,,84800000.0,13400000.0,1707200000.0,-262600000.0,-2000000.0,693500000.0,2400700000.0,13200000.0,36500000.0,,-48900000.0,7300000.0,,900000.0,-13600000.0,64100000.0,,139700000.0,,104700000.0,16300000.0,,,11600000.0,,,-25500000.0,45100000.0,,-89600000.0,24600000.0,
2018-06-30,840300000.0,210300000.0,630000000.0,120300000.0,,546900000.0,83100000.0,,88200000.0,-2700000.0,90900000.0,0.54,0.53,168600000.0,173500000.0,972100000.0,,333600000.0,78200000.0,,,,1884800000.0,,256000000.0,25100000.0,21400000.0,20600000.0,2575700000.0,63700000.0,59000000.0,849500000.0,1085200000.0,621300000.0,,76800000.0,12200000.0,1795500000.0,-214700000.0,-1400000.0,780200000.0,2575700000.0,26800000.0,77100000.0,,-28900000.0,10800000.0,,700000.0,-9100000.0,136300000.0,,282000000.0,,244300000.0,28700000.0,,6000000.0,23200000.0,,,-18500000.0,56700000.0,,-102400000.0,161100000.0,
2018-09-30,1294200000.0,321900000.0,972300000.0,179000000.0,,826400000.0,145900000.0,,158800000.0,11900000.0,149600000.0,0.89,0.86,169800000.0,175700000.0,1169300000.0,,324400000.0,80800000.0,,,,2078100000.0,,265400000.0,25700000.0,18100000.0,20200000.0,2763500000.0,66600000.0,60700000.0,876200000.0,1111900000.0,668200000.0,,80700000.0,11100000.0,1871900000.0,-156000000.0,-1000000.0,891600000.0,2763500000.0,41000000.0,120300000.0,,-38000000.0,19000000.0,,3300000.0,-4900000.0,209900000.0,,458700000.0,,405600000.0,39600000.0,,6000000.0,41400000.0,,,-7400000.0,81600000.0,,-93000000.0,358300000.0,
2018-12-31,1801200000.0,450400000.0,1350800000.0,244500000.0,,1119800000.0,231000000.0,,250900000.0,-81300000.0,332200000.0,1.96,1.91,169100000.0,174200000.0,1112400000.0,,444500000.0,90000000.0,246000000.0,,,2220900000.0,,271400000.0,38200000.0,22100000.0,20800000.0,3078000000.0,86400000.0,77500000.0,965900000.0,1256400000.0,720900000.0,,77500000.0,13000000.0,2067800000.0,-57500000.0,-800000.0,1010200000.0,3078000000.0,55700000.0,162900000.0,-107600000.0,82000000.0,33400000.0,,3800000.0,14600000.0,352100000.0,,638900000.0,,578800000.0,42800000.0,,21700000.0,53000000.0,,,-134900000.0,86500000.0,,-202600000.0,301400000.0,41400000.0
2019-03-31,472600000.0,113000000.0,359600000.0,68600000.0,,309000000.0,50600000.0,,60300000.0,1500000.0,58800000.0,0.35,0.34,170200000.0,174800000.0,1216900000.0,,381000000.0,88400000.0,,,,2313300000.0,,272000000.0,38200000.0,19100000.0,59700000.0,3205700000.0,69200000.0,88700000.0,991100000.0,1254300000.0,,,80700000.0,37900000.0,2147600000.0,-50000000.0,-200000.0,1058100000.0,3205700000.0,15700000.0,43000000.0,,-63600000.0,2600000.0,,-100000.0,-18000000.0,79000000.0,,201300000.0,,227600000.0,8100000.0,,,10200000.0,,,-39000000.0,34600000.0,,-57800000.0,104500000.0,
2019-06-30,994300000.0,241300000.0,753000000.0,136000000.0,,627200000.0,125800000.0,,146100000.0,14600000.0,131500000.0,0.77,0.75,171100000.0,175100000.0,1022100000.0,,403100000.0,85700000.0,,,,2360700000.0,,284700000.0,38200000.0,16200000.0,57200000.0,3369400000.0,72400000.0,83200000.0,1031500000.0,1293700000.0,,,82300000.0,36100000.0,2247100000.0,-9000000.0,900000.0,1122300000.0,3369400000.0,30900000.0,88000000.0,,-41500000.0,5500000.0,,-2400000.0,-14600000.0,179700000.0,,396400000.0,,384900000.0,15100000.0,,0.0,27500000.0,,,-375600000.0,39600000.0,,-111100000.0,-90300000.0,
2019-09-30,1541800000.0,365400000.0,1176400000.0,205900000.0,,950600000.0,225800000.0,,251500000.0,40200000.0,211300000.0,1.24,1.21,171300000.0,174900000.0,1175500000.0,,384100000.0,99200000.0,,,,2466200000.0,,305500000.0,38200000.0,14000000.0,56400000.0,3545600000.0,85900000.0,90400000.0,1063600000.0,1341900000.0,,,83100000.0,38200000.0,2345200000.0,46500000.0,1100000.0,1200400000.0,3545600000.0,45900000.0,130400000.0,,-60500000.0,25200000.0,,800000.0,-6200000.0,258800000.0,,617600000.0,,695000000.0,19700000.0,,0.0,45000000.0,,,-402700000.0,41800000.0,,-151800000.0,63100000.0,
2019-12-31,2156200000.0,505900000.0,1650300000.0,277100000.0,,1306100000.0,344200000.0,,379200000.0,52700000.0,326500000.0,1.91,1.87,171000000.0,175000000.0,1222500000.0,,544300000.0,117900000.0,227600000.0,,,2769000000.0,,344300000.0,67200000.0,31100000.0,60000000.0,3885500000.0,96400000.0,97700000.0,1173600000.0,1473600000.0,962300000.0,,82800000.0,44900000.0,2563600000.0,140300000.0,1100000.0,1321900000.0,3885500000.0,61600000.0,174100000.0,30200000.0,96700000.0,48500000.0,,1300000.0,7700000.0,-162300000.0,,808000000.0,,925500000.0,31300000.0,,34600000.0,92200000.0,,,-502300000.0,49500000.0,,-195600000.0,110100000.0,58700000.0
2020-03-31,576900000.0,128700000.0,448200000.0,80300000.0,,332300000.0,115900000.0,,117100000.0,13100000.0,104000000.0,0.61,0.6,170600000.0,174200000.0,626100000.0,,474700000.0,105000000.0,,,,2035300000.0,,374200000.0,67200000.0,27100000.0,55200000.0,3206200000.0,87800000.0,121400000.0,1230200000.0,1543000000.0,,,81300000.0,49000000.0,2669900000.0,-589200000.0,-3100000.0,536300000.0,3206200000.0,17600000.0,44800000.0,,-69600000.0,-6700000.0,,-900000.0,-9000000.0,90900000.0,,319400000.0,,277200000.0,126800000.0,,3100000.0,27600000.0,,400000.0,4600000.0,7400000.0,,-920400000.0,-596400000.0,
2020-06-30,1192400000.0,263800000.0,928600000.0,162400000.0,,696000000.0,232600000.0,,238700000.0,22600000.0,216100000.0,1.3,1.27,166100000.0,169800000.0,916400000.0,,498700000.0,126000000.0,,,,2208700000.0,,392600000.0,67200000.0,23400000.0,55900000.0,3330600000.0,107200000.0,118200000.0,1275800000.0,1611900000.0,,,77300000.0,50500000.0,2786700000.0,-613100000.0,2500000.0,543900000.0,3330600000.0,35400000.0,93700000.0,,-44500000.0,17900000.0,,-700000.0,9700000.0,186900000.0,,566400000.0,,548100000.0,130000000.0,,3100000.0,58500000.0,,400000.0,216800000.0,15700000.0,,-1089300000.0,-306100000.0,
2020-09-30,1846400000.0,403000000.0,1443400000.0,252400000.0,,1081000000.0,362400000.0,,370000000.0,28200000.0,341800000.0,2.07,2.03,164800000.0,168400000.0,882300000.0,,546600000.0,134500000.0,,,,2384600000.0,,419400000.0,68200000.0,25300000.0,59600000.0,3586200000.0,95900000.0,127800000.0,1300000000.0,1645600000.0,,,79300000.0,56100000.0,2873000000.0,-466900000.0,1400000.0,713200000.0,3586200000.0,52100000.0,143000000.0,,3100000.0,31000000.0,,2000000.0,-4200000.0,282600000.0,,787200000.0,,730300000.0,141400000.0,,9200000.0,93600000.0,,400000.0,-7800000.0,18200000.0,,-1119600000.0,-340200000.0,
2020-12-31,2594400000.0,570000000.0,2024400000.0,341400000.0,,1492600000.0,531800000.0,,541700000.0,53200000.0,488500000.0,2.98,2.91,164200000.0,167700000.0,1061800000.0,,720000000.0,139800000.0,237200000.0,,,2740400000.0,,448000000.0,93000000.0,31600000.0,63200000.0,4044500000.0,141600000.0,149200000.0,1392800000.0,1829500000.0,1212500000.0,,90300000.0,56200000.0,3188500000.0,-352100000.0,700000.0,856000000.0,4044500000.0,68800000.0,191700000.0,-7100000.0,176400000.0,42200000.0,,4600000.0,37400000.0,495600000.0,,1083700000.0,,1018800000.0,152200000.0,,40200000.0,125900000.0,,-1300000.0,-72800000.0,22100000.0,,-1171600000.0,-160700000.0,39700000.0
2021-03-31,710300000.0,156600000.0,553700000.0,97200000.0,,432100000.0,121600000.0,,119400000.0,12200000.0,107200000.0,0.66,0.64,163000000.0,166400000.0,1860200000.0,,637300000.0,149600000.0,,,,3781200000.0,,494200000.0,99200000.0,32300000.0,143400000.0,5282200000.0,129500000.0,143200000.0,1465100000.0,1879700000.0,,,97700000.0,56500000.0,4301400000.0,-244900000.0,300000.0,980800000.0,5282200000.0,17300000.0,49500000.0,,-82500000.0,14700000.0,,4800000.0,-12400000.0,140300000.0,,315900000.0,,292400000.0,18600000.0,,10300000.0,52100000.0,,0.0,-473500000.0,9900000.0,,956000000.0,798400000.0,
2021-06-30,1511400000.0,343500000.0,1167900000.0,203800000.0,,898800000.0,269100000.0,,264400000.0,19700000.0,244700000.0,1.5,1.47,163300000.0,167100000.0,1879300000.0,,584600000.0,149800000.0,,,,3908200000.0,,506500000.0,99200000.0,28700000.0,150700000.0,5558900000.0,132000000.0,168800000.0,1533000000.0,1998500000.0,,,95200000.0,55100000.0,4508700000.0,-195700000.0,-100000.0,1050200000.0,5558900000.0,36200000.0,102100000.0,,-135600000.0,20100000.0,,11800000.0,-9500000.0,300100000.0,,734100000.0,,600300000.0,71400000.0,,10300000.0,75600000.0,,0.0,-751700000.0,15800000.0,,835100000.0,817500000.0,
2021-09-30,2378600000.0,554700000.0,1823900000.0,311600000.0,,1388400000.0,435500000.0,,421100000.0,10400000.0,407800000.0,2.5,2.44,163500000.0,167700000.0,1852100000.0,,604900000.0,177900000.0,,,,3963500000.0,,556600000.0,127600000.0,71000000.0,237600000.0,5970600000.0,142300000.0,247800000.0,1616100000.0,2198000000.0,,,96500000.0,62200000.0,4835000000.0,-138600000.0,-1200000.0,1118100000.0,5970600000.0,59100000.0,154800000.0,,-130600000.0,19500000.0,,15700000.0,-11800000.0,497100000.0,,1132900000.0,,1029000000.0,82200000.0,1749900000.0,73400000.0,144600000.0,,,-1059200000.0,20700000.0,,716400000.0,790300000.0,
2021-12-31,3342200000.0,783000000.0,2559200000.0,424200000.0,,1908800000.0,650400000.0,,628400000.0,14100000.0,606800000.0,3.72,3.63,163200000.0,167100000.0,1319100000.0,,807700000.0,175800000.0,334300000.0,,,3600600000.0,,687600000.0,125100000.0,63600000.0,235800000.0,5919100000.0,148400000.0,197300000.0,1777400000.0,2318100000.0,1675500000.0,,79500000.0,59200000.0,5120700000.0,-467900000.0,-4800000.0,781700000.0,5919100000.0,84400000.0,207900000.0,-92400000.0,72500000.0,19400000.0,,19000000.0,-13100000.0,839400000.0,,1499700000.0,,1470300000.0,85500000.0,2308000000.0,74900000.0,295900000.0,,-400000.0,-1325100000.0,26000000.0,,82800000.0,257300000.0,127400000.0
2022-03-31,954800000.0,253800000.0,701000000.0,124900000.0,,550000000.0,151000000.0,,138700000.0,-8100000.0,138400000.0,0.86,0.84,160700000.0,164200000.0,923500000.0,,790400000.0,184600000.0,,,,3208300000.0,,786500000.0,123800000.0,55100000.0,247400000.0,5651100000.0,174700000.0,261400000.0,1893300000.0,2510500000.0,,,82700000.0,71200000.0,5417900000.0,-1003400000.0,-15400000.0,217700000.0,5651100000.0,25500000.0,53200000.0,,-15400000.0,13500000.0,,20600000.0,35500000.0,205500000.0,,396100000.0,,459400000.0,3000000.0,385200000.0,0.0,122600000.0,,,-45400000.0,11000000.0,,-746000000.0,-395600000.0,
2022-06-30,1984900000.0,504600000.0,1480300000.0,249200000.0,,1134000000.0,346300000.0,,322600000.0,-5700000.0,311900000.0,0.39,0.38,799400000.0,815400000.0,710000000.0,,919500000.0,195200000.0,,,,2952900000.0,,814600000.0,121300000.0,45400000.0,234700000.0,5294500000.0,193100000.0,241200000.0,2013200000.0,2634900000.0,,,67100000.0,63900000.0,5674100000.0,-1607600000.0,-23400000.0,-392900000.0,5294500000.0,50600000.0,107900000.0,,119300000.0,31200000.0,,16700000.0,52700000.0,480600000.0,,719500000.0,,797300000.0,3000000.0,389100000.0,0.0,162500000.0,,,248700000.0,15900000.0,,-1576300000.0,-609100000.0,
2022-09-30,3134400000.0,787600000.0,2346800000.0,383500000.0,,1735000000.0,611800000.0,,587300000.0,27300000.0,543500000.0,0.68,0.67,795000000.0,809800000.0,964000000.0,,963200000.0,215800000.0,,,,2982200000.0,,889500000.0,120200000.0,38800000.0,225200000.0,5335900000.0,215100000.0,244800000.0,2129000000.0,2779600000.0,,,67800000.0,56900000.0,5958700000.0,-1860200000.0,-25500000.0,-634700000.0,5335900000.0,77000000.0,162600000.0,,162700000.0,59700000.0,,13900000.0,78600000.0,742800000.0,,1202500000.0,,1182900000.0,3000000.0,389100000.0,0.0,250300000.0,,,546500000.0,21700000.0,,-2102900000.0,-355100000.0,
2022-12-31,4417400000.0,1084900000.0,3332500000.0,512400000.0,,2362900000.0,969600000.0,,955500000.0,30800000.0,857300000.0,1.08,1.06,791400000.0,805300000.0,1682900000.0,,1261700000.0,264600000.0,561300000.0,,,3810400000.0,,898500000.0,128000000.0,56000000.0,202000000.0,6228000000.0,243400000.0,266300000.0,2349300000.0,3078400000.0,2291000000.0,,67800000.0,82000000.0,6509600000.0,-1546400000.0,-20200000.0,-281600000.0,6228000000.0,104300000.0,217300000.0,-225600000.0,456700000.0,109100000.0,,35300000.0,105200000.0,1177500000.0,,1730600000.0,,1462000000.0,3000000.0,389100000.0,30800000.0,281200000.0,,0.0,763900000.0,26100000.0,,-2130300000.0,363800000.0,260200000.0
2023-03-31,1262300000.0,307800000.0,954500000.0,151100000.0,,681000000.0,273500000.0,,291100000.0,21300000.0,247700000.0,0.32,0.31,783200000.0,793400000.0,2304200000.0,,1087200000.0,302700000.0,,,,4358700000.0,,917400000.0,127800000.0,51100000.0,175200000.0,6832300000.0,238400000.0,346700000.0,2463300000.0,3261800000.0,,,70500000.0,80100000.0,6820900000.0,-1298700000.0,-18100000.0,11400000.0,6832300000.0,27500000.0,56300000.0,,-171100000.0,45300000.0,,-4500000.0,-4100000.0,240700000.0,,677500000.0,,195000000.0,0.0,207200000.0,,30300000.0,,-100000.0,-42400000.0,21200000.0,,-13700000.0,621300000.0,
2023-06-30,2555100000.0,603600000.0,1951500000.0,304400000.0,,1399000000.0,552500000.0,,590300000.0,48900000.0,514000000.0,0.66,0.65,785000000.0,795900000.0,2376300000.0,,1078800000.0,376300000.0,,,,4878100000.0,,981900000.0,126000000.0,44600000.0,163300000.0,7486100000.0,238300000.0,266800000.0,2587700000.0,3500600000.0,,,59100000.0,73000000.0,7164900000.0,-1032400000.0,-23100000.0,321200000.0,7486100000.0,54900000.0,121300000.0,,-179000000.0,130200000.0,,-10800000.0,-3600000.0,489300000.0,,1192600000.0,,445100000.0,0.0,804600000.0,,107100000.0,,-100000.0,-466500000.0,29300000.0,,-31400000.0,693400000.0,
2023-09-30,3889700000.0,921300000.0,2968400000.0,461300000.0,,2112700000.0,855700000.0,,918100000.0,48600000.0,836900000.0,1.07,1.05,783100000.0,793500000.0,2186800000.0,,1013800000.0,467500000.0,,,,4752700000.0,,1038000000.0,125400000.0,39600000.0,163700000.0,7479300000.0,253900000.0,317200000.0,2647300000.0,3649000000.0,,,61800000.0,64600000.0,7405200000.0,-1299400000.0,-24300000.0,74100000.0,7479300000.0,83200000.0,185600000.0,,-243400000.0,231000000.0,,-13500000.0,10400000.0,646200000.0,,1743800000.0,,931500000.0,4000000.0,1327600000.0,,177200000.0,,-100000.0,-577700000.0,36000000.0,,-660300000.0,503900000.0,
2023-12-31,5304800000.0,1237200000.0,4067600000.0,613800000.0,,2826500000.0,1241100000.0,,1333700000.0,143800000.0,1147800000.0,1.47,1.46,778600000.0,788200000.0,1397900000.0,,1402000000.0,484800000.0,865900000.0,,,4428300000.0,,1044400000.0,126500000.0,35300000.0,150000000.0,7258900000.0,204300000.0,423700000.0,2848700000.0,3719000000.0,2886300000.0,,,124700000.0,7722300000.0,-1861700000.0,-18900000.0,-463400000.0,7258900000.0,113400000.0,249000000.0,-306700000.0,146400000.0,253500000.0,,-17700000.0,-43100000.0,1095300000.0,,1935500000.0,,1414800000.0,4000000.0,1855800000.0,0.0,204100000.0,,-300000.0,-649300000.0,43800000.0,,-1570400000.0,-285000000.0,426300000.0
2024-03-31,1353300000.0,304700000.0,1048600000.0,173000000.0,,727400000.0,321200000.0,,345400000.0,39500000.0,299300000.0,0.39,0.39,762400000.0,770500000.0,1926300000.0,,996200000.0,439500000.0,,,,4559700000.0,,1247400000.0,129000000.0,34100000.0,149400000.0,7662100000.0,135200000.0,538700000.0,2912000000.0,3800400000.0,,,,128500000.0,7799600000.0,-1562400000.0,-24800000.0,-137500000.0,7662100000.0,28600000.0,62300000.0,,-405600000.0,-36500000.0,,6200000.0,-61600000.0,54800000.0,,830400000.0,,393400000.0,,436100000.0,5700000.0,221900000.0,,0.0,-270300000.0,13400000.0,,-30300000.0,528400000.0,
2024-06-30,2787600000.0,579700000.0,2207900000.0,338400000.0,,1449500000.0,758400000.0,,813700000.0,116000000.0,679100000.0,0.89,0.88,763800000.0,770200000.0,2203200000.0,,1083400000.0,383200000.0,,,,4919300000.0,,1242700000.0,127900000.0,30200000.0,137400000.0,8052900000.0,132100000.0,400600000.0,2975300000.0,3725300000.0,,,,125200000.0,7764700000.0,-1182600000.0,-29000000.0,288200000.0,8052900000.0,57800000.0,126200000.0,,-318900000.0,-85200000.0,,7600000.0,-67200000.0,161700000.0,,1172400000.0,,904600000.0,,974300000.0,5700000.0,245000000.0,,0.0,-320400000.0,19600000.0,,-44300000.0,805300000.0,
2024-09-30,4295700000.0,843100000.0,3452600000.0,525700000.0,,2223300000.0,1229300000.0,,1440100000.0,197200000.0,1219000000.0,1.6,1.58,765000000.0,771900000.0,2489300000.0,,1044100000.0,354300000.0,,,,5220600000.0,,1273400000.0,212800000.0,111600000.0,133800000.0,8852000000.0,177900000.0,376600000.0,3081200000.0,3883900000.0,,,,135700000.0,7943900000.0,-643300000.0,-18000000.0,908100000.0,8852000000.0,87600000.0,192100000.0,,-376500000.0,-104900000.0,,8800000.0,-32000000.0,234400000.0,,1780500000.0,,1382700000.0,0.0,1485300000.0,247000000.0,281300000.0,,-100000.0,-647500000.0,39700000.0,,-41300000.0,1091400000.0,
,,,,,,,,,,,,,,,,,,,,,,,,,,,,,,,,,,,,,,,,,,,,,,,,,,,,,,,,,,,,,,,,,,,
,,,,,,,,,,,,,,,,,,,,,,,,,,,,,,,,,,,,,,,,,,,,,,,,,,,,,,,,,,,,,,,,,,,
,,,,,,,,,,,,,,,,,,,,,,,,,,,,,,,,,,,,,,,,,,,,,,,,,,,,,,,,,,,,,,,,,,,
,,,,,,,,,,,,,,,,,,,,,,,,,,,,,,,,,,,,,,,,,,,,,,,,,,,,,,,,,,,,,,,,,,,
,,,,,,,,,,,,,,,,,,,,,,,,,,,,,,,,,,,,,,,,,,,,,,,,,,,,,,,,,,,,,,,,,,,
,,,,,,,,,,,,,,,,,,,,,,,,,,,,,,,,,,,,,,,,,,,,,,,,,,,,,,,,,,,,,,,,,,,
,,,,,,,,,,,,,,,,,,,,,,,,,,,,,,,,,,,,,,,,,,,,,,,,,,,,,,,,,,,,,,,,,,,
