Date,Net sales,Cost of sales,Gross margin,Research and development,"Selling, general and administrative",Total operating expenses,Operating income,"Other income/(expense), net",Income before provision for income taxes,Provision for income taxes,Net income,Earnings per share basic,Earnings per share diluted,Weighted-average basic,Weighted-average diluted,Cash and cash equivalents,Short-term marketable securities,"Accounts receivable, net",Inventories,Deferred tax assets,Vendor non-trade receivables,Other current assets,Total current assets,Long-term marketable securities,"Property, Plant and Equipment, Net",Goodwill,"Acquired intangible assets, net","Other Assets, Noncurrent",Total assets,accounts payable,Accrued expenses,Deferred revenue,Total current liabilities,Deferred revenue - non-current,deferred tax liabilities,long term taxes payable,Total other non-current liabilities,Total liabilities,Retained Earnings (Accumulated Deficit),Accumulated other comprehensive (loss)/income,Total shareholders equity,Total liabilities and shareholders' equity,"Depreciation, amortization and accretion",Stock-based compensation expense,Deferred income tax expense,"Increase (Decrease) in Accounts receivable, net",Increase (Decrease) in Inventories,Increase (Decrease) in Other Receivables,Increase (Decrease) in Other Operating Assets,Increase (Decrease) in Accounts Payable,Increase (Decrease) in Deferred Revenue,Increase (Decrease) Other liabilities,Cash generated by operating activities,Purchases of marketable securities,Proceeds from maturities of marketable securities,Proceeds from sales of marketable securities,Purchases of other long-term investments,"Business acquisitions, net of cash acquired",Cash payments for capital asset purchases,Payments for acquisition of intangible assets,Payments for (Proceeds from) Other Investing Activities,Cash used in investing activities,Proceeds from issuance of common stock,Excess tax benefits from stock-based compensation,Cash generated/used in financing activities,Increase/(decrease) in cash and cash equivalents,"Cash paid for income taxes, net"
2016-07-01,3029800000.0,1566500000.0,1463300000.0,190400000.0,687800000.0,,585100000.0,,582400000.0,161500000.0,,,,,,487200000.0,,948200000.0,557500000.0,,,,2162000000.0,,534000000.0,3962400000.0,726600000.0,402100000.0,7787100000.0,,706000000.0,,1350200000.0,,,,689700000.0,,,-800000.0,2369300000.0,7787100000.0,,22400000.0,,-29900000.0,36300000.0,,,-12000000.0,,,487800000.0,,,,,12800000.0,61400000.0,,-4400000.0,-69800000.0,,,69200000.0,487200000.0,
2016-09-30,4597200000.0,2361000000.0,2236200000.0,285600000.0,1042300000.0,,908300000.0,,882200000.0,234400000.0,,1.87,1.87,346000000.0,349200000.0,724800000.0,,972000000.0,558100000.0,,,,2359200000.0,,538300000.0,4048000000.0,775800000.0,412000000.0,8133300000.0,,749600000.0,,1369000000.0,,,,695600000.0,,202700000.0,-25500000.0,2556000000.0,8133300000.0,,34400000.0,,-9900000.0,34900000.0,,,-37400000.0,,,819400000.0,,,,,190600000.0,90000000.0,,-4300000.0,-276300000.0,,,180800000.0,724800000.0,
2016-12-31,6224300000.0,3191500000.0,3032800000.0,384800000.0,1402000000.0,,1246000000.0,,1197000000.0,324700000.0,,2.52,2.51,345700000.0,347300000.0,803200000.0,,945400000.0,544600000.0,298300000.0,,,2488700000.0,,547600000.0,3979000000.0,747300000.0,427200000.0,8189800000.0,,800300000.0,204600000.0,1466500000.0,80100000.0,,344000000.0,674300000.0,,403000000.0,-145800000.0,2687900000.0,8189800000.0,176400000.0,45300000.0,,-24800000.0,28700000.0,,,17200000.0,,,1136900000.0,,,,,190100000.0,130000000.0,,-8900000.0,-310800000.0,,,3800000.0,803200000.0,
2017-03-31,1535200000.0,791200000.0,744000000.0,96200000.0,352900000.0,,294900000.0,,272300000.0,72600000.0,,0.58,0.57,347000000.0,351500000.0,817600000.0,,944100000.0,571600000.0,,,,2517400000.0,,552900000.0,3999200000.0,736200000.0,428600000.0,8234300000.0,,777700000.0,,1401000000.0,,,,678700000.0,,578500000.0,-101400000.0,2888400000.0,8234300000.0,,12000000.0,,-10000000.0,24200000.0,,,-47500000.0,,,148300000.0,,,,,0.0,26800000.0,,600000.0,-27400000.0,,,-119400000.0,14400000.0,
2017-06-30,3164000000.0,1614900000.0,1549100000.0,195300000.0,710600000.0,,643200000.0,,597900000.0,158100000.0,,1.27,1.25,347200000.0,352200000.0,968400000.0,,985000000.0,560600000.0,,,,2701700000.0,,562800000.0,4032100000.0,729800000.0,440700000.0,8467100000.0,,722200000.0,,1370800000.0,,,,715200000.0,,794200000.0,-55300000.0,3169500000.0,8467100000.0,,25300000.0,,20700000.0,7900000.0,,,-28800000.0,,,394000000.0,,,,,0.0,55600000.0,,3000000.0,-58600000.0,,,-200100000.0,165200000.0,
2017-09-29,4849300000.0,2460800000.0,2388500000.0,297300000.0,1092100000.0,,999100000.0,,946200000.0,238600000.0,,2.04,2.01,347700000.0,352900000.0,910900000.0,,1075100000.0,576200000.0,,,,2695300000.0,,673200000.0,4632300000.0,886100000.0,440100000.0,9327000000.0,,733200000.0,,1379300000.0,,,,797500000.0,,1037800000.0,-16300000.0,3474200000.0,9327000000.0,,37200000.0,,30800000.0,-8200000.0,,,-51200000.0,,,713000000.0,,,,,802100000.0,87700000.0,,-1500000.0,-888300000.0,,,240800000.0,107700000.0,
2017-12-31,6656000000.0,3357500000.0,3298500000.0,406000000.0,1537600000.0,,1354900000.0,,1284200000.0,239700000.0,,3.01,2.96,347500000.0,352600000.0,962100000.0,,1143600000.0,580600000.0,268300000.0,,,2936800000.0,,712500000.0,5098500000.0,1276000000.0,476800000.0,10500600000.0,,874800000.0,213400000.0,1602300000.0,86900000.0,,616300000.0,1033900000.0,,1350300000.0,-7600000.0,3790300000.0,10500600000.0,174100000.0,48600000.0,,65400000.0,-14300000.0,,,24900000.0,,,1176400000.0,,,,,1556600000.0,136100000.0,,-1500000.0,-1669700000.0,,,599700000.0,158900000.0,
2018-03-30,1740700000.0,869900000.0,870800000.0,108900000.0,423700000.0,,338200000.0,,312900000.0,51700000.0,,0.75,0.74,348600000.0,354400000.0,1015700000.0,,1172100000.0,615900000.0,,,,3079700000.0,,709800000.0,5126200000.0,1259200000.0,480500000.0,10655400000.0,,749700000.0,,1461400000.0,,,,1087400000.0,,1583300000.0,29500000.0,4092400000.0,10655400000.0,,11900000.0,,20100000.0,31900000.0,,,-22200000.0,,,171000000.0,,,,,7700000.0,31400000.0,,-100000.0,-39000000.0,,,-94200000.0,53600000.0,
2018-06-29,3596700000.0,1787000000.0,1809700000.0,219900000.0,869200000.0,,720600000.0,,668900000.0,112700000.0,,1.59,1.57,349200000.0,355000000.0,2368200000.0,,1187800000.0,642300000.0,,,,4503400000.0,,690400000.0,5081900000.0,1230900000.0,479500000.0,11986100000.0,,735900000.0,210500000.0,2298700000.0,,,,1118100000.0,,1853900000.0,-69600000.0,5624600000.0,11986100000.0,,26500000.0,,54000000.0,68400000.0,,,41000000.0,,,512800000.0,,,,,9300000.0,58700000.0,,-3900000.0,-64100000.0,,,978800000.0,1406100000.0,
2018-09-28,5436800000.0,2702800000.0,2734000000.0,332400000.0,1359500000.0,,1042100000.0,,965200000.0,163700000.0,,2.24,2.21,349900000.0,355300000.0,1145100000.0,,1295600000.0,649200000.0,,,,3414300000.0,,682300000.0,6743300000.0,2499900000.0,523000000.0,13862800000.0,,896300000.0,241600000.0,3479500000.0,,,,1356200000.0,,2057100000.0,-92800000.0,5830300000.0,13862800000.0,,40500000.0,,85100000.0,78900000.0,,,30200000.0,,,899600000.0,,,,,2825200000.0,93700000.0,,-4100000.0,-2914800000.0,,,2234500000.0,183000000.0,
2018-12-31,6452700000.0,3131400000.0,3321300000.0,414300000.0,1728600000.0,,1178400000.0,,1078400000.0,160100000.0,,8.33,8.21,345500000.0,350700000.0,1178400000.0,,1195100000.0,574500000.0,255300000.0,,,3171200000.0,,576100000.0,6133100000.0,2476300000.0,548900000.0,12905600000.0,,999300000.0,288100000.0,2192100000.0,,,728300000.0,1125900000.0,,3552700000.0,-86600000.0,6595500000.0,12905600000.0,260800000.0,50800000.0,,105900000.0,73400000.0,,,76200000.0,,,1344400000.0,,,,,2815100000.0,112300000.0,,42100000.0,-1966600000.0,,,879100000.0,216300000.0,
2019-03-29,1592900000.0,780200000.0,812700000.0,109000000.0,486400000.0,,217300000.0,,192400000.0,28400000.0,,0.44,0.43,335100000.0,339500000.0,3728900000.0,,1146600000.0,608300000.0,,,,5796300000.0,,468300000.0,6169000000.0,2435500000.0,620700000.0,15656200000.0,,837800000.0,306200000.0,2639600000.0,,,,1313100000.0,,3676400000.0,-69400000.0,6850700000.0,15656200000.0,,12900000.0,,-49900000.0,33300000.0,,,-40600000.0,,,156200000.0,,,,,0.0,24000000.0,,0.0,-24000000.0,,,2411200000.0,2550500000.0,
2019-06-28,3457600000.0,1740900000.0,1716700000.0,226400000.0,1023500000.0,,466800000.0,,396700000.0,57400000.0,,0.91,0.9,335600000.0,339800000.0,1092100000.0,,1315200000.0,693700000.0,,,,3436300000.0,,514700000.0,7750900000.0,3813200000.0,755400000.0,16468100000.0,,1024900000.0,372100000.0,2791200000.0,,,,1306500000.0,,3810400000.0,-67600000.0,7011600000.0,16468100000.0,,28800000.0,,102300000.0,-45800000.0,,,-11700000.0,,,415000000.0,,,,,3237100000.0,48500000.0,,0.0,-3285600000.0,,,2776400000.0,-86300000.0,
2019-09-27,5317600000.0,2673200000.0,2644400000.0,345500000.0,1590000000.0,,708900000.0,,631800000.0,85200000.0,,1.47,1.46,336100000.0,339900000.0,1060500000.0,,1332000000.0,680700000.0,,,,3465900000.0,,519800000.0,7995500000.0,3660600000.0,808400000.0,16660400000.0,,1154600000.0,384700000.0,2916300000.0,,,,1399600000.0,,3976700000.0,-119600000.0,7151700000.0,16660400000.0,,45500000.0,,133500000.0,-69400000.0,,,-7900000.0,,,796000000.0,,,,,3387700000.0,79600000.0,,0.0,-3467300000.0,,,2565000000.0,-117900000.0,
2019-12-31,7320000000.0,3639700000.0,3680300000.0,456700000.0,2219500000.0,,1004100000.0,,874500000.0,149100000.0,,1.99,1.97,335800000.0,340000000.0,1205200000.0,,1384500000.0,640300000.0,325500000.0,,,3688800000.0,,519500000.0,8399300000.0,3845000000.0,779600000.0,17439000000.0,,1146800000.0,410100000.0,3467200000.0,,,1124700000.0,1584200000.0,,4128800000.0,-56300000.0,7387000000.0,17439000000.0,426200000.0,61400000.0,,166900000.0,-118800000.0,,,53700000.0,,,1271400000.0,,,,,3943900000.0,112500000.0,,-1800000.0,-4054600000.0,,,2802900000.0,26800000.0,
2020-03-27,1713500000.0,837700000.0,875800000.0,113700000.0,557200000.0,,119600000.0,,71400000.0,29100000.0,,0.07,0.07,336800000.0,340000000.0,1040500000.0,,1317600000.0,650400000.0,,,,3445600000.0,,520000000.0,8271100000.0,3751000000.0,744000000.0,16931700000.0,,1072400000.0,423500000.0,2121100000.0,,,,1576700000.0,,4098600000.0,-193600000.0,7242100000.0,16931700000.0,,16100000.0,,-22800000.0,16600000.0,,,-6700000.0,,,191000000.0,,,,,10600000.0,33800000.0,,-200000.0,-44200000.0,,,-283200000.0,-164700000.0,
2020-06-26,3284700000.0,1594600000.0,1690100000.0,220300000.0,1073800000.0,,310700000.0,,224600000.0,52000000.0,,0.41,0.4,337300000.0,339900000.0,1063000000.0,,1129200000.0,664500000.0,,,,3250400000.0,,519800000.0,8297700000.0,3671300000.0,758700000.0,16705700000.0,,1092000000.0,439200000.0,2876400000.0,,,,1572400000.0,,4187800000.0,-156600000.0,7395300000.0,16705700000.0,,38800000.0,,-214800000.0,28900000.0,,,-23400000.0,,,670200000.0,,,,,11400000.0,59500000.0,,-400000.0,-65200000.0,,,-728400000.0,-142200000.0,
2020-09-25,5187000000.0,2513500000.0,2673500000.0,331000000.0,1636100000.0,,621100000.0,,489700000.0,91300000.0,,1.03,1.02,337600000.0,340800000.0,1489100000.0,,1207600000.0,661800000.0,,,,3774700000.0,,513600000.0,8341000000.0,3595600000.0,759700000.0,17199700000.0,,1210000000.0,456700000.0,3041000000.0,,,,1600400000.0,,4372700000.0,-91700000.0,7676100000.0,17199700000.0,,60200000.0,,-147800000.0,10200000.0,,,13400000.0,,,1151900000.0,,,,,24700000.0,86200000.0,,-500000.0,-105100000.0,,,-760200000.0,283900000.0,
2020-12-31,4634400000.0,2025900000.0,2608500000.0,320700000.0,1748400000.0,,539400000.0,,1507700000.0,55500000.0,,4.58,4.49,337400000.0,359000000.0,1824800000.0,,810300000.0,455500000.0,265900000.0,,,4446900000.0,,422000000.0,7359200000.0,3290600000.0,344100000.0,16051500000.0,,899900000.0,376400000.0,2860800000.0,,,887000000.0,1233400000.0,,5547400000.0,-141100000.0,8964200000.0,16051500000.0,384000000.0,62600000.0,,-82400000.0,7300000.0,,,18100000.0,,,1436700000.0,,,,,40400000.0,75700000.0,,0.0,-148400000.0,,,-696100000.0,619600000.0,
2021-04-02,1259200000.0,547300000.0,711900000.0,86200000.0,428100000.0,,197600000.0,,118700000.0,7000000.0,,0.27,0.27,338600000.0,341700000.0,1299600000.0,,829500000.0,466600000.0,,,,2800900000.0,,410100000.0,7340400000.0,3209700000.0,331200000.0,14278900000.0,,836900000.0,397800000.0,2474800000.0,,,,1193200000.0,,5616600000.0,-174800000.0,9009000000.0,14278900000.0,,16600000.0,,26900000.0,3800000.0,,,-13000000.0,,,144800000.0,,,,,200000.0,8400000.0,,,-8600000.0,,,-654900000.0,-525200000.0,
2021-07-02,2578900000.0,1111500000.0,1467400000.0,174000000.0,884500000.0,,408900000.0,,326200000.0,32500000.0,,0.76,0.75,339400000.0,342400000.0,1565800000.0,,817900000.0,488000000.0,,,,3086400000.0,,400000000.0,7347300000.0,3133700000.0,348000000.0,14495500000.0,,900000000.0,398600000.0,2569700000.0,,,,1128600000.0,,5756600000.0,-157300000.0,9205000000.0,14495500000.0,,36800000.0,,11800000.0,24000000.0,,,9100000.0,,,424300000.0,,,,,-900000.0,17100000.0,,-1100000.0,-15100000.0,,,-667800000.0,-259000000.0,
2021-10-01,3878400000.0,1666800000.0,2211600000.0,261800000.0,1340100000.0,,609700000.0,,500300000.0,55500000.0,,1.18,1.17,358900000.0,362200000.0,838400000.0,,830400000.0,506800000.0,,,,2425300000.0,,395000000.0,8221500000.0,3392100000.0,361900000.0,14976100000.0,,969200000.0,400500000.0,2868900000.0,,,,1198000000.0,,5882200000.0,-192100000.0,9318000000.0,14976100000.0,,55200000.0,,20400000.0,46100000.0,,,14800000.0,,,686500000.0,,,,,1156700000.0,28000000.0,,-1100000.0,-1183600000.0,,,-485100000.0,-986400000.0,
2021-12-31,5254700000.0,2247600000.0,3007100000.0,354800000.0,1839500000.0,,812800000.0,,677500000.0,63300000.0,,1.64,1.63,349000000.0,352300000.0,819300000.0,,930200000.0,512700000.0,314900000.0,,,2514900000.0,,395500000.0,9152000000.0,3890200000.0,337300000.0,16465500000.0,,960700000.0,457600000.0,3714900000.0,,,1011200000.0,1286400000.0,,6023600000.0,-185000000.0,9512200000.0,16465500000.0,395500000.0,77400000.0,,84100000.0,53600000.0,,,73400000.0,,,961100000.0,,,,,2570100000.0,50000000.0,,,-2615600000.0,,,652000000.0,-1005500000.0,
2022-04-01,1376500000.0,584500000.0,792000000.0,99100000.0,480600000.0,,212300000.0,,190800000.0,25700000.0,,0.46,0.45,359300000.0,368400000.0,684300000.0,,929000000.0,553300000.0,,,,2447700000.0,,412600000.0,9132900000.0,3788900000.0,484300000.0,16266400000.0,,985700000.0,491400000.0,2561600000.0,,,,1399200000.0,,6226400000.0,-223900000.0,9561400000.0,16266400000.0,,19900000.0,,1400000.0,43200000.0,,,19200000.0,,,214800000.0,,,,,-900000.0,18800000.0,,,-17900000.0,,,-332600000.0,-135000000.0,
2022-07-01,2839800000.0,1214300000.0,1625500000.0,199200000.0,965500000.0,,444600000.0,,399000000.0,60900000.0,,0.94,0.93,358300000.0,364200000.0,682900000.0,,940900000.0,547700000.0,,,,2445300000.0,,407600000.0,9058200000.0,3678500000.0,481300000.0,16070900000.0,,1029700000.0,479800000.0,2611300000.0,,,,1328000000.0,,6374500000.0,-342100000.0,9444300000.0,16070900000.0,,45000000.0,,37700000.0,50700000.0,,,40100000.0,,,509200000.0,,,,,1600000.0,37100000.0,,0.0,-38700000.0,,,-582900000.0,-136400000.0,
2022-09-30,4295800000.0,1824900000.0,2470900000.0,300300000.0,1456800000.0,,696500000.0,,616500000.0,88500000.0,,1.48,1.46,357300000.0,362000000.0,705300000.0,,901000000.0,560500000.0,,,,2447900000.0,,405200000.0,8977500000.0,3568300000.0,494200000.0,15893100000.0,,1019600000.0,472200000.0,2592100000.0,,,,1346300000.0,,6539600000.0,-453700000.0,9390800000.0,15893100000.0,,67900000.0,,21400000.0,73200000.0,,,46600000.0,,,839000000.0,,,,,15200000.0,59700000.0,,0.0,-68300000.0,,,-838400000.0,-114000000.0,
2022-12-31,5825700000.0,2462300000.0,3363400000.0,401500000.0,1956600000.0,,987400000.0,,873500000.0,118300000.0,,2.12,2.1,356400000.0,360800000.0,709200000.0,,958500000.0,536700000.0,432100000.0,,,2477000000.0,,421900000.0,9048500000.0,3487400000.0,455800000.0,15890600000.0,,1104400000.0,509600000.0,2727100000.0,,,893500000.0,1223300000.0,,6742100000.0,-325700000.0,9683400000.0,15890600000.0,465600000.0,93800000.0,,52100000.0,40300000.0,,,81300000.0,,,1303200000.0,,,,,12800000.0,95800000.0,,3500000.0,-102500000.0,,,-1273000000.0,-110100000.0,
2023-03-31,1460700000.0,612500000.0,848200000.0,100100000.0,507700000.0,,240400000.0,,205800000.0,32200000.0,,0.49,0.49,353600000.0,356500000.0,672800000.0,,940700000.0,570200000.0,,,,2455300000.0,,425600000.0,9057100000.0,3396800000.0,470000000.0,15804800000.0,,1037300000.0,497200000.0,2630100000.0,,,,1204400000.0,,6891000000.0,-312300000.0,9869900000.0,15804800000.0,,26700000.0,,-21500000.0,33600000.0,,,-32300000.0,,,174400000.0,,,,,0.0,24800000.0,,,-24800000.0,,,-187100000.0,-36400000.0,
2023-06-30,2987100000.0,1233500000.0,1753600000.0,200200000.0,1021700000.0,,531700000.0,,456200000.0,73600000.0,,1.08,1.07,353300000.0,356000000.0,712800000.0,,935200000.0,561200000.0,,,,2474600000.0,,425900000.0,9051900000.0,3304000000.0,474300000.0,15730700000.0,,999500000.0,495400000.0,2585000000.0,,,,1195700000.0,,7075400000.0,-319900000.0,9965800000.0,15730700000.0,,55700000.0,,-26000000.0,27400000.0,,,-36400000.0,,,495400000.0,,,,,0.0,45800000.0,,,-40900000.0,,,-441400000.0,3600000.0,
2023-09-29,4481600000.0,1835000000.0,2646600000.0,298600000.0,1525200000.0,,822800000.0,,713300000.0,112700000.0,,1.7,1.69,352900000.0,356100000.0,714100000.0,,925400000.0,552500000.0,,,,2469300000.0,,430800000.0,9058700000.0,3226300000.0,479300000.0,15664400000.0,,1095300000.0,513500000.0,2420000000.0,,,,1178700000.0,,7268800000.0,-365800000.0,10077800000.0,15664400000.0,,85200000.0,,-25000000.0,21700000.0,,,-45700000.0,,,906800000.0,,,,,57700000.0,73700000.0,,,-124200000.0,,,-766300000.0,4900000.0,
2023-12-31,6065300000.0,2471200000.0,3594100000.0,397800000.0,2062600000.0,,1133700000.0,,990800000.0,125000000.0,,2.46,2.43,352500000.0,355600000.0,1888800000.0,,960800000.0,536900000.0,524600000.0,,,3671600000.0,,439800000.0,9121700000.0,3159800000.0,518900000.0,16911800000.0,,1182700000.0,544600000.0,1791300000.0,,,809000000.0,1149000000.0,,7505900000.0,-326100000.0,10318900000.0,16911800000.0,456800000.0,113300000.0,,-9800000.0,1700000.0,,,-16800000.0,,,1353600000.0,,,,,95800000.0,107800000.0,,-800000.0,-195400000.0,,,32300000.0,1179600000.0,
2024-03-29,1524500000.0,620300000.0,904200000.0,104100000.0,561000000.0,,302200000.0,,234000000.0,26600000.0,207400000.0,0.59,0.58,351700000.0,356000000.0,704600000.0,,962600000.0,580800000.0,,,,2613900000.0,,422700000.0,10234600000.0,3712700000.0,536200000.0,17520100000.0,,1071500000.0,540100000.0,1738700000.0,,,,1356600000.0,,7685200000.0,-402500000.0,10476700000.0,17520100000.0,,28900000.0,,-8800000.0,13100000.0,,,56100000.0,,,256700000.0,,,,,1721800000.0,26400000.0,,,-1737400000.0,,,306900000.0,-1184200000.0,
2024-06-28,3076900000.0,1244400000.0,1832500000.0,205200000.0,1086400000.0,,604000000.0,,462700000.0,60200000.0,402500000.0,1.15,1.13,351500000.0,355400000.0,644100000.0,,934500000.0,572000000.0,,,,2519500000.0,,417900000.0,10216500000.0,3591100000.0,540000000.0,17285000000.0,,1025800000.0,518300000.0,2045800000.0,,,,1337000000.0,,7852300000.0,-423600000.0,10499300000.0,17285000000.0,,53100000.0,,-24600000.0,12000000.0,,,30700000.0,,,565600000.0,,,,,1721800000.0,55600000.0,,1600000.0,-1782200000.0,,,-15100000.0,-1244700000.0,
2024-09-27,4611500000.0,1857700000.0,2753800000.0,306900000.0,1610500000.0,,899500000.0,,694900000.0,70800000.0,624100000.0,1.78,1.76,350700000.0,354400000.0,811300000.0,,912200000.0,563900000.0,,,,2635200000.0,,425100000.0,10322300000.0,3510000000.0,561000000.0,17453600000.0,,1068900000.0,510800000.0,2100800000.0,,,,1339500000.0,,8046100000.0,-334200000.0,10554900000.0,17453600000.0,,81000000.0,,-64600000.0,-4300000.0,,,10600000.0,,,1024600000.0,,,,,1721800000.0,83400000.0,,1600000.0,-1799800000.0,,,-296700000.0,-1077500000.0,
