Date,Net sales,Cost of sales,Gross margin,Research and development,"Selling, general and administrative",Total operating expenses,Operating income,"Other income/(expense), net",Income before provision for income taxes,Provision for income taxes,Net income,Earnings per share basic,Earnings per share diluted,Weighted-average basic,Weighted-average diluted,Cash and cash equivalents,Short-term marketable securities,"Accounts receivable, net",Inventories,Deferred tax assets,Vendor non-trade receivables,Other current assets,Total current assets,Long-term marketable securities,"Property, Plant and Equipment, Net",Goodwill,"Acquired intangible assets, net","Other Assets, Noncurrent",Total assets,accounts payable,Accrued expenses,Deferred revenue,Total current liabilities,Deferred revenue - non-current,deferred tax liabilities,long term taxes payable,Total other non-current liabilities,Total liabilities,Retained Earnings (Accumulated Deficit),Accumulated other comprehensive (loss)/income,Total shareholders equity,Total liabilities and shareholders' equity,"Depreciation, amortization and accretion",Stock-based compensation expense,Deferred income tax expense,"Increase (Decrease) in Accounts receivable, net",Increase (Decrease) in Inventories,Increase (Decrease) in Other Receivables,Increase (Decrease) in Other Operating Assets,Increase (Decrease) in Accounts Payable,Increase (Decrease) in Deferred Revenue,Increase (Decrease) Other liabilities,Cash generated by operating activities,Purchases of marketable securities,Proceeds from maturities of marketable securities,Proceeds from sales of marketable securities,Purchases of other long-term investments,"Business acquisitions, net of cash acquired",Cash payments for capital asset purchases,Payments for acquisition of intangible assets,Payments for (Proceeds from) Other Investing Activities,Cash used in investing activities,Proceeds from issuance of common stock,Excess tax benefits from stock-based compensation,Cash generated/used in financing activities,Increase/(decrease) in cash and cash equivalents,"Cash paid for income taxes, net"
2009-12-31,156783000000.0,,,,,37804000000.0,,1006000000.0,10344000000.0,-1090000000.0,11025000000.0,1.01,1.01,,,72260000000.0,,16458000000.0,11987000000.0,,,,,,69212000000.0,65574000000.0,11929000000.0,,781818000000.0,19703000000.0,13386000000.0,,,,,,,656682000000.0,126363000000.0,-15265000000.0,117291000000.0,781818000000.0,10636000000.0,,-2705000000.0,-3273000000.0,-1101000000.0,,,-480000000.0,,,24593000000.0,,,,,6130000000.0,8634000000.0,,2520000000.0,42997000000.0,0.0,,-43513000000.0,24077000000.0,-2535000000.0
2010-03-31,36605000000.0,,,,,9095000000.0,,350000000.0,2827000000.0,431000000.0,1945000000.0,0.17,0.17,,,69628000000.0,,17729000000.0,11751000000.0,,,,,,68016000000.0,64910000000.0,11545000000.0,,777355000000.0,14498000000.0,14429000000.0,,,,,,,654404000000.0,125446000000.0,-16784000000.0,115195000000.0,777355000000.0,2475000000.0,,320000000.0,-514000000.0,-186000000.0,,,679000000.0,,,7094000000.0,,,,,18000000.0,1302000000.0,,-6001000000.0,19009000000.0,,,-28039000000.0,-2692000000.0,
2010-06-30,74049000000.0,,,,,18154000000.0,,628000000.0,7114000000.0,1316000000.0,5054000000.0,0.46,0.45,,,73848000000.0,,17589000000.0,11366000000.0,,,,,,65358000000.0,63094000000.0,10946000000.0,,749930000000.0,14230000000.0,14313000000.0,,,,,,,629205000000.0,127436000000.0,-20326000000.0,113934000000.0,749930000000.0,4856000000.0,,-1615000000.0,-892000000.0,-522000000.0,,,593000000.0,,,16527000000.0,,,,,19000000.0,3019000000.0,,-8898000000.0,27734000000.0,,,-40834000000.0,1522000000.0,
2010-09-30,109937000000.0,,,,,27300000000.0,,815000000.0,10754000000.0,1634000000.0,7109000000.0,0.64,0.64,,,78392000000.0,,17738000000.0,11997000000.0,,,,,,65538000000.0,64128000000.0,10231000000.0,,758824000000.0,14617000000.0,14864000000.0,,,,,,,638214000000.0,128126000000.0,-18764000000.0,115536000000.0,758824000000.0,7477000000.0,,-1735000000.0,-689000000.0,118000000.0,,,1037000000.0,,,26476000000.0,,,,,576000000.0,4415000000.0,,-7728000000.0,34540000000.0,,,-53726000000.0,6065000000.0,
2010-12-31,150211000000.0,,,3939000000.0,16341000000.0,136003000000.0,,1151000000.0,14208000000.0,1050000000.0,11644000000.0,1.06,1.06,,,78958000000.0,,18621000000.0,11526000000.0,-2840000000.0,,,,,66214000000.0,64473000000.0,9973000000.0,,751216000000.0,14657000000.0,11396000000.0,,,,,,,627018000000.0,131137000000.0,-17855000000.0,118936000000.0,751216000000.0,10013000000.0,,1046000000.0,126000000.0,-342000000.0,,,805000000.0,,,36123000000.0,,,16238000000.0,,1212000000.0,9800000000.0,,-7703000000.0,32436000000.0,,,-61586000000.0,6640000000.0,2671000000.0
2011-03-31,38448000000.0,,,,,8536000000.0,,3626000000.0,7435000000.0,3927000000.0,3433000000.0,0.32,0.31,,,82173000000.0,,17867000000.0,13327000000.0,,,,,,67504000000.0,67920000000.0,11292000000.0,,727837000000.0,15747000000.0,16531000000.0,,,,,,,602048000000.0,133003000000.0,-15001000000.0,123535000000.0,727837000000.0,2292000000.0,,-1400000000.0,-985000000.0,1288000000.0,,,1269000000.0,,,7696000000.0,,,5139000000.0,,4547000000.0,3169000000.0,,-3307000000.0,17285000000.0,,,-22571000000.0,3238000000.0,
2011-06-30,73960000000.0,,,,,62037000000.0,9950000000.0,4249000000.0,11923000000.0,4831000000.0,7197000000.0,0.66,0.66,,,91053000000.0,,18634000000.0,14616000000.0,,,,,,68846000000.0,70536000000.0,11798000000.0,,739130000000.0,15765000000.0,16722000000.0,,,,,,,608733000000.0,135098000000.0,-12455000000.0,128074000000.0,739130000000.0,4594000000.0,,-3170000000.0,-43000000.0,2212000000.0,,,1179000000.0,,,15140000000.0,,,9972000000.0,,7519000000.0,6538000000.0,,-3709000000.0,20774000000.0,,,-26266000000.0,12128000000.0,
2011-09-30,109327000000.0,,,,,93705000000.0,14624000000.0,4805000000.0,15622000000.0,5266000000.0,10421000000.0,0.88,0.88,,,91368000000.0,,18689000000.0,15021000000.0,,,,,,66094000000.0,73291000000.0,12433000000.0,,737700000000.0,16150000000.0,19997000000.0,,,,,,,610927000000.0,135857000000.0,-13664000000.0,124461000000.0,737700000000.0,6944000000.0,,-2213000000.0,-340000000.0,2408000000.0,,,1314000000.0,,,24223000000.0,,,13438000000.0,,10839000000.0,9051000000.0,,-3588000000.0,22417000000.0,,,-35286000000.0,12415000000.0,
2011-12-31,147300000000.0,,,4601000000.0,,127202000000.0,20571000000.0,5063000000.0,20098000000.0,5732000000.0,14151000000.0,1.24,1.23,,,84501000000.0,,19531000000.0,13792000000.0,131000000.0,,,,,65739000000.0,72625000000.0,12068000000.0,,717242000000.0,16400000000.0,14796000000.0,,,,,,,599108000000.0,137786000000.0,-23974000000.0,116438000000.0,717242000000.0,9185000000.0,,-203000000.0,466000000.0,1168000000.0,,,1235000000.0,,,33359000000.0,,,15606000000.0,,11202000000.0,12650000000.0,,-6094000000.0,19882000000.0,,,-46863000000.0,5537000000.0,2919000000.0
2012-03-31,35182000000.0,,,,,31256000000.0,5061000000.0,557000000.0,3926000000.0,637000000.0,3034000000.0,0.29,0.29,,,83650000000.0,,19040000000.0,15212000000.0,,,,,,66000000000.0,72959000000.0,11921000000.0,,707719000000.0,17031000000.0,15030000000.0,,,,,,,586131000000.0,139019000000.0,-22133000000.0,119867000000.0,707719000000.0,2263000000.0,,36000000.0,-291000000.0,1433000000.0,,,854000000.0,,,6466000000.0,,,3762000000.0,,190000000.0,3295000000.0,,-371000000.0,5319000000.0,,,-13599000000.0,-852000000.0,
2012-06-30,71683000000.0,,,,,63572000000.0,10927000000.0,950000000.0,8111000000.0,1131000000.0,6139000000.0,0.58,0.58,,,74295000000.0,,19295000000.0,15440000000.0,,,,,,66660000000.0,72401000000.0,11738000000.0,,694121000000.0,16718000000.0,14967000000.0,,,,,,,570222000000.0,140324000000.0,-22723000000.0,120119000000.0,694121000000.0,4493000000.0,,-219000000.0,9000000.0,1645000000.0,,,872000000.0,,,14217000000.0,,,6504000000.0,,394000000.0,7307000000.0,,-3535000000.0,4638000000.0,,,-28731000000.0,-10214000000.0,
2012-09-30,108032000000.0,,,,,95895000000.0,16171000000.0,1737000000.0,12137000000.0,1686000000.0,9630000000.0,0.91,0.91,,,,,19347000000.0,16022000000.0,,,,,,67388000000.0,73162000000.0,11709000000.0,,698880000000.0,15851000000.0,15250000000.0,,,,,,,570864000000.0,142026000000.0,-20321000000.0,122552000000.0,698880000000.0,6814000000.0,,-1537000000.0,62000000.0,1949000000.0,,,244000000.0,,,20078000000.0,,,9200000000.0,,604000000.0,10498000000.0,,-8835000000.0,12535000000.0,,,-32906000000.0,,
2012-12-31,147359000000.0,,,4520000000.0,,129953000000.0,22887000000.0,2563000000.0,17406000000.0,2504000000.0,13641000000.0,1.29,1.29,,,,,21500000000.0,15374000000.0,75000000.0,,,,,69743000000.0,73447000000.0,11987000000.0,,685328000000.0,15675000000.0,14895000000.0,,,,,,,556858000000.0,144055000000.0,-20230000000.0,123026000000.0,685328000000.0,9346000000.0,,-1171000000.0,774000000.0,1274000000.0,,,-424000000.0,,,31331000000.0,,,12745000000.0,,1456000000.0,15126000000.0,,-11064000000.0,11302000000.0,,,-51074000000.0,,3237000000.0
2013-03-31,35010000000.0,,,,,30884000000.0,4863000000.0,1615000000.0,4126000000.0,506000000.0,3527000000.0,0.34,0.34,,,,,21001000000.0,16281000000.0,,,,,,68411000000.0,72737000000.0,11818000000.0,,670690000000.0,16130000000.0,15943000000.0,,,,,,,541640000000.0,145608000000.0,-19664000000.0,123714000000.0,670690000000.0,2310000000.0,,-1512000000.0,-463000000.0,977000000.0,,,747000000.0,,,4610000000.0,,,6801000000.0,,-6383000000.0,3644000000.0,,-5659000000.0,31485000000.0,,,-22956000000.0,,
2013-06-30,70133000000.0,,,,,62278000000.0,10624000000.0,1719000000.0,7855000000.0,814000000.0,6660000000.0,0.65,0.64,,,,,20181000000.0,16762000000.0,,,,,,68762000000.0,73088000000.0,11596000000.0,,660541000000.0,16237000000.0,14393000000.0,,,,,,,531730000000.0,146800000000.0,-18463000000.0,122509000000.0,660541000000.0,4577000000.0,,-1779000000.0,-223000000.0,1452000000.0,,,870000000.0,,,11931000000.0,,,11097000000.0,,-6187000000.0,7218000000.0,,-12041000000.0,36945000000.0,,,-36818000000.0,,
2013-09-30,105858000000.0,,,,,94395000000.0,16484000000.0,2082000000.0,11463000000.0,1159000000.0,9851000000.0,0.96,0.95,10262000000.0,,,,20582000000.0,17943000000.0,,,,,,68741000000.0,78024000000.0,14226000000.0,,661438000000.0,16449000000.0,14669000000.0,,,,,,,532393000000.0,148067000000.0,-17863000000.0,122692000000.0,661438000000.0,7155000000.0,,-2051000000.0,-196000000.0,1795000000.0,,,977000000.0,,,17162000000.0,,,16828000000.0,,1617000000.0,10130000000.0,,-14532000000.0,32022000000.0,,,-38997000000.0,,
2013-12-31,146045000000.0,,,4750000000.0,,129894000000.0,,3108000000.0,16151000000.0,676000000.0,13057000000.0,1.28,1.27,10222000000.0,,,,21388000000.0,17325000000.0,275000000.0,,,,,68827000000.0,77648000000.0,14310000000.0,,656560000000.0,16471000000.0,13381000000.0,,,,,,,519777000000.0,149051000000.0,-9120000000.0,130566000000.0,656560000000.0,9762000000.0,,-3295000000.0,485000000.0,1368000000.0,,,360000000.0,,,28579000000.0,,,,,1642000000.0,13458000000.0,,-14625000000.0,29117000000.0,,,-45573000000.0,,2487000000.0
2015-03-31,29356000000.0,,,,,34304000000.0,,142000000.0,-4948000000.0,6458000000.0,-13573000000.0,-1.35,-1.35,10067000000.0,10067000000.0,,,20547000000.0,17830000000.0,,,,,,61219000000.0,69604000000.0,13533000000.0,,617631000000.0,14392000000.0,12393000000.0,,,,,,,500333000000.0,139441000000.0,-22364000000.0,108560000000.0,617631000000.0,2466000000.0,,1951000000.0,-2601000000.0,265000000.0,,,312000000.0,,,6090000000.0,,,,,1723000000.0,3011000000.0,,-3979000000.0,3839000000.0,,,-8246000000.0,-2143000000.0,
2015-09-30,92731000000.0,,,,,87127000000.0,,1092000000.0,5604000000.0,7466000000.0,-12427000000.0,-1.23,-1.23,10103000000.0,10173000000.0,,,22332000000.0,19285000000.0,,,,,,50704000000.0,61660000000.0,13618000000.0,,581310000000.0,11762000000.0,12624000000.0,,,,,,,461317000000.0,135932000000.0,-16983000000.0,111204000000.0,581310000000.0,3603000000.0,,2365000000.0,-909000000.0,1766000000.0,,,245000000.0,,,13147000000.0,,,,,1738000000.0,4893000000.0,,-8567000000.0,59771000000.0,,,-49807000000.0,19594000000.0,
2015-12-31,117386000000.0,,,5278000000.0,17831000000.0,109200000000.0,,2227000000.0,8186000000.0,6485000000.0,-6126000000.0,-0.62,-0.61,9944000000.0,10016000000.0,,,27022000000.0,22515000000.0,3105000000.0,,,,,54095000000.0,65526000000.0,16744000000.0,,492692000000.0,13680000000.0,23597000000.0,,,,,,,389582000000.0,140020000000.0,-16529000000.0,98274000000.0,492692000000.0,4847000000.0,,383000000.0,52000000.0,314000000.0,,,-541000000.0,,,19891000000.0,,,,,12027000000.0,7309000000.0,,5013000000.0,59488000000.0,,,-76054000000.0,-138000000.0,-2486000000.0
2016-03-31,27845000000.0,,,,4608000000.0,27606000000.0,,9000000.0,238000000.0,-139000000.0,191000000.0,-0.01,-0.01,9288000000.0,9372000000.0,,,25918000000.0,23907000000.0,,,,,,53786000000.0,66212000000.0,16890000000.0,,462193000000.0,13150000000.0,21552000000.0,,,,,,,366403000000.0,137750000000.0,-15705000000.0,91088000000.0,462193000000.0,1210000000.0,,-165000000.0,-1013000000.0,1491000000.0,,,258000000.0,,,599000000.0,,,,,0.0,1556000000.0,,10594000000.0,31783000000.0,,,-22073000000.0,10340000000.0,
2016-06-30,61339000000.0,,,,9491000000.0,57276000000.0,,3158000000.0,4063000000.0,479000000.0,3081000000.0,0.3,0.3,9179000000.0,9264000000.0,,,25128000000.0,24723000000.0,,,,,,50436000000.0,67097000000.0,16650000000.0,,401461000000.0,13115000000.0,20420000000.0,,,,,,,311708000000.0,138310000000.0,-14898000000.0,84991000000.0,401461000000.0,2505000000.0,,652000000.0,-1879000000.0,2629000000.0,,,132000000.0,,,-2913000000.0,,,,,206000000.0,3052000000.0,,2887000000.0,31768000000.0,,,-63396000000.0,-34565000000.0,
2016-09-30,90604000000.0,,,,13833000000.0,84467000000.0,,3385000000.0,6137000000.0,302000000.0,5164000000.0,0.51,0.51,9096000000.0,9201000000.0,,,25187000000.0,24116000000.0,,,,,,51453000000.0,69988000000.0,16779000000.0,,387694000000.0,13067000000.0,20230000000.0,,,,,,,301098000000.0,138236000000.0,-14422000000.0,81882000000.0,387694000000.0,3641000000.0,,1244000000.0,-763000000.0,2594000000.0,,,-49000000.0,,,-1873000000.0,,,,,930000000.0,5109000000.0,,2621000000.0,41503000000.0,,,-74893000000.0,-35432000000.0,
2016-12-31,123693000000.0,,,5466000000.0,18377000000.0,114663000000.0,,4005000000.0,9030000000.0,-464000000.0,8831000000.0,0.9,0.89,9025000000.0,9130000000.0,,,24076000000.0,22354000000.0,1833000000.0,,,,,50518000000.0,70438000000.0,16436000000.0,,365183000000.0,14435000000.0,17564000000.0,,,,,,,284668000000.0,139532000000.0,-18598000000.0,75828000000.0,365183000000.0,4997000000.0,,814000000.0,-1514000000.0,1389000000.0,,,1198000000.0,,,-244000000.0,,,,,2271000000.0,7199000000.0,,-2212000000.0,49202000000.0,,,-89131000000.0,-41319000000.0,-7469000000.0
2017-03-31,27660000000.0,,,,4506000000.0,26829000000.0,,168000000.0,832000000.0,16000000.0,653000000.0,0.07,0.07,8714000000.0,8811000000.0,,,21675000000.0,22701000000.0,,,,,,49016000000.0,70313000000.0,16515000000.0,,351643000000.0,13698000000.0,17097000000.0,,,,,,,272416000000.0,137983000000.0,-16771000000.0,74534000000.0,351643000000.0,1193000000.0,,-29000000.0,-2356000000.0,818000000.0,,,-292000000.0,,,309000000.0,,,,,967000000.0,1470000000.0,,-4970000000.0,2649000000.0,,,-10278000000.0,-7187000000.0,
2017-06-30,57219000000.0,,,,8793000000.0,54872000000.0,,465000000.0,2346000000.0,31000000.0,2020000000.0,0.21,0.2,8695000000.0,8789000000.0,,,21447000000.0,22843000000.0,,,,,,50167000000.0,72335000000.0,16929000000.0,,355473000000.0,13283000000.0,16755000000.0,,,,,,,276498000000.0,137044000000.0,-15454000000.0,74148000000.0,355473000000.0,2318000000.0,,-170000000.0,-2385000000.0,598000000.0,,,-729000000.0,,,2494000000.0,,,,,2643000000.0,3470000000.0,,-5866000000.0,2161000000.0,,,-10181000000.0,-4988000000.0,
2017-09-30,90691000000.0,,,,13649000000.0,86879000000.0,,2611000000.0,3812000000.0,-334000000.0,3856000000.0,0.41,0.41,8689000000.0,8774000000.0,,,25026000000.0,25848000000.0,,,,,,54101000000.0,87068000000.0,21435000000.0,,378038000000.0,14907000000.0,17420000000.0,,,,,,,280544000000.0,136696000000.0,-14523000000.0,76105000000.0,378038000000.0,3715000000.0,,-669000000.0,-1737000000.0,1454000000.0,,,-518000000.0,,,3518000000.0,,,,,6053000000.0,5071000000.0,,-6815000000.0,2343000000.0,,,-16323000000.0,-9208000000.0,
2017-12-31,122092000000.0,,,,18280000000.0,130883000000.0,,1625000000.0,-8791000000.0,-3043000000.0,-5786000000.0,-0.72,-0.72,8687000000.0,8687000000.0,43299000000.0,,24438000000.0,21923000000.0,6207000000.0,,,,,53874000000.0,83968000000.0,20273000000.0,,377945000000.0,15153000000.0,18697000000.0,,,,,,,292561000000.0,125682000000.0,-14396000000.0,64263000000.0,377945000000.0,5139000000.0,,-4845000000.0,-1551000000.0,-747000000.0,,,-335000000.0,,,10426000000.0,,,,,6087000000.0,7371000000.0,,-6704000000.0,2322000000.0,,,-19146000000.0,-5507000000.0,2436000000.0
2018-03-31,28660000000.0,,,,4204000000.0,28453000000.0,,205000000.0,413000000.0,-27000000.0,-1147000000.0,-0.14,-0.14,8683000000.0,8696000000.0,,,22560000000.0,20574000000.0,,,,,,53650000000.0,85468000000.0,20661000000.0,,358109000000.0,15060000000.0,16092000000.0,,,,,,,281367000000.0,115477000000.0,-12862000000.0,55965000000.0,358109000000.0,1300000000.0,,-667000000.0,-1732000000.0,1069000000.0,,,-38000000.0,,,1390000000.0,,,,,0.0,1818000000.0,,623000000.0,-1644000000.0,,,-11899000000.0,-11945000000.0,
2018-06-30,58764000000.0,,,,8692000000.0,58089000000.0,,1069000000.0,1744000000.0,542000000.0,800000000.0,0.07,0.07,8688000000.0,8699000000.0,,,20797000000.0,20473000000.0,,,,,,50866000000.0,82464000000.0,19728000000.0,,342769000000.0,15026000000.0,15168000000.0,,,,,,,267639000000.0,114913000000.0,-13432000000.0,55069000000.0,342769000000.0,2695000000.0,,-405000000.0,-2926000000.0,1588000000.0,,,258000000.0,,,1947000000.0,,,706000000.0,,0.0,3320000000.0,,-1164000000.0,2816000000.0,,,-20913000000.0,-16436000000.0,
2018-09-30,88337000000.0,,,,13547000000.0,110604000000.0,,1275000000.0,-22736000000.0,677000000.0,-23116000000.0,-2.69,-2.69,8694000000.0,8694000000.0,,,20414000000.0,20642000000.0,,,,,,50638000000.0,60377000000.0,18838000000.0,,311691000000.0,15748000000.0,17930000000.0,,,,,,,263468000000.0,90867000000.0,-13229000000.0,31454000000.0,311691000000.0,4222000000.0,,-171000000.0,-2873000000.0,2016000000.0,,,1051000000.0,,,-435000000.0,,,2189000000.0,,21000000.0,4983000000.0,,-3764000000.0,7840000000.0,,,-24326000000.0,-17361000000.0,
2018-12-31,113543000000.0,,,4862000000.0,18111000000.0,144008000000.0,,2259000000.0,-20134000000.0,583000000.0,-22355000000.0,-2.62,-2.62,8691000000.0,8691000000.0,,,19874000000.0,19271000000.0,12432000000.0,,,,,50749000000.0,59614000000.0,18159000000.0,,309129000000.0,17153000000.0,16345000000.0,,,,,,,257266000000.0,93109000000.0,-14414000000.0,30981000000.0,309129000000.0,5562000000.0,,-2464000000.0,430000000.0,902000000.0,,,2199000000.0,,,4246000000.0,,,3239000000.0,,90000000.0,7695000000.0,,-10969000000.0,18239000000.0,,,-31033000000.0,-9176000000.0,1868000000.0
2019-03-31,27286000000.0,20353000000.0,,,4146000000.0,26889000000.0,,878000000.0,1275000000.0,222000000.0,3588000000.0,0.41,0.4,8711000000.0,8726000000.0,,,19518000000.0,19419000000.0,,,,,,50265000000.0,53194000000.0,17053000000.0,,315082000000.0,17059000000.0,17881000000.0,,,,,,,259020000000.0,96921000000.0,-13485000000.0,35161000000.0,315082000000.0,1249000000.0,,,-315000000.0,1382000000.0,,,173000000.0,,,42000000.0,,,1421000000.0,,0.0,1680000000.0,,-234000000.0,3442000000.0,,,-3607000000.0,-45000000.0,
2019-06-30,56117000000.0,42170000000.0,,,8330000000.0,55986000000.0,,870000000.0,1001000000.0,-148000000.0,3716000000.0,0.4,0.4,8724000000.0,8730000000.0,,,20152000000.0,19971000000.0,,,,,,49943000000.0,52272000000.0,16653000000.0,,312109000000.0,17036000000.0,16720000000.0,,,,,,,255980000000.0,96773000000.0,-12852000000.0,35816000000.0,312109000000.0,2482000000.0,,,933000000.0,2258000000.0,,,902000000.0,,,20000000.0,,,4346000000.0,,0.0,3514000000.0,,968000000.0,3329000000.0,,,-6336000000.0,-2986000000.0,
2019-09-30,68976000000.0,50949000000.0,,,10120000000.0,70568000000.0,,1170000000.0,-1249000000.0,41000000.0,-9423000000.0,-1.08,-1.08,8730000000.0,8730000000.0,,,16018000000.0,15203000000.0,,,,,,42886000000.0,26666000000.0,10766000000.0,,263009000000.0,14493000000.0,13675000000.0,,,,,,,233856000000.0,87213000000.0,-11361000000.0,27935000000.0,263009000000.0,2969000000.0,,,1857000000.0,2113000000.0,,,1259000000.0,,,2033000000.0,,,,,0.0,4175000000.0,,-1165000000.0,5050000000.0,,,-14089000000.0,-7136000000.0,
2019-12-31,95214000000.0,70029000000.0,,,13949000000.0,96287000000.0,,2222000000.0,1149000000.0,726000000.0,-4979000000.0,-0.62,-0.62,8724000000.0,8724000000.0,,,16769000000.0,14104000000.0,9889000000.0,,,,,43290000000.0,26734000000.0,10653000000.0,,266048000000.0,15926000000.0,15753000000.0,,,,,,16583000000.0,236187000000.0,87732000000.0,-11732000000.0,28316000000.0,266048000000.0,4026000000.0,,-1104000000.0,2851000000.0,1109000000.0,,,2977000000.0,,,8772000000.0,,,7967000000.0,,68000000.0,5813000000.0,,-1466000000.0,8939000000.0,,,-16133000000.0,1529000000.0,2228000000.0
2020-03-31,20524000000.0,15695000000.0,,,3065000000.0,20918000000.0,,6869000000.0,6475000000.0,63000000.0,6199000000.0,0.7,0.7,8742000000.0,8749000000.0,,,16925000000.0,15457000000.0,,,,,,43166000000.0,26598000000.0,10381000000.0,,262021000000.0,15212000000.0,16290000000.0,,,,,,,225162000000.0,93615000000.0,-10819000000.0,35284000000.0,262021000000.0,991000000.0,,,503000000.0,978000000.0,,,-601000000.0,,,-214000000.0,,,,,6000000.0,1027000000.0,,856000000.0,19086000000.0,,,-7919000000.0,10697000000.0,
2020-06-30,38273000000.0,30778000000.0,,,6144000000.0,43084000000.0,,8947000000.0,4136000000.0,-199000000.0,4212000000.0,0.44,0.44,8750000000.0,8752000000.0,,,16041000000.0,15251000000.0,,,,,,42821000000.0,24951000000.0,,,256487000000.0,13469000000.0,16535000000.0,,,,,,,221233000000.0,91188000000.0,-10194000000.0,33674000000.0,256487000000.0,2281000000.0,,,190000000.0,730000000.0,,,-2015000000.0,,,-1372000000.0,,,,,7000000.0,1614000000.0,,1516000000.0,18419000000.0,,,-11998000000.0,4831000000.0,
2020-09-30,57690000000.0,46054000000.0,,,9371000000.0,63645000000.0,,8430000000.0,2476000000.0,-637000000.0,3068000000.0,0.3,0.3,8756000000.0,8756000000.0,,,17302000000.0,14925000000.0,,,,,,42211000000.0,25278000000.0,,,254315000000.0,13941000000.0,16243000000.0,,,,,,,219522000000.0,89905000000.0,-9498000000.0,33269000000.0,254315000000.0,3655000000.0,,,1665000000.0,258000000.0,,,-1501000000.0,,,-37000000.0,,,,,10000000.0,2241000000.0,,1582000000.0,17679000000.0,,,-15038000000.0,2593000000.0,
2020-12-31,79619000000.0,60421000000.0,,2565000000.0,12621000000.0,85809000000.0,,11387000000.0,5197000000.0,-474000000.0,5704000000.0,0.58,0.58,8753000000.0,8761000000.0,,,16691000000.0,15890000000.0,12081000000.0,,1522000000.0,88412000000.0,,44662000000.0,25524000000.0,9774000000.0,14597000000.0,253452000000.0,,16600000000.0,18215000000.0,56069000000.0,,,,16077000000.0,216378000000.0,92247000000.0,-9749000000.0,35552000000.0,253452000000.0,4636000000.0,,-2926000000.0,1319000000.0,-1105000000.0,,,-575000000.0,,,3597000000.0,,,5060000000.0,,85000000.0,3252000000.0,,1019000000.0,16642000000.0,,,-19852000000.0,531000000.0,1291000000.0
2021-03-31,17118000000.0,12538000000.0,,561000000.0,2891000000.0,17506000000.0,,626000000.0,238000000.0,142000000.0,-2802000000.0,-0.33,-0.33,8772000000.0,8807000000.0,,,15381000000.0,16530000000.0,,,1376000000.0,113198000000.0,,,25320000000.0,9395000000.0,12308000000.0,245164000000.0,,14139000000.0,17993000000.0,57681000000.0,,,,14821000000.0,210011000000.0,89276000000.0,-8893000000.0,33585000000.0,245164000000.0,452000000.0,,,-946000000.0,722000000.0,,,-349000000.0,,,-1959000000.0,,,,,0.0,332000000.0,,-1121000000.0,202000000.0,,,-1605000000.0,-3494000000.0,
2021-06-30,35397000000.0,26156000000.0,,1165000000.0,5757000000.0,37529000000.0,,1332000000.0,-1037000000.0,-466000000.0,-3934000000.0,-0.46,-0.46,8780000000.0,8780000000.0,,,15190000000.0,17016000000.0,,,1315000000.0,102411000000.0,,,25491000000.0,9460000000.0,12640000000.0,237559000000.0,,13569000000.0,17201000000.0,56639000000.0,,,,15245000000.0,202512000000.0,87993000000.0,-7820000000.0,33487000000.0,237559000000.0,935000000.0,,,-942000000.0,1330000000.0,,,200000000.0,,,-1441000000.0,,,,,27000000.0,599000000.0,,-1468000000.0,-106000000.0,,,-12006000000.0,-13591000000.0,
2021-09-30,53826000000.0,39558000000.0,,1792000000.0,8504000000.0,55866000000.0,,1824000000.0,584000000.0,-323000000.0,-2677000000.0,-2.61,-2.61,1098000000.0,1105000000.0,,,14874000000.0,16790000000.0,,,1191000000.0,103587000000.0,,,25333000000.0,9187000000.0,12651000000.0,237133000000.0,,14349000000.0,16909000000.0,57676000000.0,,,,14999000000.0,198172000000.0,89098000000.0,-5078000000.0,37477000000.0,237133000000.0,1390000000.0,,,-874000000.0,1184000000.0,,,-167000000.0,,,900000000.0,,,,,27000000.0,895000000.0,,-1912000000.0,226000000.0,,,-12401000000.0,-11412000000.0,
2021-12-31,74196000000.0,,,2497000000.0,11707000000.0,80702000000.0,,2823000000.0,-3683000000.0,-286000000.0,-6520000000.0,-6.16,-6.16,1098000000.0,1098000000.0,,,,15847000000.0,10855000000.0,,1933000000.0,66348000000.0,,,26182000000.0,9330000000.0,19040000000.0,198874000000.0,,13977000000.0,17372000000.0,51953000000.0,,,,13240000000.0,157262000000.0,85110000000.0,1582000000.0,40310000000.0,198874000000.0,1871000000.0,,,177000000.0,702000000.0,,,-2000000.0,,,3332000000.0,,,,,1550000000.0,1250000000.0,,-1237000000.0,21308000000.0,,,-45177000000.0,-20750000000.0,1330000000.0
2022-03-31,17040000000.0,,,641000000.0,3651000000.0,17638000000.0,,73000000.0,-525000000.0,204000000.0,-1042000000.0,-0.99,-0.99,1100000000.0,1100000000.0,,,,16570000000.0,,,2065000000.0,63299000000.0,,,26047000000.0,8290000000.0,19767000000.0,191961000000.0,,14216000000.0,16206000000.0,53344000000.0,,,,12477000000.0,151678000000.0,83927000000.0,1341000000.0,39005000000.0,191961000000.0,460000000.0,,,749000000.0,990000000.0,,,75000000.0,,,-556000000.0,,,,,,340000000.0,,82000000.0,-444000000.0,,,-1459000000.0,-2534000000.0,
2022-06-30,35686000000.0,,,1337000000.0,6371000000.0,35319000000.0,,-1210000000.0,-770000000.0,520000000.0,-1833000000.0,-1.78,-1.78,1099000000.0,1099000000.0,,,,17553000000.0,,,1879000000.0,60658000000.0,,,25790000000.0,8026000000.0,19737000000.0,185540000000.0,,13909000000.0,16360000000.0,53883000000.0,,,,11885000000.0,149597000000.0,82981000000.0,-1852000000.0,34649000000.0,185540000000.0,903000000.0,,,1334000000.0,2346000000.0,,,1446000000.0,,,-6000000.0,,,,,0.0,660000000.0,,757000000.0,1525000000.0,,,-3140000000.0,-1887000000.0,
2022-09-30,54769000000.0,,,2023000000.0,9239000000.0,54653000000.0,,-941000000.0,-825000000.0,541000000.0,-1997000000.0,-1.99,-1.99,1097000000.0,1097000000.0,,,,17536000000.0,,,2059000000.0,60082000000.0,,,25275000000.0,7725000000.0,19166000000.0,180877000000.0,,15094000000.0,16445000000.0,54657000000.0,,,,11767000000.0,148124000000.0,82655000000.0,-4405000000.0,31475000000.0,180877000000.0,1310000000.0,,,2678000000.0,2774000000.0,,,2107000000.0,,,1417000000.0,,,,,30000000.0,957000000.0,,774000000.0,1592000000.0,,,-5127000000.0,-2741000000.0,
2022-12-31,76555000000.0,,,2813000000.0,12781000000.0,76375000000.0,,1231000000.0,1412000000.0,476000000.0,225000000.0,-0.06,-0.05,1096000000.0,1101000000.0,,,,17403000000.0,11705000000.0,,1521000000.0,66234000000.0,,,25798000000.0,7625000000.0,16998000000.0,187788000000.0,,14485000000.0,18118000000.0,56947000000.0,,,,12154000000.0,150206000000.0,84693000000.0,-1311000000.0,36366000000.0,187788000000.0,1802000000.0,,,3011000000.0,2341000000.0,,,2793000000.0,,,5916000000.0,,,,,30000000.0,1371000000.0,,726000000.0,2270000000.0,,,-5585000000.0,2232000000.0,1128000000.0
2023-03-31,14486000000.0,,,431000000.0,2142000000.0,14075000000.0,,6081000000.0,6492000000.0,271000000.0,7506000000.0,6.76,6.71,1089000000.0,1097000000.0,,,,16198000000.0,,,1464000000.0,60286000000.0,,,13107000000.0,5990000000.0,15888000000.0,164472000000.0,,12313000000.0,16586000000.0,48177000000.0,,,,10937000000.0,131649000000.0,84955000000.0,-3289000000.0,31652000000.0,164472000000.0,367000000.0,,,-536000000.0,1275000000.0,,,-201000000.0,,,-259000000.0,,,,,,279000000.0,,-1096000000.0,-1796000000.0,,,-3232000000.0,-5220000000.0,
2023-06-30,31185000000.0,,,885000000.0,4500000000.0,30076000000.0,,6773000000.0,7882000000.0,603000000.0,7541000000.0,6.74,6.68,1089000000.0,1098000000.0,,,,16789000000.0,,,1638000000.0,60213000000.0,,,13345000000.0,5954000000.0,16172000000.0,163006000000.0,,11620000000.0,17142000000.0,48108000000.0,,,,11067000000.0,130638000000.0,84848000000.0,-3573000000.0,31194000000.0,163006000000.0,719000000.0,,,-26000000.0,1802000000.0,,,-22000000.0,,,215000000.0,,,,,333000000.0,663000000.0,,-963000000.0,-161000000.0,,,-4394000000.0,-4260000000.0,
2023-09-30,48531000000.0,,,1356000000.0,6671000000.0,46449000000.0,,6100000000.0,8182000000.0,741000000.0,7889000000.0,6.98,6.91,1089000000.0,1099000000.0,,,,17020000000.0,,,1438000000.0,56434000000.0,,,13177000000.0,5790000000.0,16307000000.0,156662000000.0,,12026000000.0,17185000000.0,48164000000.0,,,,11177000000.0,126830000000.0,85017000000.0,-3351000000.0,28665000000.0,156662000000.0,1097000000.0,,,-120000000.0,2220000000.0,,,394000000.0,,,2038000000.0,,,,,365000000.0,1065000000.0,,-906000000.0,2293000000.0,,,-8218000000.0,-3978000000.0,
2023-12-31,67954000000.0,,,1907000000.0,9195000000.0,64891000000.0,,7129000000.0,10191000000.0,1162000000.0,9481000000.0,8.44,8.36,1089000000.0,1099000000.0,,,,16528000000.0,10575000000.0,,1647000000.0,59799000000.0,,,13385000000.0,5695000000.0,15997000000.0,163045000000.0,,12712000000.0,19677000000.0,50876000000.0,,,,10508000000.0,134466000000.0,86527000000.0,-6150000000.0,27378000000.0,163045000000.0,1473000000.0,,,833000000.0,1524000000.0,,,-221000000.0,,,5179000000.0,,,,,365000000.0,1595000000.0,,-791000000.0,3977000000.0,,,-8613000000.0,664000000.0,994000000.0
2024-03-31,16053000000.0,,,507000000.0,2269000000.0,15295000000.0,,1109000000.0,1866000000.0,318000000.0,1537000000.0,1.41,1.39,1091000000.0,1103000000.0,,,,17603000000.0,,,1650000000.0,59589000000.0,,,13304000000.0,5547000000.0,16995000000.0,163942000000.0,,12342000000.0,20718000000.0,51087000000.0,,,,10855000000.0,132838000000.0,88065000000.0,-5603000000.0,29855000000.0,163942000000.0,378000000.0,,,-235000000.0,1216000000.0,,,111000000.0,,,992000000.0,,,,,,421000000.0,,320000000.0,808000000.0,,,-204000000.0,1534000000.0,
2024-06-30,18048000000.0,,,570000000.0,1950000000.0,15558000000.0,,944000000.0,3434000000.0,369000000.0,2805000000.0,2.58,2.55,1089000000.0,1100000000.0,,,,9469000000.0,7338000000.0,,1210000000.0,37352000000.0,,,8859000000.0,4394000000.0,13405000000.0,123190000000.0,7707000000.0,4506000000.0,8671000000.0,32750000000.0,,,,6534000000.0,104347000000.0,77349000000.0,-4035000000.0,18598000000.0,123190000000.0,401000000.0,,,48000000.0,1201000000.0,,,427000000.0,386000000.0,,1905000000.0,,,,,0.0,499000000.0,,3294000000.0,-3478000000.0,,,-3092000000.0,-4808000000.0,
2024-09-30,27890000000.0,,,901000000.0,3280000000.0,24529000000.0,,1965000000.0,5327000000.0,567000000.0,4657000000.0,4.28,4.24,1087000000.0,1098000000.0,,,,9718000000.0,7491000000.0,,1156000000.0,38649000000.0,,,8754000000.0,4371000000.0,13836000000.0,126698000000.0,7829000000.0,4986000000.0,9047000000.0,34093000000.0,,,,6647000000.0,107595000000.0,78889000000.0,-4375000000.0,18874000000.0,126698000000.0,625000000.0,,,750000000.0,1416000000.0,,,560000000.0,759000000.0,,3413000000.0,,,,,126000000.0,765000000.0,,3997000000.0,-1987000000.0,,,-4551000000.0,-3183000000.0,
