Date,Net sales,Cost of sales,Gross margin,Research and development,"Selling, general and administrative",Total operating expenses,Operating income,"Other income/(expense), net",Income before provision for income taxes,Provision for income taxes,Net income,Earnings per share basic,Earnings per share diluted,Weighted-average basic,Weighted-average diluted,Cash and cash equivalents,Short-term marketable securities,"Accounts receivable, net",Inventories,Deferred tax assets,Vendor non-trade receivables,Other current assets,Total current assets,Long-term marketable securities,"Property, Plant and Equipment, Net",Goodwill,"Acquired intangible assets, net","Other Assets, Noncurrent",Total assets,accounts payable,Accrued expenses,Deferred revenue,Total current liabilities,Deferred revenue - non-current,deferred tax liabilities,long term taxes payable,Total other non-current liabilities,Total liabilities,Retained Earnings (Accumulated Deficit),Accumulated other comprehensive (loss)/income,Total shareholders equity,Total liabilities and shareholders' equity,"Depreciation, amortization and accretion",Stock-based compensation expense,Deferred income tax expense,"Increase (Decrease) in Accounts receivable, net",Increase (Decrease) in Inventories,Increase (Decrease) in Other Receivables,Increase (Decrease) in Other Operating Assets,Increase (Decrease) in Accounts Payable,Increase (Decrease) in Deferred Revenue,Increase (Decrease) Other liabilities,Cash generated by operating activities,Purchases of marketable securities,Proceeds from maturities of marketable securities,Proceeds from sales of marketable securities,Purchases of other long-term investments,"Business acquisitions, net of cash acquired",Cash payments for capital asset purchases,Payments for acquisition of intangible assets,Payments for (Proceeds from) Other Investing Activities,Cash used in investing activities,Proceeds from issuance of common stock,Excess tax benefits from stock-based compensation,Cash generated/used in financing activities,Increase/(decrease) in cash and cash equivalents,"Cash paid for income taxes, net"
2009-12-31,7011383000.0,,,,946686000.0,3482162000.0,3529221000.0,42397000.0,3501956000.0,876364000.0,2635755000.0,2.91,2.82,904604000.0,934109000.0,1272958000.0,384017000.0,1389534000.0,1051771000.0,295080000.0,,66891000.0,4812558000.0,2247871000.0,699970000.0,,,85635000.0,9698559000.0,810544000.0,384015000.0,122721000.0,1871631000.0,43026000.0,,,35918000.0,,1995272000.0,-5758000.0,6367065000.0,9698559000.0,,180684000.0,-42013000.0,356462000.0,75266000.0,,,203641000.0,48603000.0,,3080054000.0,2614046000.0,435510000.0,1440509000.0,0.0,1247816000.0,230057000.0,,,-2215900000.0,222728000.0,80186000.0,-1051438000.0,-186344000.0,746224000.0
2010-03-31,2085853000.0,,,,265618000.0,924712000.0,1161141000.0,15645000.0,1159831000.0,307737000.0,854901000.0,0.95,0.92,901606000.0,928368000.0,936880000.0,715308000.0,1491332000.0,1223945000.0,283585000.0,,139880000.0,5124228000.0,2967727000.0,695601000.0,,,97523000.0,10695998000.0,949084000.0,388902000.0,122240000.0,1887651000.0,41489000.0,,,27290000.0,,2688679000.0,83473000.0,7341996000.0,10695998000.0,,46841000.0,31060000.0,163914000.0,174985000.0,,,141727000.0,-2018000.0,,670569000.0,1502775000.0,171751000.0,273912000.0,,,11666000.0,,,-1068778000.0,103362000.0,49819000.0,16032000.0,-336078000.0,
2010-09-30,5950733000.0,,,,764183000.0,2817892000.0,3132841000.0,49523000.0,3114025000.0,850641000.0,2271838000.0,2.61,2.55,871887000.0,890216000.0,1022993000.0,1284538000.0,1670405000.0,1273389000.0,310316000.0,,111651000.0,6031947000.0,2744150000.0,692032000.0,532669000.0,,111949000.0,11455591000.0,950813000.0,443763000.0,95794000.0,2590108000.0,39446000.0,,,47760000.0,,1122030000.0,7485000.0,5706314000.0,11455591000.0,,146690000.0,42720000.0,352081000.0,228263000.0,,,141692000.0,-30507000.0,,2109070000.0,3800280000.0,591646000.0,1808222000.0,,91000000.0,38523000.0,,,-1529935000.0,166826000.0,68642000.0,-879054000.0,-249965000.0,
2010-12-31,7949420000.0,,,,1044392000.0,3987198000.0,3962222000.0,60287000.0,3913548000.0,1023799000.0,2901257000.0,3.39,3.32,856060000.0,873396000.0,907879000.0,1190789000.0,1621966000.0,1203809000.0,416720000.0,,116244000.0,5708082000.0,3219403000.0,701235000.0,532669000.0,,181149000.0,11592630000.0,803025000.0,437893000.0,103175000.0,2464950000.0,32844000.0,,,27401000.0,,1183730000.0,30911000.0,5863729000.0,11592630000.0,,200041000.0,12152000.0,348875000.0,161190000.0,,,-4453000.0,-29728000.0,,2833913000.0,5502687000.0,683927000.0,3033893000.0,,91000000.0,61884000.0,,,-1937751000.0,221223000.0,81620000.0,-1338710000.0,-365079000.0,
2011-03-31,1926094000.0,,,,295568000.0,1024125000.0,901969000.0,13832000.0,874585000.0,227282000.0,651141000.0,0.82,0.8,796115000.0,811857000.0,1835978000.0,1175321000.0,1801212000.0,1304457000.0,277835000.0,,96081000.0,6851132000.0,3344999000.0,703794000.0,754456000.0,,125595000.0,12987354000.0,981631000.0,566573000.0,97373000.0,2768765000.0,30275000.0,,,49798000.0,,1320335000.0,-101182000.0,5946253000.0,12987354000.0,,49470000.0,20546000.0,107876000.0,97174000.0,,,176114000.0,-8371000.0,,820542000.0,1519142000.0,169189000.0,1285547000.0,,221105000.0,14870000.0,,,-300381000.0,58879000.0,14255000.0,485110000.0,928099000.0,
2011-06-30,4063347000.0,,,,599837000.0,2144660000.0,1918687000.0,25810000.0,1857174000.0,467412000.0,1397368000.0,1.77,1.73,790430000.0,806462000.0,905779000.0,1364539000.0,1938645000.0,1321615000.0,277611000.0,,85018000.0,6219045000.0,3228994000.0,721884000.0,1004102000.0,,119368000.0,12694140000.0,1102319000.0,618223000.0,63243000.0,2310841000.0,27706000.0,,117025000.0,156391000.0,,1395908000.0,-133279000.0,6046845000.0,12694140000.0,,99595000.0,40008000.0,221966000.0,114644000.0,,,295648000.0,-45070000.0,,1763797000.0,2714090000.0,348968000.0,2225064000.0,,588608000.0,41505000.0,,,-770171000.0,115912000.0,20298000.0,-886852000.0,-2100000.0,
2011-09-30,6185007000.0,,,,895764000.0,3262642000.0,2922365000.0,40216000.0,2832161000.0,704861000.0,2138492000.0,2.72,2.66,787272000.0,802762000.0,909359000.0,1347776000.0,1867092000.0,1337751000.0,283856000.0,,115643000.0,6147267000.0,3224981000.0,761190000.0,1004102000.0,,131649000.0,12639898000.0,1063723000.0,495312000.0,68673000.0,2224431000.0,34704000.0,,117025000.0,138774000.0,,1321796000.0,-15541000.0,6116764000.0,12639898000.0,,145775000.0,,221393000.0,136684000.0,,,257805000.0,-32642000.0,,2660903000.0,4161322000.0,506513000.0,3498720000.0,,588608000.0,105794000.0,,,-850491000.0,158234000.0,30255000.0,-1763051000.0,1480000.0,
2011-12-31,8385385000.0,,,,1241983000.0,4595544000.0,3789841000.0,66581000.0,3651004000.0,861945000.0,2803637000.0,3.62,3.55,774903000.0,790118000.0,9883777000.0,16491000.0,1951167000.0,1389983000.0,340589000.0,,126846000.0,13918785000.0,63704000.0,774406000.0,1004102000.0,,160674000.0,17303134000.0,1206052000.0,502557000.0,74665000.0,2514790000.0,31870000.0,,,147736000.0,,1776760000.0,58200000.0,6738856000.0,17303134000.0,,192378000.0,,375736000.0,200793000.0,,,428944000.0,-29484000.0,,3639010000.0,5127790000.0,788395000.0,8649752000.0,,588608000.0,131904000.0,,,3589845000.0,211737000.0,40848000.0,1763569000.0,8975898000.0,
2012-03-31,2282449000.0,,,,443121000.0,1482263000.0,800186000.0,-34085000.0,668831000.0,231300000.0,437531000.0,0.58,0.57,756286000.0,777388000.0,1451942000.0,0.0,2163659000.0,1418033000.0,193938000.0,,175629000.0,5826532000.0,48168000.0,782867000.0,1078919000.0,11767027000.0,169308000.0,19950386000.0,1339257000.0,593063000.0,100191000.0,4187904000.0,26506000.0,,140655000.0,153991000.0,,2178639000.0,33591000.0,7313612000.0,19950386000.0,,48731000.0,,196531000.0,26833000.0,,,107652000.0,20176000.0,,452969000.0,0.0,0.0,56719000.0,,10751636000.0,23199000.0,,,-10743116000.0,132530000.0,23304000.0,1855590000.0,-8431835000.0,
2012-06-30,4687635000.0,,,,775626000.0,2828357000.0,1859278000.0,-35160000.0,1638430000.0,494825000.0,1143605000.0,1.52,1.48,756951000.0,780506000.0,1625500000.0,81269000.0,1702818000.0,1603401000.0,213448000.0,,226903000.0,5844102000.0,564130000.0,811799000.0,1078919000.0,11751191000.0,171283000.0,20501950000.0,1367353000.0,624337000.0,93660000.0,4986674000.0,23662000.0,,126655000.0,155195000.0,,2663077000.0,124377000.0,8002120000.0,20501950000.0,,97134000.0,,-180167000.0,213190000.0,,,230614000.0,10794000.0,,1743620000.0,607078000.0,2951000.0,63274000.0,,10751636000.0,60591000.0,,,-11378080000.0,201791000.0,35439000.0,1380711000.0,-8258277000.0,
2012-09-30,7114232000.0,,,,1095209000.0,4211040000.0,2903192000.0,-38665000.0,2589517000.0,774877000.0,1829025000.0,2.42,2.33,757385000.0,792304000.0,1550710000.0,144775000.0,1766091000.0,1617369000.0,222572000.0,,144175000.0,5880379000.0,955603000.0,856184000.0,1078919000.0,11735354000.0,170629000.0,20963829000.0,1319670000.0,,99048000.0,4802148000.0,20836000.0,,128655000.0,221646000.0,,3139393000.0,28249000.0,8603642000.0,20963829000.0,,151598000.0,,-160831000.0,224742000.0,,,146458000.0,7238000.0,,2488988000.0,1148751000.0,25975000.0,130463000.0,25000000.0,10751636000.0,127175000.0,,,-11896124000.0,350264000.0,64955000.0,1073197000.0,-8333067000.0,
2012-12-31,9702517000.0,,,,1461034000.0,5692342000.0,4010175000.0,-37279000.0,3611980000.0,1038381000.0,2591566000.0,1.71,1.64,1514621000.0,1582549000.0,1803694000.0,58556000.0,1751388000.0,1744982000.0,383498000.0,,,6156347000.0,719836000.0,1100259000.0,1060919000.0,11736393000.0,159187000.0,21239838000.0,1327339000.0,,103162000.0,4270020000.0,20532000.0,,115822000.0,228040000.0,,3704744000.0,-45615000.0,9309739000.0,21239838000.0,,208725000.0,,-197986000.0,349924000.0,,,117485000.0,23245000.0,,3194716000.0,1244898000.0,44813000.0,527712000.0,25000000.0,10751635000.0,397046000.0,,,-11846054000.0,466283000.0,114236000.0,563346000.0,-8080083000.0,
2013-03-31,2531635000.0,,,497632000.0,374296000.0,1506376000.0,1025259000.0,-3324000.0,940148000.0,222438000.0,722186000.0,0.47,0.43,1521372000.0,1665060000.0,1863972000.0,78804000.0,1945189000.0,1799618000.0,211938000.0,,217748000.0,6663097000.0,688254000.0,1125794000.0,1188157000.0,12077548000.0,149948000.0,22211668000.0,1356372000.0,,124369000.0,4290215000.0,32204000.0,118403000.0,110250000.0,213327000.0,,4301539000.0,20806000.0,10152231000.0,22211668000.0,,61767000.0,,231781000.0,57109000.0,,,30792000.0,32880000.0,,672101000.0,62604000.0,6862000.0,65985000.0,0.0,378645000.0,38854000.0,,,-407256000.0,86049000.0,40746000.0,-199001000.0,60278000.0,
2013-06-30,5299029000.0,,,1021534000.0,779287000.0,3119932000.0,2179097000.0,-3555000.0,2015747000.0,530419000.0,1494791000.0,0.98,0.89,1526945000.0,1694577000.0,2202176000.0,85194000.0,1895913000.0,1935147000.0,224429000.0,,176355000.0,7072529000.0,688428000.0,1135993000.0,1188157000.0,12056002000.0,143941000.0,22624374000.0,1390641000.0,,112119000.0,4937138000.0,28768000.0,118315000.0,122590000.0,224627000.0,,5065839000.0,30371000.0,11092000000.0,22624374000.0,,117720000.0,,181266000.0,200856000.0,,,64831000.0,17187000.0,,1625105000.0,199357000.0,39571000.0,159828000.0,0.0,378645000.0,84130000.0,,,-462733000.0,146342000.0,89151000.0,-756649000.0,398482000.0,
2013-09-30,8081862000.0,,,1567778000.0,1186147000.0,4754904000.0,3326958000.0,5777000.0,3095436000.0,824892000.0,2283397000.0,1.5,1.35,1532105000.0,1691898000.0,2010736000.0,79758000.0,1971926000.0,1946048000.0,239287000.0,,109195000.0,6968061000.0,665063000.0,1133032000.0,1188157000.0,12034457000.0,139470000.0,22468428000.0,1350402000.0,,127278000.0,4895124000.0,25398000.0,118660000.0,119589000.0,261091000.0,,5735335000.0,-42070000.0,10883610000.0,22468428000.0,,180293000.0,,226308000.0,216650000.0,,,23131000.0,29057000.0,,2378201000.0,254657000.0,57556000.0,226291000.0,0.0,378645000.0,121310000.0,,,-470765000.0,240671000.0,168728000.0,-1698882000.0,207042000.0,
2013-12-31,11201688000.0,,,2119756000.0,1699431000.0,6677689000.0,4523999000.0,-8886000.0,4208219000.0,1150933000.0,3074808000.0,2.01,1.81,1528620000.0,1694747000.0,2112806000.0,18756000.0,2100286000.0,2055788000.0,401835000.0,,91925000.0,7273753000.0,439028000.0,1166181000.0,1169023000.0,11900106000.0,195163000.0,22496785000.0,1255914000.0,,110640000.0,6325421000.0,21979000.0,83286000.0,162412000.0,156647000.0,,6105244000.0,-124446000.0,11369067000.0,22496785000.0,,251984000.0,,315299000.0,343143000.0,,,-97673000.0,22145000.0,,3104988000.0,256700000.0,77655000.0,494117000.0,0.0,378645000.0,190782000.0,,,-254355000.0,313079000.0,278773000.0,-2543941000.0,309112000.0,
2014-03-31,4998956000.0,,,594978000.0,548123000.0,1956306000.0,3042650000.0,-17912000.0,2948469000.0,725882000.0,2227410000.0,1.45,1.33,1536525000.0,1679871000.0,6404153000.0,64877000.0,3236195000.0,2140228000.0,348942000.0,,201011000.0,12970629000.0,389871000.0,1303029000.0,1171561000.0,11707830000.0,204461000.0,28077692000.0,1234507000.0,,111792000.0,5914776000.0,,81960000.0,226018000.0,174945000.0,,7734979000.0,-95769000.0,13387322000.0,28077692000.0,,82181000.0,,1117620000.0,84611000.0,,,-20117000.0,3266000.0,,1568018000.0,94340000.0,13666000.0,83224000.0,,0.0,163490000.0,,,-160940000.0,108727000.0,156695000.0,2884136000.0,4291347000.0,
2014-06-30,11533899000.0,,,1178902000.0,1161678000.0,4078494000.0,7455405000.0,-21557000.0,7255575000.0,1382503000.0,5883003000.0,3.83,3.52,1534614000.0,1672435000.0,8730522000.0,68546000.0,3436711000.0,2068753000.0,386580000.0,,199360000.0,15499339000.0,782315000.0,1380776000.0,1171561000.0,11508319000.0,212800000.0,31206164000.0,1162307000.0,,126284000.0,6227997000.0,,67980000.0,338238000.0,174196000.0,,10199576000.0,-41460000.0,16090629000.0,31206164000.0,,165276000.0,,1332395000.0,20863000.0,,,-89945000.0,19831000.0,,5753311000.0,650151000.0,17592000.0,238858000.0,,0.0,254487000.0,,,-648188000.0,162918000.0,214258000.0,1512545000.0,6617716000.0,
2014-09-30,17575731000.0,,,1809368000.0,2106515000.0,6641103000.0,10934628000.0,-26594000.0,10626395000.0,2029060000.0,8614277000.0,5.64,5.18,1527633000.0,1662281000.0,6209060000.0,107266000.0,2850367000.0,1909584000.0,384588000.0,,267247000.0,12562031000.0,1375400000.0,1509796000.0,1171561000.0,11306547000.0,267486000.0,28844393000.0,1182917000.0,,116880000.0,6054952000.0,,65433000.0,417434000.0,482542000.0,,11247655000.0,173962000.0,13566223000.0,28844393000.0,,264583000.0,,826970000.0,-100828000.0,,,-74599000.0,12310000.0,,9797333000.0,1532426000.0,26582000.0,477152000.0,,0.0,389549000.0,,,-1418241000.0,275074000.0,357928000.0,-4258876000.0,4096254000.0,
2014-12-31,24890000000.0,,,2854000000.0,2983000000.0,9625000000.0,15265000000.0,3000000.0,14856000000.0,2797000000.0,12101000000.0,7.95,7.35,1522000000.0,1647000000.0,10027000000.0,101000000.0,4635000000.0,1386000000.0,685000000.0,,472000000.0,17714000000.0,1598000000.0,1674000000.0,1172000000.0,11073000000.0,731000000.0,34664000000.0,955000000.0,,134000000.0,5761000000.0,,51000000.0,562000000.0,535000000.0,,12732000000.0,301000000.0,15426000000.0,34664000000.0,,360000000.0,,2578000000.0,-143000000.0,,,-289000000.0,31000000.0,,12818000000.0,2107000000.0,52000000.0,807000000.0,18000000.0,0.0,557000000.0,,,-1823000000.0,331000000.0,482000000.0,-3025000000.0,7914000000.0,
2015-03-31,7594000000.0,,,696000000.0,645000000.0,2223000000.0,5371000000.0,21000000.0,5239000000.0,907000000.0,4333000000.0,2.91,2.76,1488000000.0,1569000000.0,10635000000.0,659000000.0,4835000000.0,1908000000.0,655000000.0,,761000000.0,20062000000.0,3220000000.0,1765000000.0,1172000000.0,10867000000.0,583000000.0,38321000000.0,1011000000.0,,191000000.0,7428000000.0,,41000000.0,713000000.0,619000000.0,,13916000000.0,539000000.0,17180000000.0,38321000000.0,,92000000.0,,348000000.0,370000000.0,,,58000000.0,61000000.0,,5701000000.0,2462000000.0,38000000.0,249000000.0,,,124000000.0,,,-2299000000.0,118000000.0,186000000.0,-2722000000.0,608000000.0,
2015-06-30,15838000000.0,,,1514000000.0,1457000000.0,4851000000.0,10987000000.0,56000000.0,10750000000.0,1921000000.0,8825000000.0,5.96,5.68,1480000000.0,1555000000.0,7417000000.0,1194000000.0,5331000000.0,2039000000.0,833000000.0,,553000000.0,18093000000.0,6056000000.0,1899000000.0,1172000000.0,10660000000.0,682000000.0,39167000000.0,1571000000.0,,501000000.0,8925000000.0,,36000000.0,883000000.0,760000000.0,,16038000000.0,247000000.0,16287000000.0,39167000000.0,,188000000.0,,810000000.0,634000000.0,,,620000000.0,365000000.0,,11359000000.0,6847000000.0,148000000.0,1143000000.0,,,295000000.0,,,-5851000000.0,202000000.0,326000000.0,-8063000000.0,-2610000000.0,
2015-09-30,24133000000.0,,,2257000000.0,2360000000.0,7561000000.0,16572000000.0,108000000.0,16222000000.0,2801000000.0,13425000000.0,9.11,8.73,1474000000.0,1538000000.0,13965000000.0,1749000000.0,6105000000.0,1988000000.0,894000000.0,,490000000.0,25910000000.0,9400000000.0,2143000000.0,1172000000.0,10454000000.0,858000000.0,50637000000.0,1239000000.0,2721000000.0,356000000.0,9360000000.0,,30000000.0,1027000000.0,378000000.0,,16961000000.0,167000000.0,17414000000.0,50637000000.0,,285000000.0,,1610000000.0,659000000.0,,,288000000.0,344000000.0,,15455000000.0,12291000000.0,371000000.0,2464000000.0,,,581000000.0,,,-10037000000.0,281000000.0,498000000.0,-1419000000.0,3938000000.0,
2015-12-31,32639000000.0,,,3014000000.0,3426000000.0,10446000000.0,22193000000.0,154000000.0,21659000000.0,3553000000.0,18108000000.0,12.37,11.91,1464000000.0,1521000000.0,12851000000.0,1756000000.0,5854000000.0,1955000000.0,1132000000.0,,506000000.0,24763000000.0,11601000000.0,2276000000.0,1172000000.0,10247000000.0,1056000000.0,51839000000.0,1178000000.0,3172000000.0,440000000.0,9891000000.0,,,1243000000.0,395000000.0,,18001000000.0,88000000.0,18534000000.0,51839000000.0,,382000000.0,,1397000000.0,855000000.0,,,226000000.0,374000000.0,,20329000000.0,17239000000.0,719000000.0,4792000000.0,0.0,0.0,747000000.0,,,-12475000000.0,319000000.0,585000000.0,-4963000000.0,2824000000.0,
2016-03-31,7794000000.0,,,1265000000.0,685000000.0,3143000000.0,4651000000.0,81000000.0,4502000000.0,935000000.0,3566000000.0,2.58,2.53,1383000000.0,1412000000.0,6315000000.0,2004000000.0,6163000000.0,1880000000.0,830000000.0,,259000000.0,19267000000.0,13003000000.0,2431000000.0,1172000000.0,9923000000.0,1294000000.0,47765000000.0,945000000.0,2925000000.0,529000000.0,10910000000.0,,,1385000000.0,374000000.0,,13045000000.0,-164000000.0,13398000000.0,47765000000.0,,88000000.0,,191000000.0,14000000.0,,,-239000000.0,37000000.0,,3913000000.0,4977000000.0,443000000.0,2959000000.0,,,177000000.0,,,-2109000000.0,92000000.0,89000000.0,-8396000000.0,-6536000000.0,
2016-06-30,15570000000.0,,,2749000000.0,1575000000.0,6381000000.0,9189000000.0,169000000.0,8901000000.0,1837000000.0,7063000000.0,5.2,5.11,1359000000.0,1383000000.0,6485000000.0,2267000000.0,5752000000.0,1862000000.0,835000000.0,,517000000.0,18353000000.0,15864000000.0,2599000000.0,1172000000.0,9713000000.0,1481000000.0,49980000000.0,1122000000.0,2830000000.0,345000000.0,10444000000.0,,,1527000000.0,467000000.0,,14949000000.0,-46000000.0,15536000000.0,49980000000.0,,183000000.0,,-190000000.0,97000000.0,,,-67000000.0,-162000000.0,,8853000000.0,12022000000.0,784000000.0,6583000000.0,,,381000000.0,,,-5393000000.0,120000000.0,127000000.0,-9912000000.0,-6366000000.0,
2016-09-30,23070000000.0,,,3890000000.0,2406000000.0,9482000000.0,13588000000.0,288000000.0,13177000000.0,2788000000.0,10393000000.0,7.72,7.59,1347000000.0,1369000000.0,9809000000.0,2457000000.0,5075000000.0,1900000000.0,762000000.0,,820000000.0,21425000000.0,19345000000.0,2714000000.0,1172000000.0,9386000000.0,1647000000.0,56609000000.0,1052000000.0,3478000000.0,361000000.0,11073000000.0,,,1621000000.0,184000000.0,,16654000000.0,-108000000.0,16868000000.0,56609000000.0,,278000000.0,,-770000000.0,274000000.0,,,-115000000.0,-148000000.0,,13183000000.0,19881000000.0,1131000000.0,10376000000.0,,,579000000.0,,,-9310000000.0,180000000.0,162000000.0,-7052000000.0,-3042000000.0,
2016-12-31,30390000000.0,,,5098000000.0,3398000000.0,12757000000.0,17633000000.0,428000000.0,17097000000.0,3609000000.0,13501000000.0,10.08,9.94,1339000000.0,1358000000.0,8229000000.0,3666000000.0,4514000000.0,1587000000.0,1255000000.0,,1062000000.0,20445000000.0,20485000000.0,2865000000.0,1172000000.0,8971000000.0,2214000000.0,56977000000.0,1206000000.0,2790000000.0,202000000.0,9219000000.0,,,1753000000.0,296000000.0,,18154000000.0,278000000.0,18887000000.0,56977000000.0,,380000000.0,,-1192000000.0,488000000.0,,,47000000.0,-304000000.0,,16669000000.0,25619000000.0,1700000000.0,13039000000.0,357000000.0,,748000000.0,,,-11985000000.0,208000000.0,194000000.0,-9347000000.0,-4622000000.0,
2017-03-31,6505000000.0,,,931000000.0,850000000.0,2738000000.0,3767000000.0,111000000.0,3617000000.0,918000000.0,2702000000.0,2.07,2.05,1308000000.0,1320000000.0,10285000000.0,3830000000.0,4034000000.0,1474000000.0,,,,21424000000.0,19902000000.0,2922000000.0,1172000000.0,8761000000.0,2312000000.0,57701000000.0,944000000.0,2626000000.0,245000000.0,8282000000.0,,,1848000000.0,333000000.0,,19564000000.0,260000000.0,20441000000.0,57701000000.0,,89000000.0,58000000.0,-537000000.0,5000000.0,,,-262000000.0,,,2925000000.0,3482000000.0,734000000.0,3173000000.0,,,118000000.0,,,307000000.0,96000000.0,,-1244000000.0,2056000000.0,
2017-06-30,13646000000.0,,,1795000000.0,1747000000.0,5625000000.0,8021000000.0,241000000.0,7732000000.0,1964000000.0,5775000000.0,4.42,4.38,1307000000.0,1319000000.0,8712000000.0,12384000000.0,4478000000.0,1408000000.0,,,,28592000000.0,15480000000.0,3012000000.0,1172000000.0,8551000000.0,2319000000.0,60263000000.0,819000000.0,2991000000.0,,8492000000.0,,,1942000000.0,442000000.0,,21823000000.0,120000000.0,22677000000.0,60263000000.0,,191000000.0,138000000.0,-118000000.0,14000000.0,,,-399000000.0,,,6451000000.0,13269000000.0,1942000000.0,7629000000.0,,,241000000.0,,,-3939000000.0,119000000.0,,-2124000000.0,483000000.0,
2017-09-30,20158000000.0,,,2584000000.0,2626000000.0,8325000000.0,11833000000.0,391000000.0,11403000000.0,2923000000.0,8493000000.0,6.5,6.44,1307000000.0,1319000000.0,11508000000.0,16879000000.0,4122000000.0,1144000000.0,,,,35317000000.0,12973000000.0,3100000000.0,1172000000.0,8342000000.0,2611000000.0,64662000000.0,696000000.0,2482000000.0,,9597000000.0,,,2037000000.0,259000000.0,,23689000000.0,249000000.0,24845000000.0,64662000000.0,,304000000.0,127000000.0,-473000000.0,79000000.0,,,-515000000.0,,,9145000000.0,18813000000.0,4164000000.0,8966000000.0,,,370000000.0,,,-6053000000.0,183000000.0,,46000000.0,3279000000.0,
2017-12-31,26107000000.0,,,3734000000.0,3878000000.0,11983000000.0,14124000000.0,523000000.0,13529000000.0,8885000000.0,4628000000.0,3.54,3.51,1307000000.0,1319000000.0,7588000000.0,17922000000.0,3851000000.0,801000000.0,1139000000.0,,,31823000000.0,11184000000.0,3295000000.0,4159000000.0,17100000000.0,2722000000.0,70283000000.0,814000000.0,3370000000.0,,11635000000.0,,,6794000000.0,558000000.0,,19012000000.0,165000000.0,20442000000.0,70283000000.0,,638000000.0,,-754000000.0,253000000.0,,,-430000000.0,,,11898000000.0,23314000000.0,7821000000.0,10440000000.0,0.0,10426000000.0,590000000.0,,,-16069000000.0,234000000.0,,3393000000.0,-641000000.0,
2018-03-31,5088000000.0,,,937000000.0,997000000.0,2935000000.0,2153000000.0,170000000.0,2033000000.0,494000000.0,1538000000.0,1.18,1.17,1307000000.0,1320000000.0,7643000000.0,16355000000.0,3775000000.0,885000000.0,,,,30258000000.0,8104000000.0,3415000000.0,4159000000.0,16803000000.0,2642000000.0,65381000000.0,711000000.0,2414000000.0,,10670000000.0,,,6832000000.0,671000000.0,,19196000000.0,-170000000.0,20591000000.0,65381000000.0,,220000000.0,35000000.0,-101000000.0,14000000.0,,,-92000000.0,,,2270000000.0,397000000.0,4762000000.0,221000000.0,,,212000000.0,,,4354000000.0,111000000.0,,-6595000000.0,55000000.0,
2018-06-30,10736000000.0,2197000000.0,,2129000000.0,1977000000.0,6303000000.0,4433000000.0,242000000.0,4119000000.0,761000000.0,3355000000.0,2.58,2.55,1302000000.0,1314000000.0,13234000000.0,12683000000.0,3541000000.0,859000000.0,,,,32728000000.0,5739000000.0,3659000000.0,4124000000.0,16496000000.0,2609000000.0,65355000000.0,623000000.0,2607000000.0,,10912000000.0,,,6001000000.0,646000000.0,,19825000000.0,2000000.0,21672000000.0,65355000000.0,,472000000.0,-2000000.0,-277000000.0,34000000.0,,,-193000000.0,,,3843000000.0,2009000000.0,11539000000.0,676000000.0,,,509000000.0,,,9595000000.0,159000000.0,,-7747000000.0,5646000000.0,
2018-09-30,16332000000.0,3283000000.0,,3068000000.0,2925000000.0,9276000000.0,7056000000.0,547000000.0,6783000000.0,1326000000.0,5452000000.0,4.19,4.15,1302000000.0,1313000000.0,14569000000.0,13897000000.0,3465000000.0,816000000.0,,,,34918000000.0,2378000000.0,3791000000.0,4117000000.0,16314000000.0,2787000000.0,64305000000.0,580000000.0,2333000000.0,,10116000000.0,,,6018000000.0,594000000.0,,20706000000.0,36000000.0,22861000000.0,64305000000.0,,670000000.0,10000000.0,-367000000.0,191000000.0,,,-217000000.0,,,6055000000.0,5786000000.0,17021000000.0,1201000000.0,,,676000000.0,,,11620000000.0,239000000.0,,-10648000000.0,6981000000.0,
2018-12-31,22127000000.0,4853000000.0,,5018000000.0,4056000000.0,13927000000.0,8200000000.0,676000000.0,7799000000.0,2339000000.0,5455000000.0,4.2,4.17,1298000000.0,1308000000.0,17940000000.0,12149000000.0,3327000000.0,814000000.0,1209000000.0,,,35836000000.0,1423000000.0,4006000000.0,4117000000.0,15738000000.0,2555000000.0,63675000000.0,790000000.0,3139000000.0,,10605000000.0,,,5922000000.0,1040000000.0,,19024000000.0,80000000.0,21387000000.0,63675000000.0,,845000000.0,,-480000000.0,310000000.0,,,-39000000.0,,,8400000000.0,,24336000000.0,1522000000.0,346000000.0,0.0,924000000.0,,,14355000000.0,289000000.0,,-12318000000.0,10352000000.0,
2019-03-31,5281000000.0,957000000.0,,1057000000.0,1030000000.0,3044000000.0,2237000000.0,367000000.0,2350000000.0,382000000.0,1975000000.0,1.55,1.54,1276000000.0,1283000000.0,16927000000.0,10977000000.0,3283000000.0,898000000.0,,,,34024000000.0,2221000000.0,4116000000.0,4117000000.0,15438000000.0,2921000000.0,62837000000.0,577000000.0,2348000000.0,,9397000000.0,,,5809000000.0,1460000000.0,,19326000000.0,130000000.0,21951000000.0,62837000000.0,,143000000.0,24000000.0,-32000000.0,15000000.0,,,-201000000.0,,,1444000000.0,6722000000.0,6511000000.0,575000000.0,,,237000000.0,,238000000.0,-111000000.0,103000000.0,,-2366000000.0,-1013000000.0,
2019-06-30,10966000000.0,1957000000.0,,2217000000.0,2125000000.0,6299000000.0,4667000000.0,595000000.0,4760000000.0,917000000.0,3855000000.0,3.03,3.01,1273000000.0,1280000000.0,11240000000.0,15943000000.0,3396000000.0,884000000.0,,,,33727000000.0,3051000000.0,4249000000.0,4117000000.0,15152000000.0,2914000000.0,63210000000.0,617000000.0,2760000000.0,,8961000000.0,,,5837000000.0,1577000000.0,,19829000000.0,102000000.0,22616000000.0,63210000000.0,,317000000.0,28000000.0,68000000.0,12000000.0,,,-166000000.0,,,3665000000.0,17022000000.0,10029000000.0,1564000000.0,,,422000000.0,,302000000.0,-6153000000.0,141000000.0,,-4223000000.0,-6700000000.0,
2019-09-30,16570000000.0,2992000000.0,,7207000000.0,3177000000.0,13376000000.0,3194000000.0,817000000.0,3259000000.0,584000000.0,2690000000.0,2.12,2.1,1271000000.0,1278000000.0,,13382000000.0,3315000000.0,882000000.0,,,,28361000000.0,2195000000.0,4377000000.0,4117000000.0,14864000000.0,5232000000.0,59146000000.0,632000000.0,2785000000.0,,9567000000.0,,,5852000000.0,901000000.0,,17616000000.0,117000000.0,20604000000.0,59146000000.0,,479000000.0,-796000000.0,-33000000.0,35000000.0,,,-142000000.0,,,6564000000.0,24057000000.0,17639000000.0,4522000000.0,1251000000.0,,622000000.0,,198000000.0,-8248000000.0,182000000.0,,-6738000000.0,-8466000000.0,
2019-12-31,22449000000.0,4675000000.0,,9106000000.0,4381000000.0,18162000000.0,4287000000.0,1868000000.0,5160000000.0,-204000000.0,5386000000.0,4.24,4.22,1270000000.0,1277000000.0,11631000000.0,12721000000.0,3582000000.0,922000000.0,1556000000.0,,,30296000000.0,1488000000.0,4502000000.0,4117000000.0,13786000000.0,7438000000.0,61627000000.0,713000000.0,3074000000.0,,9759000000.0,,,6115000000.0,1009000000.0,,19388000000.0,85000000.0,22525000000.0,61627000000.0,,636000000.0,,218000000.0,95000000.0,,,-61000000.0,,,9144000000.0,,22398000000.0,7523000000.0,1773000000.0,0.0,825000000.0,,384000000.0,-7817000000.0,209000000.0,,-7634000000.0,-6309000000.0,
2020-03-31,5548000000.0,969000000.0,,1101000000.0,1076000000.0,3146000000.0,2402000000.0,-158000000.0,2003000000.0,465000000.0,1551000000.0,1.23,1.22,1262000000.0,1270000000.0,,10734000000.0,3907000000.0,986000000.0,,,,26950000000.0,3529000000.0,4564000000.0,4117000000.0,13502000000.0,7079000000.0,59741000000.0,590000000.0,2833000000.0,,8879000000.0,,,5595000000.0,990000000.0,,18709000000.0,46000000.0,22067000000.0,59741000000.0,,141000000.0,56000000.0,376000000.0,-15000000.0,,,-109000000.0,,,1436000000.0,13158000000.0,3449000000.0,9656000000.0,8000000.0,,171000000.0,,0.0,-344000000.0,177000000.0,,-2611000000.0,-1580000000.0,
2020-06-30,10691000000.0,2033000000.0,,,2315000000.0,11272000000.0,-2983000000.0,250000000.0,-2973000000.0,838000000.0,-3339000000.0,-2.66,-2.66,1258000000.0,1258000000.0,,12168000000.0,3194000000.0,1052000000.0,,,,24643000000.0,2276000000.0,4653000000.0,4117000000.0,13225000000.0,7020000000.0,55934000000.0,532000000.0,3696000000.0,,10564000000.0,,,5107000000.0,1018000000.0,,14445000000.0,70000000.0,18027000000.0,55934000000.0,,309000000.0,109000000.0,-368000000.0,22000000.0,,,-113000000.0,,,4002000000.0,16753000000.0,6227000000.0,10426000000.0,86000000.0,,314000000.0,,63000000.0,-5367000000.0,212000000.0,,-3485000000.0,-4885000000.0,
2020-09-30,17268000000.0,3174000000.0,,,3421000000.0,15848000000.0,2001000000.0,-940000000.0,825000000.0,1310000000.0,-1428000000.0,-1.14,-1.14,1257000000.0,1261000000.0,,11089000000.0,3913000000.0,1008000000.0,,,,30926000000.0,2074000000.0,4810000000.0,4117000000.0,12939000000.0,6012000000.0,60878000000.0,527000000.0,4141000000.0,,9509000000.0,,,5020000000.0,1086000000.0,,13709000000.0,23000000.0,17445000000.0,60878000000.0,,482000000.0,-12000000.0,334000000.0,48000000.0,,,-134000000.0,,,6252000000.0,19809000000.0,8528000000.0,12367000000.0,388000000.0,,469000000.0,,63000000.0,-5638000000.0,248000000.0,,639000000.0,1255000000.0,
2020-12-31,24689000000.0,4572000000.0,,,5151000000.0,20618000000.0,4071000000.0,-1418000000.0,1669000000.0,1580000000.0,123000000.0,0.1,0.1,1257000000.0,1263000000.0,5997000000.0,1411000000.0,4892000000.0,1683000000.0,3960000000.0,,,15996000000.0,502000000.0,4967000000.0,8108000000.0,33126000000.0,5708000000.0,68407000000.0,844000000.0,4336000000.0,,11397000000.0,,,5016000000.0,5128000000.0,,14381000000.0,-60000000.0,18202000000.0,68407000000.0,,643000000.0,,1171000000.0,195000000.0,,,80000000.0,,,8168000000.0,,9479000000.0,23239000000.0,455000000.0,25742000000.0,650000000.0,,171000000.0,-14615000000.0,256000000.0,,770000000.0,-5634000000.0,
2021-03-31,6423000000.0,1361000000.0,,,1055000000.0,3533000000.0,2890000000.0,-369000000.0,2264000000.0,542000000.0,1729000000.0,1.38,1.37,1256000000.0,1262000000.0,,1601000000.0,3925000000.0,1779000000.0,,,,13278000000.0,579000000.0,4990000000.0,8334000000.0,34781000000.0,5530000000.0,67492000000.0,570000000.0,3507000000.0,,9705000000.0,,,5022000000.0,1430000000.0,,14821000000.0,38000000.0,18952000000.0,67492000000.0,,139000000.0,71000000.0,-975000000.0,69000000.0,,,-253000000.0,,,2610000000.0,931000000.0,619000000.0,60000000.0,279000000.0,1255000000.0,165000000.0,,91000000.0,-2042000000.0,88000000.0,,-2477000000.0,-1932000000.0,
2021-06-30,12640000000.0,2751000000.0,,,2406000000.0,7504000000.0,5136000000.0,-542000000.0,4081000000.0,842000000.0,3251000000.0,2.59,2.58,1256000000.0,1261000000.0,,1632000000.0,4149000000.0,1772000000.0,,,,13925000000.0,836000000.0,4996000000.0,8334000000.0,34341000000.0,5552000000.0,67984000000.0,608000000.0,4055000000.0,,10214000000.0,,,4596000000.0,1176000000.0,,15392000000.0,39000000.0,19703000000.0,67984000000.0,,305000000.0,3000000.0,-694000000.0,94000000.0,,,-222000000.0,,,4926000000.0,2078000000.0,1250000000.0,251000000.0,301000000.0,1347000000.0,284000000.0,,110000000.0,-2619000000.0,100000000.0,,-3408000000.0,-1104000000.0,
2021-09-30,20061000000.0,3974000000.0,,,3596000000.0,11083000000.0,8978000000.0,-696000000.0,7519000000.0,1694000000.0,5843000000.0,4.65,4.63,1256000000.0,1262000000.0,,1376000000.0,4566000000.0,1676000000.0,,,,13991000000.0,1099000000.0,5037000000.0,8332000000.0,33900000000.0,4739000000.0,67098000000.0,585000000.0,3781000000.0,,10245000000.0,,,4642000000.0,962000000.0,,16903000000.0,74000000.0,21470000000.0,67098000000.0,,476000000.0,243000000.0,-272000000.0,24000000.0,,,-242000000.0,,,8179000000.0,2891000000.0,1808000000.0,506000000.0,332000000.0,1401000000.0,423000000.0,,120000000.0,-2853000000.0,157000000.0,,-6935000000.0,-1635000000.0,
2021-12-31,27305000000.0,6601000000.0,,,5246000000.0,17387000000.0,9918000000.0,-639000000.0,8278000000.0,2077000000.0,6225000000.0,4.96,4.93,1256000000.0,1262000000.0,5338000000.0,1182000000.0,4493000000.0,1618000000.0,4109000000.0,,,14772000000.0,1309000000.0,5121000000.0,8332000000.0,33455000000.0,4963000000.0,67952000000.0,705000000.0,6145000000.0,,11610000000.0,,,4767000000.0,976000000.0,,16324000000.0,83000000.0,21069000000.0,67952000000.0,,635000000.0,,-313000000.0,-11000000.0,,,-118000000.0,,,11384000000.0,,2180000000.0,730000000.0,380000000.0,1402000000.0,579000000.0,,163000000.0,-3131000000.0,169000000.0,,-8877000000.0,-659000000.0,
2022-03-31,6590000000.0,1424000000.0,,,1083000000.0,6393000000.0,197000000.0,-111000000.0,-152000000.0,-164000000.0,19000000.0,0.02,0.02,1255000000.0,1262000000.0,,1029000000.0,3787000000.0,1482000000.0,,,,12629000000.0,1427000000.0,5253000000.0,8314000000.0,30331000000.0,5126000000.0,63080000000.0,583000000.0,3500000000.0,,8558000000.0,,,4793000000.0,944000000.0,,14986000000.0,73000000.0,19927000000.0,63080000000.0,,130000000.0,-651000000.0,-699000000.0,-53000000.0,,,-91000000.0,,,1840000000.0,613000000.0,506000000.0,119000000.0,28000000.0,30000000.0,247000000.0,,777000000.0,-1070000000.0,94000000.0,,-1794000000.0,-1042000000.0,
2022-06-30,12850000000.0,2866000000.0,,,2440000000.0,10624000000.0,2226000000.0,-395000000.0,1503000000.0,368000000.0,1163000000.0,0.93,0.92,1256000000.0,1261000000.0,,924000000.0,4118000000.0,1494000000.0,,,,13175000000.0,1337000000.0,5299000000.0,8314000000.0,29885000000.0,4860000000.0,62870000000.0,565000000.0,4115000000.0,,9220000000.0,,,3888000000.0,988000000.0,,15117000000.0,87000000.0,20236000000.0,62870000000.0,,295000000.0,-944000000.0,-247000000.0,-61000000.0,,,-104000000.0,,,3642000000.0,1090000000.0,955000000.0,323000000.0,44000000.0,1131000000.0,390000000.0,,1000000.0,-1378000000.0,97000000.0,,-2797000000.0,-599000000.0,
2022-09-30,19892000000.0,4261000000.0,,,3653000000.0,14829000000.0,5063000000.0,-571000000.0,3783000000.0,850000000.0,2952000000.0,2.35,2.34,1255000000.0,1261000000.0,,961000000.0,4354000000.0,1463000000.0,,,,13554000000.0,1282000000.0,5349000000.0,8314000000.0,29440000000.0,4618000000.0,62557000000.0,614000000.0,3865000000.0,,10423000000.0,,,3982000000.0,1106000000.0,,15756000000.0,98000000.0,21081000000.0,62557000000.0,,463000000.0,-1214000000.0,125000000.0,34000000.0,,,-38000000.0,,,6505000000.0,1398000000.0,1232000000.0,370000000.0,166000000.0,1579000000.0,547000000.0,,3000000.0,-2091000000.0,133000000.0,,-4915000000.0,-639000000.0,
2022-12-31,27281000000.0,5657000000.0,,,5673000000.0,19951000000.0,7330000000.0,-581000000.0,5814000000.0,1248000000.0,4592000000.0,3.66,3.64,1255000000.0,1262000000.0,5412000000.0,973000000.0,4777000000.0,1507000000.0,4690000000.0,,,14443000000.0,1245000000.0,5475000000.0,8314000000.0,28894000000.0,4800000000.0,63171000000.0,905000000.0,4580000000.0,,11237000000.0,,,3916000000.0,1179000000.0,,15687000000.0,2000000.0,21240000000.0,63171000000.0,,637000000.0,-1552000000.0,406000000.0,310000000.0,,,226000000.0,,,9072000000.0,,1590000000.0,412000000.0,172000000.0,1797000000.0,728000000.0,,1000000.0,-2466000000.0,309000000.0,,-6469000000.0,74000000.0,
2023-03-31,6352000000.0,1401000000.0,,,1319000000.0,4647000000.0,1705000000.0,-174000000.0,1300000000.0,316000000.0,1010000000.0,0.81,0.8,1248000000.0,1261000000.0,,936000000.0,4162000000.0,1576000000.0,,,,13456000000.0,1327000000.0,5479000000.0,8314000000.0,28348000000.0,4952000000.0,61876000000.0,627000000.0,4140000000.0,,10528000000.0,,,3775000000.0,1277000000.0,,15223000000.0,-20000000.0,20997000000.0,61876000000.0,,165000000.0,-303000000.0,-635000000.0,227000000.0,,,-272000000.0,,,1744000000.0,527000000.0,324000000.0,167000000.0,125000000.0,551000000.0,109000000.0,,5000000.0,-826000000.0,97000000.0,,-1406000000.0,-476000000.0,
2023-06-30,12951000000.0,2843000000.0,,,3168000000.0,9581000000.0,3370000000.0,152000000.0,2888000000.0,865000000.0,2055000000.0,1.65,1.63,1249000000.0,1260000000.0,,963000000.0,4229000000.0,1633000000.0,,,,14287000000.0,1334000000.0,5540000000.0,8314000000.0,27750000000.0,5113000000.0,62337000000.0,622000000.0,5810000000.0,,13964000000.0,,,2610000000.0,1354000000.0,,15138000000.0,10000000.0,21158000000.0,62337000000.0,,363000000.0,-524000000.0,-549000000.0,453000000.0,,,-275000000.0,,,4082000000.0,1105000000.0,719000000.0,317000000.0,192000000.0,794000000.0,248000000.0,,6000000.0,-1309000000.0,123000000.0,,-2507000000.0,292000000.0,
2023-09-30,20002000000.0,4408000000.0,,,4482000000.0,14009000000.0,5993000000.0,-95000000.0,5206000000.0,1010000000.0,4236000000.0,3.39,3.37,1249000000.0,1259000000.0,,1159000000.0,4790000000.0,1663000000.0,,,,15980000000.0,1156000000.0,5572000000.0,8314000000.0,27152000000.0,4200000000.0,62373000000.0,586000000.0,5852000000.0,,11945000000.0,,,2088000000.0,924000000.0,,16002000000.0,31000000.0,22314000000.0,62373000000.0,,565000000.0,-592000000.0,63000000.0,535000000.0,,,-304000000.0,,,5837000000.0,1474000000.0,985000000.0,412000000.0,218000000.0,873000000.0,370000000.0,,0.0,-1538000000.0,206000000.0,,-4026000000.0,293000000.0,
2023-12-31,27116000000.0,6498000000.0,,,6090000000.0,19511000000.0,7605000000.0,198000000.0,6859000000.0,1247000000.0,5665000000.0,4.54,4.5,1248000000.0,1258000000.0,,1179000000.0,4660000000.0,1787000000.0,5547000000.0,,,16085000000.0,1163000000.0,5317000000.0,8314000000.0,26454000000.0,4792000000.0,62125000000.0,550000000.0,5130000000.0,,11280000000.0,,,2039000000.0,1280000000.0,,16304000000.0,28000000.0,22833000000.0,62125000000.0,,766000000.0,-962000000.0,-157000000.0,842000000.0,,,-347000000.0,,,8006000000.0,1930000000.0,1334000000.0,510000000.0,442000000.0,1152000000.0,585000000.0,,1000000.0,-2265000000.0,232000000.0,,-5125000000.0,673000000.0,
2024-03-31,6686000000.0,1552000000.0,,,1375000000.0,11008000000.0,-4322000000.0,91000000.0,-4486000000.0,-315000000.0,-4170000000.0,-3.34,-3.34,1247000000.0,1247000000.0,,0.0,4669000000.0,1853000000.0,,,,14041000000.0,0.0,5321000000.0,8314000000.0,23428000000.0,5188000000.0,56292000000.0,622000000.0,4464000000.0,,13015000000.0,,,1967000000.0,1395000000.0,,10656000000.0,69000000.0,17539000000.0,56292000000.0,,187000000.0,-723000000.0,66000000.0,45000000.0,,,72000000.0,,,2219000000.0,244000000.0,327000000.0,2265000000.0,410000000.0,4043000000.0,105000000.0,,-5000000.0,-2207000000.0,146000000.0,,-1361000000.0,-1367000000.0,
2024-06-30,13640000000.0,3096000000.0,,,2752000000.0,15317000000.0,2644000000.0,-355000000.0,-2433000000.0,438000000.0,-2556000000.0,-2.05,-2.05,1247000000.0,1251000000.0,,0.0,4663000000.0,2026000000.0,,,,12317000000.0,0.0,5346000000.0,8314000000.0,22832000000.0,4770000000.0,53579000000.0,537000000.0,4510000000.0,,10781000000.0,,,738000000.0,1418000000.0,,11165000000.0,93000000.0,18281000000.0,53579000000.0,,397000000.0,-889000000.0,95000000.0,115000000.0,,,-11000000.0,,,3544000000.0,244000000.0,327000000.0,2265000000.0,444000000.0,4195000000.0,235000000.0,,-12000000.0,-2514000000.0,151000000.0,,-4314000000.0,-3313000000.0,
2024-09-30,21185000000.0,4670000000.0,,,4184000000.0,21975000000.0,888000000.0,306000000.0,-1477000000.0,-297000000.0,-1303000000.0,-1.04,-1.04,1247000000.0,1254000000.0,,0.0,4587000000.0,1869000000.0,,,,14779000000.0,0.0,5391000000.0,8314000000.0,20546000000.0,5494000000.0,54525000000.0,903000000.0,4896000000.0,,11725000000.0,,,782000000.0,1396000000.0,,11073000000.0,73000000.0,18475000000.0,54525000000.0,,613000000.0,-1465000000.0,-67000000.0,200000000.0,,,348000000.0,,,7853000000.0,244000000.0,327000000.0,2265000000.0,453000000.0,4765000000.0,376000000.0,,-23000000.0,-3224000000.0,249000000.0,,-5693000000.0,-1049000000.0,
