Date,Net sales,Cost of sales,Gross margin,Research and development,"Selling, general and administrative",Total operating expenses,Operating income,"Other income/(expense), net",Income before provision for income taxes,Provision for income taxes,Net income,Earnings per share basic,Earnings per share diluted,Weighted-average basic,Weighted-average diluted,Cash and cash equivalents,Short-term marketable securities,"Accounts receivable, net",Inventories,Deferred tax assets,Vendor non-trade receivables,Other current assets,Total current assets,Long-term marketable securities,"Property, Plant and Equipment, Net",Goodwill,"Acquired intangible assets, net","Other Assets, Noncurrent",Total assets,accounts payable,Accrued expenses,Deferred revenue,Total current liabilities,Deferred revenue - non-current,deferred tax liabilities,long term taxes payable,Total other non-current liabilities,Total liabilities,Retained Earnings (Accumulated Deficit),Accumulated other comprehensive (loss)/income,Total shareholders equity,Total liabilities and shareholders' equity,"Depreciation, amortization and accretion",Stock-based compensation expense,Deferred income tax expense,"Increase (Decrease) in Accounts receivable, net",Increase (Decrease) in Inventories,Increase (Decrease) in Other Receivables,Increase (Decrease) in Other Operating Assets,Increase (Decrease) in Accounts Payable,Increase (Decrease) in Deferred Revenue,Increase (Decrease) Other liabilities,Cash generated by operating activities,Purchases of marketable securities,Proceeds from maturities of marketable securities,Proceeds from sales of marketable securities,Purchases of other long-term investments,"Business acquisitions, net of cash acquired",Cash payments for capital asset purchases,Payments for acquisition of intangible assets,Payments for (Proceeds from) Other Investing Activities,Cash used in investing activities,Proceeds from issuance of common stock,Excess tax benefits from stock-based compensation,Cash generated/used in financing activities,Increase/(decrease) in cash and cash equivalents,"Cash paid for income taxes, net"
2010-02-28,,,,,2418700000.0,,2133200000.0,,1858600000.0,622700000.0,1318600000.0,4.01,3.87,,,691300000.0,,,1474600000.0,8100000.0,,322900000.0,3677100000.0,,3004400000.0,6645700000.0,3740900000.0,1148100000.0,18216200000.0,690500000.0,1607400000.0,,2986400000.0,,1141400000.0,,1939700000.0,11739100000.0,8075900000.0,-859700000.0,6232100000.0,18216200000.0,,83000000.0,0.0,244900000.0,136300000.0,,-117100000.0,,,242400000.0,1558200000.0,,,,,,418900000.0,,-48900000.0,-484700000.0,,86200000.0,-1134400000.0,-58500000.0,
2010-05-30,,,,,3236100000.0,,2606100000.0,,2204500000.0,771200000.0,1530500000.0,2.32,2.24,,,673200000.0,,,1344000000.0,42700000.0,,378500000.0,3480000000.0,,3127700000.0,6592800000.0,3715000000.0,763400000.0,17678900000.0,849500000.0,1762200000.0,,3769100000.0,,874600000.0,,2118700000.0,12030900000.0,8122400000.0,-1486900000.0,5402900000.0,17678900000.0,,107300000.0,22300000.0,121100000.0,16700000.0,,-53500000.0,,,158100000.0,2181200000.0,,,,,0.0,649900000.0,,-52000000.0,-721200000.0,,114000000.0,-1503800000.0,-76600000.0,
2010-11-28,,,,,1573000000.0,,1583300000.0,,1411400000.0,383700000.0,1086000000.0,1.68,1.63,644700000.0,667500000.0,566300000.0,,,1706000000.0,28500000.0,,416700000.0,4016600000.0,,3146100000.0,6634700000.0,3740500000.0,840600000.0,18378500000.0,826700000.0,1725300000.0,,3733600000.0,,965200000.0,,1930800000.0,12493700000.0,8842100000.0,-1273400000.0,5639600000.0,18378500000.0,,59700000.0,78500000.0,235300000.0,348000000.0,,33200000.0,,,-136700000.0,599500000.0,,,,,,284300000.0,,-12600000.0,-266400000.0,,56400000.0,-482700000.0,-106900000.0,355100000.0
2011-02-27,,,,,2363200000.0,,2238100000.0,,1981200000.0,565400000.0,1478100000.0,2.3,2.22,642800000.0,665000000.0,540300000.0,,,1668100000.0,30900000.0,,417700000.0,3842900000.0,,3180400000.0,6702900000.0,3802800000.0,752500000.0,18281500000.0,830100000.0,1675500000.0,,4511300000.0,,988600000.0,,1826300000.0,12169300000.0,9053000000.0,-1162200000.0,5866200000.0,18281500000.0,,81400000.0,105800000.0,110300000.0,304600000.0,,33000000.0,,,-168600000.0,1248100000.0,,,,,84800000.0,423400000.0,,-14700000.0,-466900000.0,,75100000.0,-972000000.0,-132900000.0,411600000.0
2011-05-29,,,,235000000.0,3192000000.0,,2774500000.0,,2428200000.0,721100000.0,1798300000.0,2.8,2.7,642700000.0,664800000.0,619600000.0,,,1609300000.0,-1100100000.0,104700000.0,483500000.0,3902000000.0,,3345900000.0,6750800000.0,3813300000.0,862500000.0,18674500000.0,995100000.0,1321500000.0,,3659200000.0,,1127400000.0,233300000.0,1733200000.0,12062300000.0,9191300000.0,-1010800000.0,6365500000.0,18674500000.0,472600000.0,105300000.0,205300000.0,69800000.0,240000000.0,,96000000.0,,,-424100000.0,1526800000.0,,,,,123300000.0,648800000.0,,-20300000.0,-715100000.0,,106200000.0,-936600000.0,-53600000.0,699300000.0
2011-08-28,,,,,807500000.0,,638900000.0,,553500000.0,177500000.0,405600000.0,0.63,0.61,647900000.0,667000000.0,338200000.0,,,1788100000.0,13400000.0,,452700000.0,4096400000.0,,3565200000.0,8301400000.0,4935800000.0,994400000.0,21893200000.0,1181900000.0,1553500000.0,,4884000000.0,,1417100000.0,,1777600000.0,13979800000.0,9396600000.0,-1014700000.0,6499300000.0,,,44500000.0,22300000.0,156900000.0,135300000.0,,-55500000.0,,,31000000.0,440800000.0,,,,,900100000.0,132800000.0,,-6500000.0,-1157700000.0,,12400000.0,431900000.0,-281400000.0,37000000.0
2011-11-27,,,,,1684600000.0,,1355800000.0,,1183200000.0,386900000.0,850400000.0,1.31,1.28,647100000.0,666300000.0,,,,1628700000.0,20200000.0,,,4021600000.0,,3507400000.0,8115900000.0,4795500000.0,1026400000.0,21466800000.0,1096500000.0,1464100000.0,,5142000000.0,,1374100000.0,,1818400000.0,13582100000.0,9642200000.0,-1204600000.0,6577300000.0,,263300000.0,66200000.0,39700000.0,205600000.0,1300000.0,,,,,,1153200000.0,,,,,900100000.0,264800000.0,,-6600000.0,-1310700000.0,,31100000.0,59300000.0,-110500000.0,344300000.0
2012-02-26,,,,,2523300000.0,,2024400000.0,,1755800000.0,574200000.0,1241900000.0,1.92,1.86,647900000.0,667300000.0,,,,1528000000.0,27800000.0,,,3836300000.0,,3549900000.0,8205000000.0,4728400000.0,1119400000.0,21439000000.0,1011900000.0,1397200000.0,,3849000000.0,,1367600000.0,,1774800000.0,13186200000.0,9833700000.0,-1111900000.0,6921600000.0,,398800000.0,88400000.0,49900000.0,115000000.0,-111800000.0,,,,,,1657200000.0,,,,,900100000.0,423900000.0,,-6600000.0,-1469700000.0,,58700000.0,-317100000.0,-134300000.0,508500000.0
2012-05-27,,,,245400000.0,3380700000.0,,2562400000.0,,2210500000.0,709600000.0,1567300000.0,2.42,2.35,648100000.0,666700000.0,471200000.0,,,1478800000.0,-1111700000.0,103800000.0,358100000.0,3691400000.0,,3652700000.0,8182500000.0,4704900000.0,865300000.0,21096800000.0,1148900000.0,1426600000.0,,3843200000.0,,1171400000.0,230900000.0,2189800000.0,13366300000.0,9958500000.0,-1743700000.0,6421700000.0,,541500000.0,108300000.0,149400000.0,24200000.0,-144500000.0,,,,,,2402000000.0,,,,,1050100000.0,675900000.0,,-6800000.0,-1870800000.0,,63100000.0,-661400000.0,-148400000.0,590600000.0
2012-08-26,,,,,839000000.0,,780100000.0,,697100000.0,158100000.0,548900000.0,0.84,0.82,650400000.0,667400000.0,,,,1808500000.0,63200000.0,,,5217400000.0,,3603500000.0,8207700000.0,4723700000.0,883000000.0,22635300000.0,1264900000.0,1587400000.0,,5975500000.0,,1127500000.0,,2125500000.0,14690500000.0,10289600000.0,-1662500000.0,6645200000.0,,139200000.0,38300000.0,-51200000.0,143800000.0,324000000.0,,,,,,488800000.0,,,,,31800000.0,140600000.0,,3500000.0,-153600000.0,,18100000.0,692800000.0,1037200000.0,47000000.0
2012-11-25,,,,,1749600000.0,,1609100000.0,,1450600000.0,403500000.0,1090500000.0,1.68,1.64,649200000.0,666000000.0,,,,1770200000.0,51900000.0,,,4565500000.0,,3814000000.0,8604100000.0,5026000000.0,943300000.0,22952900000.0,1244900000.0,1730800000.0,,5736400000.0,,1148700000.0,,2178300000.0,14635300000.0,10614500000.0,-1603300000.0,6983700000.0,,286100000.0,61300000.0,-25200000.0,252600000.0,187200000.0,,,,,,1317100000.0,,,,,851800000.0,264100000.0,,3300000.0,-1103200000.0,,58500000.0,33700000.0,263700000.0,352100000.0
2013-02-24,,,,,2624100000.0,,2251200000.0,,2016100000.0,577700000.0,1488900000.0,2.29,2.24,649000000.0,665700000.0,,,,1606400000.0,87600000.0,,,4365800000.0,,3806800000.0,8665700000.0,5060400000.0,894700000.0,22793400000.0,1186000000.0,1669900000.0,,4282600000.0,,1202400000.0,,2212900000.0,14329800000.0,10795800000.0,-1544000000.0,7016700000.0,,432300000.0,82200000.0,-25000000.0,176800000.0,19700000.0,,,,,,2145700000.0,,,,,900800000.0,412200000.0,,3500000.0,-1281200000.0,,89800000.0,-599300000.0,280000000.0,491300000.0
2013-05-26,,,,237900000.0,3552300000.0,,2851800000.0,,2534900000.0,741200000.0,1855200000.0,2.86,2.79,648600000.0,665600000.0,741400000.0,,,1545500000.0,-1261100000.0,193100000.0,437600000.0,4298900000.0,,3878100000.0,8622200000.0,5015100000.0,843700000.0,22658000000.0,1423200000.0,1827700000.0,,5293900000.0,,1389100000.0,277100000.0,1952900000.0,14562000000.0,10702600000.0,-1585300000.0,6672200000.0,,588000000.0,100400000.0,81800000.0,44600000.0,-18700000.0,,,,,,2926000000.0,,,,,898000000.0,613900000.0,,3500000.0,-1515400000.0,,103000000.0,-1140200000.0,270200000.0,569400000.0
2013-08-25,,,,,875400000.0,,734800000.0,,656000000.0,212000000.0,459300000.0,0.71,0.7,643000000.0,660300000.0,,,,1773600000.0,114300000.0,,,4693200000.0,,3789400000.0,8615200000.0,5003900000.0,842900000.0,22944600000.0,1425500000.0,1706300000.0,,5462900000.0,,1409600000.0,,1868900000.0,14654900000.0,11157900000.0,-1670400000.0,6824300000.0,,151000000.0,41300000.0,22900000.0,198500000.0,241600000.0,,,,,,381100000.0,,,,,0.0,123800000.0,,3400000.0,-113200000.0,,31600000.0,-237300000.0,17500000.0,47600000.0
2013-11-24,,,,,1766300000.0,,1604900000.0,,1457400000.0,478700000.0,1009200000.0,1.58,1.54,638100000.0,655100000.0,,,,1752300000.0,110800000.0,,,4775800000.0,,3809000000.0,8646500000.0,5020400000.0,900400000.0,23152100000.0,1424100000.0,1661900000.0,,4990100000.0,,1450300000.0,,1874200000.0,15055200000.0,11465500000.0,-1606700000.0,6633400000.0,,297600000.0,64600000.0,67900000.0,277100000.0,214400000.0,,,,,,1008900000.0,,,,,0.0,268800000.0,,2700000.0,-317400000.0,,39500000.0,-654200000.0,32800000.0,378200000.0
2014-02-23,,,,,2608400000.0,,2275500000.0,,2052500000.0,679600000.0,1419800000.0,2.24,2.18,633300000.0,650200000.0,,,,1559600000.0,103600000.0,,,4557600000.0,,3797000000.0,8648900000.0,5011700000.0,909800000.0,22925000000.0,1360300000.0,1574200000.0,,4683600000.0,,1474400000.0,,1822000000.0,15159600000.0,11636500000.0,-1640600000.0,6307700000.0,,442100000.0,87400000.0,95800000.0,207800000.0,30100000.0,,,,,,1724200000.0,,,,,0.0,416400000.0,,2400000.0,-430300000.0,,45600000.0,-1170200000.0,105700000.0,565800000.0
2014-05-25,,,,243600000.0,3474300000.0,,2957400000.0,,2655000000.0,883300000.0,1824400000.0,2.9,2.83,628600000.0,645700000.0,867300000.0,,,1559400000.0,-1591900000.0,153900000.0,409100000.0,4393500000.0,,3941900000.0,8650500000.0,5014300000.0,1145500000.0,23145700000.0,1611300000.0,1449900000.0,,5423500000.0,,1666000000.0,195600000.0,1643200000.0,15156200000.0,11787200000.0,-1340300000.0,6534800000.0,,585400000.0,108500000.0,172500000.0,41000000.0,88300000.0,,,,,,2541000000.0,,,,,0.0,663500000.0,,900000.0,-561800000.0,,69300000.0,-1824100000.0,125900000.0,757200000.0
2014-08-24,,,,,867200000.0,,557500000.0,,479000000.0,152600000.0,345200000.0,0.56,0.55,612600000.0,629100000.0,,,,1823300000.0,66600000.0,,,4695500000.0,,3907000000.0,8608100000.0,4967900000.0,1194300000.0,23372800000.0,1571300000.0,1571000000.0,,5793100000.0,,1668600000.0,,1600100000.0,15730900000.0,11878000000.0,-1374900000.0,6202300000.0,,150300000.0,45600000.0,17400000.0,145100000.0,237200000.0,,,,,,329400000.0,,,,,12900000.0,148600000.0,,2800000.0,-197200000.0,,16700000.0,-153100000.0,-26100000.0,60500000.0
2014-11-23,,,,,1712700000.0,,1116500000.0,,960700000.0,306000000.0,691300000.0,1.14,1.11,607600000.0,623800000.0,,,,1893400000.0,98500000.0,,,4986400000.0,,3824200000.0,9078700000.0,5127900000.0,1186500000.0,24203700000.0,1656700000.0,1614900000.0,,6093700000.0,,1761500000.0,,1623800000.0,17192100000.0,11975300000.0,-1559600000.0,5672300000.0,,290400000.0,64900000.0,13200000.0,248800000.0,309600000.0,,,,,,863200000.0,,,,,822300000.0,317600000.0,,100000.0,-1171200000.0,,26800000.0,369700000.0,27200000.0,353100000.0
2015-02-22,,,,,2502100000.0,,1653700000.0,,1417900000.0,422500000.0,1034500000.0,1.71,1.67,604500000.0,620300000.0,,,,1585100000.0,120700000.0,,,4464400000.0,,3725400000.0,8935100000.0,4993300000.0,1264900000.0,23383100000.0,1481300000.0,1572700000.0,,6702500000.0,,1792700000.0,,1594700000.0,16732500000.0,12070400000.0,-1837800000.0,5441200000.0,,443700000.0,84500000.0,31200000.0,176400000.0,50800000.0,,,,,,1561400000.0,,,,,822300000.0,490900000.0,,4300000.0,-1408300000.0,,56600000.0,-146500000.0,-83100000.0,449800000.0
2015-05-31,,,,229400000.0,3328000000.0,,2077300000.0,,1761900000.0,586800000.0,1221300000.0,2.02,1.97,603300000.0,618800000.0,334200000.0,,,1540900000.0,-1450200000.0,148800000.0,423800000.0,3785700000.0,,3783300000.0,8874900000.0,4677000000.0,843600000.0,21964500000.0,1684000000.0,1589900000.0,,4890100000.0,,1550300000.0,202500000.0,1744800000.0,15792900000.0,11990800000.0,-2310700000.0,4996700000.0,,588300000.0,106400000.0,25300000.0,-6800000.0,24200000.0,,,,,,2542800000.0,,,,,822300000.0,712400000.0,,4000000.0,-1602200000.0,,74600000.0,-1384800000.0,-533100000.0,562600000.0
2015-08-30,,,,,811200000.0,,683300000.0,,608000000.0,198600000.0,426600000.0,0.71,0.69,601700000.0,615500000.0,,,,1795800000.0,87600000.0,,,4305100000.0,,3679200000.0,8857700000.0,4655000000.0,825900000.0,22322900000.0,1759600000.0,1716300000.0,,5299900000.0,,1560700000.0,,1714000000.0,16184300000.0,12150900000.0,-2420200000.0,4949100000.0,,143900000.0,31300000.0,20700000.0,162600000.0,275200000.0,,,,,,430900000.0,,,,,0.0,147200000.0,,-6700000.0,-139100000.0,,37400000.0,-156900000.0,116400000.0,9700000.0
2015-11-29,,,,,1583900000.0,,1589000000.0,,1439900000.0,510100000.0,956100000.0,1.59,1.56,600800000.0,614100000.0,,,,1455000000.0,98600000.0,,,4047600000.0,,3588400000.0,8602100000.0,4471000000.0,879600000.0,21588700000.0,1704100000.0,1858400000.0,,4969400000.0,,1508300000.0,,1711800000.0,15606100000.0,12416000000.0,-2407000000.0,4797000000.0,,292500000.0,52700000.0,-32700000.0,109900000.0,196200000.0,,,,,,1156000000.0,,,,,0.0,293500000.0,,19100000.0,523000000.0,,44700000.0,-1341800000.0,315600000.0,346900000.0
2016-02-28,,,,,2339700000.0,,2175300000.0,,1949000000.0,667700000.0,1317800000.0,2.2,2.15,599100000.0,612200000.0,,,,1350200000.0,86200000.0,,,4011300000.0,,3604500000.0,8692400000.0,4509800000.0,813600000.0,21631600000.0,1725600000.0,1784300000.0,,5253700000.0,,1575600000.0,,1687500000.0,15541200000.0,12514000000.0,-2414900000.0,4888800000.0,21631600000.0,441200000.0,71700000.0,37700000.0,48700000.0,89300000.0,,,,,,1862500000.0,,,,,84000000.0,477600000.0,,16800000.0,335100000.0,,57200000.0,-1720500000.0,448500000.0,421100000.0
2016-05-29,,,,222100000.0,3118900000.0,,2707400000.0,,2403600000.0,755200000.0,1697400000.0,2.83,2.77,598900000.0,611900000.0,763700000.0,,,1413700000.0,1231000000.0,159300000.0,399000000.0,3937200000.0,,3743600000.0,8741200000.0,4538600000.0,751700000.0,21712300000.0,2046500000.0,1595000000.0,,5014700000.0,,1399600000.0,204000000.0,2087600000.0,15559600000.0,12616500000.0,-2612200000.0,4930200000.0,21712300000.0,608100000.0,89800000.0,120600000.0,6900000.0,146100000.0,,,,,,2629800000.0,,,,,84000000.0,729300000.0,,11200000.0,93400000.0,,94100000.0,-2285600000.0,429500000.0,533800000.0
2016-08-28,,,,,712200000.0,,645800000.0,,571900000.0,176600000.0,409000000.0,0.68,0.67,600000000.0,612400000.0,,,,1547500000.0,,,,4193000000.0,,3655300000.0,8758200000.0,4552200000.0,754400000.0,21913100000.0,1944800000.0,1476400000.0,,5215100000.0,,1442700000.0,,2047700000.0,15783500000.0,12734600000.0,-2484700000.0,4908300000.0,21913100000.0,152500000.0,38800000.0,36000000.0,81700000.0,122200000.0,,,,,,288300000.0,,,,,,153500000.0,,-4700000.0,-127300000.0,,53000000.0,-155700000.0,2000000.0,48900000.0
2016-11-27,,,,,1420300000.0,,1414700000.0,,1265300000.0,404000000.0,890800000.0,1.5,1.47,594400000.0,606000000.0,,,,1525500000.0,,,,4111500000.0,,3571300000.0,8679100000.0,4487400000.0,752800000.0,21602100000.0,1938300000.0,1376800000.0,,6244400000.0,,1506400000.0,,1981800000.0,16274600000.0,12931800000.0,-2476900000.0,4180600000.0,21602100000.0,301100000.0,56200000.0,94600000.0,45300000.0,120700000.0,,,,,,987600000.0,,,,,,318300000.0,,-15100000.0,-280000000.0,,59700000.0,-628900000.0,46000000.0,290800000.0
2017-02-26,,,,,2107900000.0,,1957200000.0,,1731400000.0,511000000.0,1248600000.0,2.12,2.08,589800000.0,601100000.0,,,,1461000000.0,,,,4128000000.0,,3575200000.0,8705800000.0,4499700000.0,761600000.0,21670300000.0,1855300000.0,1341500000.0,,5743500000.0,,1547700000.0,,1930000000.0,16397600000.0,13008800000.0,-2350400000.0,4063400000.0,21670300000.0,448300000.0,76400000.0,140100000.0,75100000.0,42100000.0,,,,,,1558700000.0,,,,,0.0,475200000.0,,-14700000.0,-424000000.0,,65100000.0,-982800000.0,135400000.0,394300000.0
2017-05-28,,,,218200000.0,2801300000.0,,2566400000.0,,2271300000.0,655200000.0,1657500000.0,2.82,2.77,587100000.0,598000000.0,766100000.0,,,1483600000.0,973400000.0,163700000.0,381600000.0,4061400000.0,,3687700000.0,8747200000.0,4530400000.0,785900000.0,21812600000.0,2119800000.0,1372200000.0,,5330800000.0,,1719400000.0,162300000.0,1523100000.0,16216200000.0,13138900000.0,-2244500000.0,4327900000.0,21812600000.0,603600000.0,95700000.0,183900000.0,69200000.0,61500000.0,,,,,,2313300000.0,,,,,0.0,684400000.0,,500000.0,-646900000.0,,64100000.0,-1645500000.0,2400000.0,551100000.0
2017-08-27,,,,,679100000.0,,625800000.0,,553400000.0,168500000.0,404700000.0,0.7,0.69,576500000.0,586900000.0,820800000.0,,,1595200000.0,,,,4338500000.0,,3648100000.0,8832300000.0,4593300000.0,797400000.0,22209600000.0,2172900000.0,1452000000.0,,5889900000.0,,1761000000.0,,1485600000.0,16959200000.0,13259300000.0,-2232000000.0,3903800000.0,22209600000.0,145100000.0,29600000.0,38200000.0,88100000.0,89900000.0,,,,,,590500000.0,,,,,,116300000.0,,300000.0,-122800000.0,,,-451300000.0,54700000.0,21800000.0
2017-11-26,,,,,1390700000.0,,1355600000.0,,1208300000.0,403400000.0,835200000.0,1.46,1.43,574000000.0,583600000.0,962100000.0,,,1516500000.0,,,,4334100000.0,,3631400000.0,8828300000.0,4581800000.0,815900000.0,22191500000.0,2467000000.0,1384000000.0,,5349500000.0,,1790900000.0,,1439700000.0,16808400000.0,13408900000.0,-2244400000.0,4230700000.0,22191500000.0,290800000.0,48200000.0,70200000.0,53900000.0,15600000.0,,,,,,1566800000.0,,,,,,260000000.0,,3900000.0,-270700000.0,,,-1131000000.0,196000000.0,333000000.0
2018-02-25,,,,,2045800000.0,,1948300000.0,,1711700000.0,-432500000.0,1776600000.0,3.1,3.05,573400000.0,583200000.0,953100000.0,,,1452500000.0,,,,4277100000.0,,3626200000.0,8867300000.0,4604100000.0,865900000.0,22240600000.0,2505700000.0,1242600000.0,,6209600000.0,,1233900000.0,,1481300000.0,16088400000.0,14398400000.0,-2552500000.0,4965600000.0,22240600000.0,434700000.0,62800000.0,-489100000.0,25500000.0,-56600000.0,,,,,,2135300000.0,,,,,,397900000.0,,12700000.0,-424900000.0,,,-1569700000.0,187000000.0,424300000.0
2018-05-27,,,,219100000.0,2752600000.0,,2509300000.0,,2135600000.0,57300000.0,2131000000.0,3.69,3.64,576800000.0,585700000.0,399000000.0,,,1642200000.0,520800000.0,174400000.0,398300000.0,4123700000.0,,4047200000.0,14065000000.0,7445100000.0,943000000.0,30624000000.0,2746200000.0,1445800000.0,,7341900000.0,,2003800000.0,265300000.0,1341000000.0,23355400000.0,14459600000.0,-2429000000.0,6141100000.0,30624000000.0,618800000.0,77000000.0,-504300000.0,122700000.0,-15600000.0,,,,,,2841000000.0,,,,,8035800000.0,622700000.0,,11000000.0,-8685400000.0,969900000.0,,5445500000.0,-367100000.0,489400000.0
2018-08-26,,,,,742700000.0,,601500000.0,,488900000.0,110700000.0,392300000.0,0.66,0.65,598000000.0,603300000.0,432900000.0,,,1685500000.0,,,,4185500000.0,,3955100000.0,14030400000.0,7420800000.0,963000000.0,30554800000.0,2723800000.0,1515400000.0,,7187800000.0,,2028700000.0,,1325800000.0,23207400000.0,14523800000.0,-2499200000.0,6225100000.0,30554800000.0,155200000.0,26100000.0,28900000.0,48700000.0,58200000.0,,,,,,607400000.0,,,,,,112700000.0,,27100000.0,-139600000.0,,,-423000000.0,33900000.0,60500000.0
2018-11-25,,,,,1496000000.0,,1148500000.0,,924200000.0,217300000.0,735700000.0,1.23,1.22,599400000.0,604500000.0,532700000.0,,,1639200000.0,,,,4233800000.0,,3897400000.0,14018300000.0,7202700000.0,1031800000.0,30384000000.0,2823900000.0,1427300000.0,,7298100000.0,,2036900000.0,,1313400000.0,22857000000.0,14572200000.0,-2419200000.0,6651800000.0,30384000000.0,310100000.0,44500000.0,43800000.0,64000000.0,15300000.0,,,,,,1396500000.0,,,,,,253800000.0,,51400000.0,-295400000.0,,,-947300000.0,133700000.0,235200000.0
2019-02-24,12703500000.0,8408000000.0,,,2192600000.0,,1799800000.0,,1466100000.0,313100000.0,1182500000.0,1.97,1.96,600400000.0,604500000.0,547100000.0,,,1544500000.0,,,,4169800000.0,,3822900000.0,14025800000.0,7195700000.0,1071600000.0,30285800000.0,2750500000.0,1387600000.0,,7516600000.0,,2046900000.0,,1281400000.0,22487500000.0,14724500000.0,-2360300000.0,6930400000.0,30285800000.0,464600000.0,65900000.0,52500000.0,50900000.0,-80700000.0,,,,,,2027600000.0,,,,,,367900000.0,,49400000.0,-407700000.0,,,-1458000000.0,148100000.0,334500000.0
2019-05-26,16865200000.0,11108400000.0,,221900000.0,2935800000.0,,2515900000.0,,2082000000.0,367800000.0,1752700000.0,2.92,2.9,600400000.0,605400000.0,450000000.0,,,1559300000.0,534600000.0,250200000.0,497500000.0,4186500000.0,,3787200000.0,13995800000.0,7166800000.0,974900000.0,30111200000.0,2854100000.0,1367800000.0,,7087100000.0,,2031000000.0,227100000.0,1448900000.0,22191800000.0,14996700000.0,-2625400000.0,7054500000.0,30111200000.0,620100000.0,84900000.0,96000000.0,42700000.0,-53700000.0,,,,,,2807000000.0,,,,,0.0,537600000.0,,59700000.0,-556500000.0,0.0,,-2176400000.0,51000000.0,440800000.0
2019-08-25,4002500000.0,2613000000.0,,,718900000.0,,662400000.0,,573900000.0,67200000.0,520600000.0,0.86,0.85,606000000.0,611500000.0,504800000.0,,,1700100000.0,,,,4261400000.0,,3668300000.0,13983600000.0,7151400000.0,1248500000.0,30313200000.0,2786700000.0,1428800000.0,,6903400000.0,,1991700000.0,,1554900000.0,22069800000.0,15218800000.0,-2600600000.0,7382800000.0,30313200000.0,154100000.0,28800000.0,-37200000.0,37400000.0,145300000.0,,,,,,572100000.0,,,,,,69800000.0,,1700000.0,-83700000.0,,,-428600000.0,54800000.0,32100000.0
2019-11-24,8423300000.0,5464700000.0,,,1477900000.0,,1473600000.0,,1295900000.0,222700000.0,1101400000.0,1.82,1.8,607400000.0,612300000.0,560200000.0,,,1719500000.0,,,,4478900000.0,,3588500000.0,13973900000.0,7133000000.0,1278100000.0,30452400000.0,3063000000.0,1417000000.0,,7362300000.0,,2015900000.0,,1555400000.0,21886700000.0,15501800000.0,-2589800000.0,7712300000.0,30452400000.0,307700000.0,47800000.0,-9900000.0,97000000.0,167200000.0,,,,,,1456600000.0,,,,,,158500000.0,,-9500000.0,-162700000.0,,,-1179800000.0,110200000.0,267000000.0
2020-02-23,12603600000.0,8241800000.0,,,2224500000.0,,2124400000.0,,1867200000.0,340900000.0,1555500000.0,2.56,2.54,607900000.0,612800000.0,606900000.0,,,1542100000.0,,,,4308500000.0,,3535000000.0,13950800000.0,7108400000.0,1346000000.0,30248700000.0,2931500000.0,1726800000.0,,6696600000.0,,,,1536600000.0,21850000000.0,15360000000.0,-2584500000.0,7575100000.0,30248700000.0,456400000.0,66000000.0,1700000.0,60300000.0,-2500000.0,,,,,,2159800000.0,,,,,,269400000.0,,-4800000.0,-304600000.0,,,-1691400000.0,156900000.0,387100000.0
2020-05-31,17626600000.0,11496700000.0,,224400000.0,3151600000.0,,2953900000.0,,2600200000.0,480500000.0,2181200000.0,3.59,3.56,608100000.0,613300000.0,1677800000.0,,,1426300000.0,559400000.0,85200000.0,402100000.0,5121300000.0,,3580600000.0,13923200000.0,7095800000.0,1085800000.0,30806700000.0,3247700000.0,1633300000.0,,7491500000.0,,,238600000.0,1545000000.0,21912600000.0,15982100000.0,-2914400000.0,8058500000.0,30806700000.0,594700000.0,94900000.0,-29600000.0,-37900000.0,-103100000.0,,,,,,3676200000.0,,,,,0.0,460800000.0,,-20900000.0,-486200000.0,0.0,,-1941500000.0,1227800000.0,403300000.0
2020-08-30,4364000000.0,2773600000.0,,,736200000.0,,853700000.0,,775900000.0,170800000.0,638900000.0,1.04,1.03,614100000.0,619800000.0,1796700000.0,,,1605100000.0,,,,5354800000.0,,3557000000.0,14010100000.0,7150400000.0,1189900000.0,31262200000.0,3184400000.0,1639900000.0,,7612700000.0,,,,1549300000.0,21919400000.0,16312500000.0,-2908700000.0,8444600000.0,31262200000.0,146100000.0,28300000.0,23000000.0,-7200000.0,158600000.0,,,,,,583600000.0,,,,,,117000000.0,,5600000.0,-123000000.0,,,-372700000.0,118900000.0,76200000.0
2020-11-29,9083400000.0,5771900000.0,,,1540300000.0,,1770300000.0,,1624800000.0,360200000.0,1327300000.0,2.16,2.14,614800000.0,619700000.0,2582800000.0,,,1712500000.0,,,,6408200000.0,,3529800000.0,14020400000.0,7147500000.0,1201700000.0,32307600000.0,3398600000.0,2053700000.0,,8464200000.0,,,,1511200000.0,22867300000.0,16374200000.0,-2867600000.0,8550000000.0,32307600000.0,295100000.0,48700000.0,42300000.0,135200000.0,258600000.0,,,,,,1426800000.0,,,,,,226200000.0,,3600000.0,-211300000.0,,,-353600000.0,905000000.0,356700000.0
2021-02-28,13603400000.0,8738000000.0,,,2256600000.0,,2596900000.0,,2378800000.0,522200000.0,1923000000.0,3.13,3.1,615000000.0,619600000.0,2754200000.0,,,1758800000.0,,,,6612400000.0,,3505500000.0,14034600000.0,7148300000.0,1348000000.0,32648800000.0,3391600000.0,2113700000.0,,9589700000.0,,,,1502400000.0,22864900000.0,16655000000.0,-2842700000.0,8890300000.0,32648800000.0,454500000.0,69500000.0,110900000.0,119200000.0,302200000.0,,,,,,2207900000.0,,,,,,346400000.0,,5500000.0,-332000000.0,,,-852700000.0,1076400000.0,459800000.0
2021-05-30,18127000000.0,11678700000.0,,239300000.0,3079600000.0,,3144800000.0,,2857400000.0,629100000.0,2339800000.0,3.81,3.78,614100000.0,619100000.0,1505200000.0,,,1820500000.0,495900000.0,139100000.0,790300000.0,5754500000.0,,3606800000.0,14062400000.0,7150600000.0,1267600000.0,31841900000.0,3653500000.0,1787200000.0,,8265800000.0,,,215600000.0,1292700000.0,21463800000.0,17069800000.0,-2429200000.0,9470400000.0,31841900000.0,601300000.0,89900000.0,118800000.0,-27900000.0,354700000.0,,,,,,2983200000.0,,,,,,530800000.0,,3100000.0,-512800000.0,,,-2715500000.0,-172600000.0,636100000.0
2021-08-29,4539900000.0,2942500000.0,,,757400000.0,,844300000.0,,778000000.0,168900000.0,627000000.0,1.03,1.02,610400000.0,614800000.0,710600000.0,,,1935200000.0,,,,6320200000.0,,3343200000.0,14549900000.0,6831000000.0,1287900000.0,32332200000.0,3288000000.0,1673900000.0,,8135400000.0,,,,1224100000.0,21762400000.0,17384500000.0,-2397700000.0,9692300000.0,32332200000.0,145800000.0,26800000.0,19600000.0,145300000.0,116100000.0,,,,,,369800000.0,,,,,,104000000.0,,1300000.0,-1297900000.0,,,195000000.0,-751200000.0,33100000.0
2021-11-28,9563900000.0,6335300000.0,,,1586200000.0,,1644400000.0,,1513100000.0,328600000.0,1224200000.0,2.01,1.99,609500000.0,613800000.0,1021000000.0,,,1797300000.0,,,,6612400000.0,,3291500000.0,14523200000.0,6813900000.0,1240600000.0,32481600000.0,3450000000.0,2060200000.0,,7813200000.0,,,,1181600000.0,22115300000.0,17363200000.0,-2364100000.0,9524500000.0,32481600000.0,286900000.0,47900000.0,56400000.0,237300000.0,-9200000.0,,,,,,1497800000.0,,,,,,224300000.0,,-20600000.0,-1396000000.0,,,-427200000.0,-360500000.0,271100000.0
2022-02-27,14101600000.0,9469300000.0,,,2337600000.0,,2459700000.0,,2269000000.0,451800000.0,1884500000.0,3.1,3.07,608600000.0,613500000.0,844400000.0,,,1710000000.0,,,,5028600000.0,,3287900000.0,14546700000.0,7010900000.0,1269700000.0,31143800000.0,3474600000.0,2039400000.0,,6839000000.0,,,,1118400000.0,21068100000.0,17713100000.0,-2122700000.0,9812900000.0,31143800000.0,430600000.0,80300000.0,81300000.0,214500000.0,-102500000.0,,,,,,2228100000.0,,,,,,350600000.0,,-12300000.0,-1461800000.0,,,-1397500000.0,-660800000.0,397300000.0
2022-05-29,18992800000.0,12590600000.0,,243100000.0,3147000000.0,,3475800000.0,,3209600000.0,586300000.0,2707300000.0,4.46,4.42,607500000.0,612600000.0,569400000.0,,,1867300000.0,398300000.0,182800000.0,802100000.0,5089800000.0,,3393800000.0,14378500000.0,6999900000.0,1228100000.0,31090100000.0,3982300000.0,1552000000.0,,8019900000.0,,,233000000.0,929100000.0,20302100000.0,18532600000.0,-1970500000.0,10542400000.0,31090100000.0,570300000.0,98700000.0,62200000.0,166300000.0,85800000.0,,,,,,3316100000.0,,,,,,568700000.0,,13500000.0,-1690700000.0,,,-2503200000.0,-935800000.0,545300000.0
2022-08-28,4717600000.0,3269900000.0,,,791400000.0,,1085600000.0,,1019600000.0,216100000.0,820000000.0,1.37,1.35,600200000.0,606000000.0,594400000.0,,,2089900000.0,,,,5134000000.0,,3358600000.0,14454600000.0,6979400000.0,1180600000.0,31107200000.0,3786300000.0,1721900000.0,,8595500000.0,,,,949100000.0,20281600000.0,19027600000.0,-1998400000.0,10574800000.0,31107200000.0,134300000.0,33500000.0,9200000.0,91100000.0,243300000.0,,,,,,388800000.0,,,,,,90900000.0,,1900000.0,265800000.0,,,-609100000.0,25000000.0,9000000.0
2022-11-27,9938300000.0,6785500000.0,,,1685600000.0,,1885400000.0,,1749600000.0,363200000.0,1425900000.0,2.38,2.36,598000000.0,604000000.0,644100000.0,,,2121300000.0,,,,5330600000.0,,3358000000.0,14476000000.0,6974800000.0,1180400000.0,31319800000.0,4022600000.0,2067900000.0,,9208200000.0,,,,930100000.0,20947700000.0,18991900000.0,-2078000000.0,10121200000.0,31319800000.0,273900000.0,57600000.0,-48100000.0,200800000.0,278500000.0,,,,,,1200700000.0,,,,,,226700000.0,,6500000.0,125100000.0,,,-1230500000.0,74700000.0,365400000.0
2023-02-26,15064200000.0,10246600000.0,,,2632500000.0,,2615600000.0,,2403100000.0,471500000.0,1979000000.0,3.32,3.28,596200000.0,602400000.0,618700000.0,,,2083300000.0,,,,5116000000.0,,3353600000.0,14487800000.0,6968000000.0,1274400000.0,31199800000.0,3868200000.0,2103100000.0,,9418300000.0,,,,1006000000.0,20716100000.0,19226500000.0,-2038500000.0,10234500000.0,31199800000.0,411000000.0,86700000.0,-71200000.0,132400000.0,237000000.0,,,,,,2027000000.0,,,,,,351300000.0,,6400000.0,-6100000.0,,,-1955600000.0,49300000.0,538400000.0
2023-05-28,20094200000.0,13548400000.0,,257600000.0,3500400000.0,,3433800000.0,,3140500000.0,612200000.0,2593900000.0,4.36,4.31,594800000.0,601200000.0,585500000.0,,,2172000000.0,501100000.0,285700000.0,735700000.0,5176400000.0,,3636200000.0,14511200000.0,6967600000.0,1160300000.0,31451700000.0,4194200000.0,1600700000.0,,7535700000.0,,,245100000.0,1140000000.0,20751700000.0,19838600000.0,-2276900000.0,10449600000.0,31451700000.0,546600000.0,111700000.0,-22200000.0,41200000.0,319000000.0,,,,,,2778600000.0,,,,,,689500000.0,,7600000.0,-346400000.0,,,-2404100000.0,16100000.0,682600000.0
2023-08-27,4904700000.0,3134200000.0,,,839300000.0,,930000000.0,,830000000.0,173200000.0,673500000.0,1.15,1.14,586300000.0,591400000.0,490900000.0,,,2228800000.0,,,,5107000000.0,,3585200000.0,14522000000.0,6965700000.0,1139800000.0,31319700000.0,3705800000.0,1603100000.0,,7067800000.0,,,,1128000000.0,20804300000.0,20163600000.0,-2288100000.0,10262400000.0,31319700000.0,137200000.0,35300000.0,,104400000.0,54300000.0,,,,,,378100000.0,,,,,,141700000.0,,-6200000.0,-135500000.0,,,-334200000.0,-94600000.0,13700000.0
2023-11-26,10044100000.0,6507700000.0,,,1669800000.0,,1741800000.0,,1544100000.0,309200000.0,1269000000.0,2.18,2.16,583200000.0,587400000.0,593800000.0,,,2166000000.0,,,,5045600000.0,,3598900000.0,14441800000.0,6963300000.0,1183800000.0,31233400000.0,3824400000.0,1957600000.0,,7902200000.0,,,,1142200000.0,21601500000.0,20080900000.0,-2302000000.0,9378800000.0,31233400000.0,265800000.0,58500000.0,,69200000.0,-13800000.0,,,,,,1495800000.0,,,,,,293900000.0,,-4600000.0,-316200000.0,,,-1173600000.0,8300000.0,207000000.0
2024-02-25,15143300000.0,9899500000.0,,,2460700000.0,,2652500000.0,,2351700000.0,458500000.0,1939100000.0,3.35,3.33,578600000.0,582500000.0,588600000.0,,,1828000000.0,,,,4654500000.0,,3643600000.0,14433700000.0,6957200000.0,1171500000.0,30860500000.0,3613500000.0,1949500000.0,,7061900000.0,,,,1068700000.0,21169200000.0,20416700000.0,-2297300000.0,9436800000.0,30860500000.0,412200000.0,76700000.0,,83800000.0,-347800000.0,,,,,,2438900000.0,,,,,,485600000.0,,-4800000.0,-507600000.0,,,-1927600000.0,3100000.0,462300000.0
2024-05-26,19857200000.0,12925100000.0,,257800000.0,3259000000.0,,3431700000.0,,3028300000.0,594500000.0,2496600000.0,4.34,4.31,575500000.0,579500000.0,418000000.0,,,1898200000.0,598200000.0,221600000.0,568500000.0,4580900000.0,,3863900000.0,14750700000.0,6979900000.0,1294500000.0,31469900000.0,3987800000.0,1419400000.0,,7033100000.0,,,186800000.0,1283500000.0,21821400000.0,20971800000.0,-2519700000.0,9396700000.0,31469900000.0,552700000.0,95300000.0,-48500000.0,1800000.0,-287600000.0,,,,,,3302600000.0,,,,,,774100000.0,,-30500000.0,-1197400000.0,,,-2272300000.0,-167500000.0,660500000.0
2024-08-25,4848100000.0,3159300000.0,,,855100000.0,,831500000.0,,721800000.0,157400000.0,579900000.0,1.03,1.03,560500000.0,563800000.0,468100000.0,,,1996400000.0,,,,4813600000.0,,3776300000.0,14787700000.0,6982800000.0,1408800000.0,31769200000.0,3823400000.0,1576900000.0,,7289400000.0,,,,1326600000.0,22242600000.0,21213900000.0,-2576500000.0,9275600000.0,31769200000.0,139600000.0,20300000.0,,145600000.0,95700000.0,,,,,,624200000.0,,,,,,140300000.0,,600000.0,-148000000.0,,,-429400000.0,50100000.0,18700000.0
