Date,Net sales,Cost of sales,Gross margin,Research and development,"Selling, general and administrative",Total operating expenses,Operating income,"Other income/(expense), net",Income before provision for income taxes,Provision for income taxes,Net income,Earnings per share basic,Earnings per share diluted,Weighted-average basic,Weighted-average diluted,Cash and cash equivalents,Short-term marketable securities,"Accounts receivable, net",Inventories,Deferred tax assets,Vendor non-trade receivables,Other current assets,Total current assets,Long-term marketable securities,"Property, Plant and Equipment, Net",Goodwill,"Acquired intangible assets, net","Other Assets, Noncurrent",Total assets,accounts payable,Accrued expenses,Deferred revenue,Total current liabilities,Deferred revenue - non-current,deferred tax liabilities,long term taxes payable,Total other non-current liabilities,Total liabilities,Retained Earnings (Accumulated Deficit),Accumulated other comprehensive (loss)/income,Total shareholders equity,Total liabilities and shareholders' equity,"Depreciation, amortization and accretion",Stock-based compensation expense,Deferred income tax expense,"Increase (Decrease) in Accounts receivable, net",Increase (Decrease) in Inventories,Increase (Decrease) in Other Receivables,Increase (Decrease) in Other Operating Assets,Increase (Decrease) in Accounts Payable,Increase (Decrease) in Deferred Revenue,Increase (Decrease) Other liabilities,Cash generated by operating activities,Purchases of marketable securities,Proceeds from maturities of marketable securities,Proceeds from sales of marketable securities,Purchases of other long-term investments,"Business acquisitions, net of cash acquired",Cash payments for capital asset purchases,Payments for acquisition of intangible assets,Payments for (Proceeds from) Other Investing Activities,Cash used in investing activities,Proceeds from issuance of common stock,Excess tax benefits from stock-based compensation,Cash generated/used in financing activities,Increase/(decrease) in cash and cash equivalents,"Cash paid for income taxes, net"
2009-12-31,3222397000.0,,,,,,,,605193000.0,200240000.0,404953000.0,4.88,4.88,,,231918000.0,,,,,,,,,,423519000.0,,,16023759000.0,,,,,,,,,12624868000.0,3228904000.0,-319183000.0,3398891000.0,16023759000.0,,,108052000.0,,,43471000.0,,,,,976113000.0,2311455000.0,760858000.0,900417000.0,43000.0,0.0,6499000.0,,,-937099000.0,4430000.0,253000.0,148438000.0,185518000.0,
2010-06-30,1739782000.0,,,,,,,,373409000.0,125684000.0,247725000.0,3.01,2.98,,,27292000.0,,,,,,,,,,423519000.0,,,16950209000.0,,,,,,,,,13004993000.0,3452243000.0,72708000.0,3945216000.0,16950209000.0,,,,,,,,,,,474855000.0,1052704000.0,367016000.0,102963000.0,12558000.0,,2218000.0,,,-514011000.0,,,-164711000.0,-204626000.0,
2010-09-30,2520461000.0,,,,,,,,563087000.0,189749000.0,362256000.0,4.42,4.39,,,32466000.0,,,,,,,,,,396891000.0,,,17716467000.0,,,,,,,,,13448773000.0,3554063000.0,356836000.0,4267694000.0,17716467000.0,,,,,,,,,,,744954000.0,1539775000.0,454289000.0,180438000.0,20501000.0,,2837000.0,,,-695985000.0,,320000.0,-244168000.0,-199452000.0,
2010-12-31,3367632000.0,,,,,,,,778567000.0,256274000.0,517064000.0,6.36,6.3,,,365679000.0,,,,,,,,,,396891000.0,,,16159762000.0,,,,,,,,,12143521000.0,3513419000.0,22958000.0,4016241000.0,16159762000.0,,,78125000.0,,,24716000.0,,,,,1028593000.0,1908109000.0,638860000.0,325950000.0,905000.0,,9181000.0,,,-557641000.0,37863000.0,3455000.0,-329621000.0,133761000.0,
2011-03-31,829272000.0,,,,,,,,155812000.0,49680000.0,105533000.0,1.36,1.33,,,283673000.0,,,,,,,,,,396891000.0,,,16325247000.0,,,,,,,,,12366082000.0,3599304000.0,55757000.0,3959165000.0,16325247000.0,,,,,,,,,,,300047000.0,231217000.0,103149000.0,15052000.0,4027000.0,,761000.0,,,-175597000.0,,5665000.0,-203001000.0,-82006000.0,
2011-06-30,1706606000.0,,365791000.0,,,,,12634000.0,374340000.0,119268000.0,254473000.0,2.23,2.2,113897688.0,115722011.0,90230000.0,,,,,,,,,,396891000.0,,,16218212000.0,,,,,,,,,12438113000.0,3693313000.0,153264000.0,3780099000.0,16218212000.0,,,,,,,,,,,452733000.0,696940000.0,301010000.0,126523000.0,0.0,,1399000.0,,,-86351000.0,,6924000.0,-640476000.0,-275449000.0,
2011-09-30,2543847000.0,,552013000.0,,,,575687000.0,-12816000.0,573162000.0,181179000.0,391528000.0,3.54,3.49,110603070.0,112272319.0,175960000.0,,,,,,,,,,396891000.0,,,16971380000.0,,,,,,,,,12788327000.0,3813959000.0,545602000.0,4183053000.0,16971380000.0,,,,,,,,,,,684482000.0,830901000.0,373897000.0,200256000.0,0.0,,2927000.0,,,-120600000.0,,9097000.0,-752655000.0,-189719000.0,
2011-12-31,3377401000.0,,729762000.0,,,,763919000.0,-19880000.0,755666000.0,237326000.0,517885000.0,4.78,4.72,108278113.0,109815390.0,84113000.0,,,,-1552760000.0,,,,,,396891000.0,,,17156391000.0,,,,,,,,,12927483000.0,3634481000.0,549423000.0,4228908000.0,17156391000.0,,14954000.0,67826000.0,,,22565000.0,,,,,859464000.0,1104231000.0,410356000.0,224335000.0,6246000.0,,5386000.0,,,-312133000.0,162613000.0,13121000.0,-824485000.0,-281566000.0,
2012-03-31,897923000.0,,165229000.0,,,,190649000.0,19827000.0,170235000.0,51558000.0,118677000.0,1.19,1.17,100068360.0,101260292.0,78302000.0,,,,,,,,,,396891000.0,,,16734412000.0,,,,,,,,,12900258000.0,3349856000.0,501290000.0,3834154000.0,16734412000.0,,,,,,,,,,,284047000.0,231370000.0,29441000.0,55033000.0,3655000.0,,479000.0,,,-195415000.0,,9273000.0,-91867000.0,-5811000.0,
2012-06-30,1783718000.0,,346948000.0,,,,379478000.0,21366000.0,356615000.0,108950000.0,247665000.0,2.51,2.48,98482330.0,99682880.0,70666000.0,,,,,,,,,,396891000.0,,,17185003000.0,,,,,,,,,13187342000.0,3462272000.0,734379000.0,3997661000.0,17185003000.0,,,,,,,,,,,447131000.0,429747000.0,155637000.0,131027000.0,1077000.0,,2681000.0,,,-255884000.0,,10254000.0,-203021000.0,-13447000.0,
2012-09-30,2660818000.0,,528456000.0,,,,564819000.0,19537000.0,545406000.0,167069000.0,378337000.0,3.89,3.84,97355334.0,98638098.0,298831000.0,,,,,,,,,,396891000.0,,,17939864000.0,,,,,,,,,13630971000.0,3568655000.0,960890000.0,4308893000.0,17939864000.0,,,,,,,,,,,697668000.0,747008000.0,624815000.0,148597000.0,1750000.0,,3856000.0,,,-408656000.0,,14651000.0,-74447000.0,214718000.0,
2012-12-31,3589516000.0,,728160000.0,,,,753592000.0,2944000.0,765993000.0,236669000.0,529324000.0,5.48,5.41,96614199.0,97898388.0,61710000.0,,,,-1609653000.0,,,,,,441591000.0,,,18776910000.0,,,,,,,,,14415124000.0,3403338000.0,925275000.0,4361786000.0,18776910000.0,,21605000.0,75337000.0,,,89677000.0,,,,,942839000.0,1431690000.0,736900000.0,345601000.0,1786000.0,186424000.0,4667000.0,,,-698039000.0,181022000.0,22602000.0,-269112000.0,-22403000.0,
2013-03-31,958216000.0,,176970000.0,,,,195851000.0,12680000.0,173063000.0,53431000.0,119632000.0,1.28,1.27,93580778.0,94569910.0,25256000.0,,,,,,,,,,441591000.0,,,18878702000.0,,,,,,,,,14574104000.0,3498727000.0,850030000.0,4304598000.0,18878702000.0,,,,,,,,,,,290374000.0,340891000.0,150541000.0,46361000.0,45000.0,,855000.0,,,-267846000.0,,5892000.0,-62967000.0,-36454000.0,
2013-06-30,1908555000.0,,363841000.0,,,,392947000.0,16705000.0,365847000.0,112314000.0,253533000.0,2.73,2.7,92884245.0,94043778.0,44937000.0,,,,,,,,,,441591000.0,,,18141273000.0,,,,,,,,,14318987000.0,3613315000.0,333900000.0,3822286000.0,18141273000.0,,,,,,,,,,,492481000.0,691955000.0,369962000.0,75096000.0,550000.0,,2247000.0,,,-316595000.0,,9758000.0,-196783000.0,-16773000.0,
2013-09-30,2841344000.0,,550232000.0,,,,590122000.0,21334000.0,556697000.0,171042000.0,385655000.0,4.18,4.12,92339971.0,93658357.0,38792000.0,,,,,,,,,,441591000.0,,,18137714000.0,,,,,,,,,14360838000.0,3724146000.0,237143000.0,3776876000.0,18137714000.0,,,,,,,,,,,771003000.0,792562000.0,453216000.0,78751000.0,571000.0,,4364000.0,,,-388303000.0,,14669000.0,-408320000.0,-22918000.0,
2013-12-31,3771938000.0,,755136000.0,,,,788804000.0,8761000.0,763126000.0,234654000.0,528472000.0,5.76,5.68,91764590.0,93042523.0,,,,,-1278849000.0,,,,,,441591000.0,,,18191744000.0,,,,,,,,,14415402000.0,3545939000.0,210981000.0,3776342000.0,18191744000.0,,25642000.0,58227000.0,,,-50900000.0,,,,,1119280000.0,1143840000.0,493885000.0,133463000.0,591000.0,0.0,11168000.0,,,-614378000.0,97816000.0,21315000.0,-535919000.0,-24767000.0,
2014-03-31,1017120000.0,,173868000.0,,,,203688000.0,22769000.0,190487000.0,57631000.0,132856000.0,1.5,1.48,88775643.0,90023693.0,,,,,,,,,,,441591000.0,,,19063977000.0,,,,,,,,,14875256000.0,3659477000.0,606058000.0,4188721000.0,19063977000.0,,,,,,,,,,,274850000.0,158344000.0,22288000.0,16049000.0,20000.0,,5075000.0,,,-175538000.0,,4366000.0,-103867000.0,3073000.0,
2014-06-30,2001103000.0,,360049000.0,,,,405315000.0,31162000.0,377245000.0,113466000.0,263779000.0,1.99,1.97,132322704.0,134179200.0,,,,,,,,,,,441591000.0,,,19651801000.0,,,,,,,,,15142853000.0,3329397000.0,887974000.0,4508948000.0,19651801000.0,,,,,,,,,,,419383000.0,325574000.0,107394000.0,28194000.0,0.0,,10006000.0,,,-201888000.0,,11098000.0,-211410000.0,8860000.0,
2014-09-30,2968104000.0,,551096000.0,,,,600053000.0,27366000.0,566809000.0,170618000.0,396191000.0,3.01,2.97,131529818.0,133431340.0,,,,,,,,,,,441591000.0,,,19870507000.0,,,,,,,,,15340715000.0,3443803000.0,882827000.0,4529792000.0,19870507000.0,,,,,,,,,,,644398000.0,499950000.0,217929000.0,56447000.0,0.0,,14482000.0,,,-296830000.0,,12484000.0,-326750000.0,30055000.0,
2014-12-31,3964296000.0,,754920000.0,,,,794514000.0,10515000.0,778468000.0,235529000.0,542939000.0,4.15,4.09,130721738.0,132640244.0,,,,,-1796337000.0,,,,,,441591000.0,,,20214730000.0,,,,,,,,,15517264000.0,3376846000.0,997452000.0,4697466000.0,20214730000.0,,32203000.0,88043000.0,,,163522000.0,,,,,864708000.0,704993000.0,273223000.0,109024000.0,0.0,0.0,19367000.0,,,-350163000.0,56294000.0,18524000.0,-499960000.0,29076000.0,
2015-03-31,1022532000.0,,180313000.0,,,,198797000.0,18484000.0,180432000.0,58784000.0,121648000.0,0.96,0.95,127121101.0,128586852.0,,,,,,,,,,,441591000.0,,,20696507000.0,,,,,,,,,15812879000.0,3472042000.0,1165641000.0,4883628000.0,20696507000.0,,,,,,,,,,,279729000.0,291798000.0,127554000.0,11444000.0,19000.0,,6080000.0,,,-244327000.0,,4952000.0,-105089000.0,-62933000.0,
2015-06-30,2056226000.0,,366088000.0,,,,396953000.0,30865000.0,368820000.0,120062000.0,248758000.0,1.97,1.94,126465420.0,128018729.0,,,,,,,,,,,441591000.0,,,20020910000.0,,,,,,,,,15714854000.0,3568715000.0,555319000.0,4306056000.0,20020910000.0,,,,,,,,,,,454121000.0,541875000.0,213989000.0,14287000.0,1886000.0,,13949000.0,,,-356634000.0,,10989000.0,-106222000.0,-3170000.0,
2015-09-30,3054985000.0,,577692000.0,,,,598663000.0,20971000.0,585564000.0,191420000.0,394144000.0,3.13,3.09,125788925.0,127403089.0,,,,,,,,,,,441591000.0,,,20119240000.0,,,,,,,,,15835938000.0,3686375000.0,499829000.0,4283302000.0,20119240000.0,,,,,,,,,,,729892000.0,730145000.0,342796000.0,26330000.0,1906000.0,,30663000.0,,,-479928000.0,,15679000.0,-271058000.0,-6534000.0,
2015-12-31,3766065000.0,,774978000.0,,,,776372000.0,1394000.0,766187000.0,249894000.0,527100000.0,4.21,4.16,125094628.0,126757235.0,,,,,,,,,,,441591000.0,,,19853213000.0,,,,,,,,,15797661000.0,3614369000.0,231947000.0,4055552000.0,19853213000.0,,28664000.0,75610000.0,,,,,,,,1120050000.0,1070908000.0,376158000.0,226792000.0,31707000.0,,36957000.0,,,-633350000.0,35958000.0,17577000.0,-525705000.0,-4636000.0,
2016-03-31,977627000.0,,195155000.0,,,,195155000.0,0.0,195448000.0,61874000.0,124033000.0,1.02,1.01,121480805.0,123312743.0,,,,,,,,,,,441591000.0,,,20621021000.0,,,,,,,,,16229278000.0,3715179000.0,535475000.0,4391743000.0,20621021000.0,,,,,,,,,,,337748000.0,287204000.0,44622000.0,14331000.0,644000.0,,3879000.0,,,-331984000.0,3763000.0,0.0,-48592000.0,-48625000.0,
2016-06-30,1969511000.0,,390494000.0,,,,390494000.0,0.0,394792000.0,121924000.0,262462000.0,2.17,2.13,120980372.0,123035779.0,,,,,,,,,,,441591000.0,,,21574040000.0,,,,,,,,,16696282000.0,3817666000.0,989157000.0,4877758000.0,21574040000.0,,,,,,,,,,,604935000.0,651267000.0,92475000.0,51299000.0,21762000.0,,6740000.0,,,-547480000.0,25286000.0,0.0,-63988000.0,-11705000.0,
2016-09-30,2959284000.0,,588473000.0,,,,588730000.0,-257000.0,596253000.0,181475000.0,414331000.0,3.44,3.38,120476813.0,122686552.0,,,,,,,,,,,441591000.0,,,22077031000.0,,,,,,,,,16990648000.0,3934026000.0,1142826000.0,5086383000.0,22077031000.0,,,,,,,,,,,971926000.0,910090000.0,178873000.0,75299000.0,20404000.0,,10138000.0,,,-719020000.0,47053000.0,0.0,-206121000.0,43517000.0,
2016-12-31,3934629000.0,,782918000.0,,,,787266000.0,4348000.0,772235000.0,232645000.0,549779000.0,4.58,4.49,120001191.0,122367785.0,,,,,,,,,,,441591000.0,,,21436087000.0,,,,,,,,,16869226000.0,3890798000.0,577574000.0,4566861000.0,21436087000.0,,26326000.0,99839000.0,,,,,,,,1398708000.0,1530053000.0,236353000.0,340434000.0,20444000.0,,25162000.0,,,-1062436000.0,61329000.0,0.0,-319791000.0,,
2017-03-31,1023581000.0,,197489000.0,,,,197489000.0,0.0,191741000.0,54563000.0,133541000.0,1.13,1.11,117770474.0,120429716.0,,,,,,,,,,,441591000.0,,,22086976000.0,,,,,,,,,17342149000.0,3994665000.0,722865000.0,4744827000.0,22086976000.0,,,,,,,,,,,460756000.0,461324000.0,108899000.0,0.0,0.0,,3978000.0,,,-410738000.0,22225000.0,,-67252000.0,-14409000.0,
2017-06-30,2052659000.0,,400120000.0,,,,402214000.0,-2094000.0,393667000.0,116126000.0,273814000.0,2.34,2.29,117205467.0,119759625.0,,,,,,,,,,,441591000.0,,,22577940000.0,,,,,,,,,17524524000.0,4112757000.0,984560000.0,5053416000.0,22577940000.0,,,,,,,,,,,739056000.0,676648000.0,216170000.0,0.0,1775000.0,,8080000.0,,,-506580000.0,27970000.0,,-214252000.0,21489000.0,
2017-09-30,3098674000.0,,608135000.0,,,,611621000.0,-3486000.0,614277000.0,183390000.0,427148000.0,3.66,3.58,116772652.0,119313607.0,,,,,,,,,,,441591000.0,,,22993607000.0,,,,,,,,,17825922000.0,4239582000.0,1039302000.0,5167685000.0,22993607000.0,,,,,,,,,,,1085842000.0,1042705000.0,306132000.0,52951000.0,16775000.0,,13451000.0,,,-732946000.0,40891000.0,,-336599000.0,12299000.0,
2017-12-31,4155573000.0,,807037000.0,,,,821165000.0,14128000.0,830648000.0,-627615000.0,1454494000.0,12.5,12.22,116342529.0,118983494.0,,,,,,,,,,,441591000.0,,,23474985000.0,,,,,,,,,17243564000.0,4806208000.0,1424274000.0,6231421000.0,23474985000.0,,37034000.0,-765877000.0,,,,,,,,1429058000.0,1314609000.0,488843000.0,67246000.0,55096000.0,,20285000.0,,,-926824000.0,61215000.0,0.0,-453981000.0,,
2018-03-31,1070436000.0,,210891000.0,,,,210891000.0,0.0,212842000.0,39131000.0,173600000.0,1.52,1.49,114179084.0,116749502.0,,,,,,,,,,,441591000.0,,,23182343000.0,,,,,,,,,17362042000.0,4955608000.0,940199000.0,5820301000.0,23182343000.0,,,,,,,,,,,382389000.0,358753000.0,74019000.0,,53853000.0,,11966000.0,,,-313877000.0,13569000.0,,-103343000.0,-29948000.0,
2018-06-30,2155212000.0,,425942000.0,,,,425942000.0,0.0,439706000.0,81602000.0,358025000.0,3.15,3.08,113762340.0,116196973.0,,,,,,,,,,,441591000.0,,,22878701000.0,,,,,,,,,17307092000.0,5115071000.0,603499000.0,5571609000.0,22878701000.0,,,,,,,,,,,616520000.0,540442000.0,179793000.0,,64444000.0,,18735000.0,,,-409241000.0,21352000.0,,-250967000.0,-36333000.0,
2018-09-30,3239014000.0,,645240000.0,,,,650408000.0,-5168000.0,660036000.0,123232000.0,536749000.0,4.73,4.64,113366465.0,115784746.0,,,,,,,,,,,441591000.0,,,23469488000.0,,,,,,,,,17930583000.0,5267964000.0,477624000.0,5538905000.0,23469488000.0,,,,,,,,,,,937289000.0,727296000.0,266736000.0,12162000.0,74396000.0,,27316000.0,,,-1089847000.0,35065000.0,,108591000.0,-41124000.0,
2018-12-31,4303751000.0,,865475000.0,,,,870643000.0,5168000.0,863671000.0,162161000.0,701466000.0,6.22,6.09,112872581.0,115248953.0,,,,,,,,,,,441591000.0,,,23095722000.0,,,,,,,,,17680545000.0,5213468000.0,319475000.0,5415177000.0,23095722000.0,,39792000.0,27535000.0,,,,,,,,1277647000.0,1155539000.0,343712000.0,32021000.0,93631000.0,,45092000.0,,,-896223000.0,36091000.0,,-391520000.0,,
2019-03-31,1119216000.0,,226772000.0,,,,227172000.0,-400000.0,228101000.0,42707000.0,185345000.0,1.68,1.65,110301527.0,112328875.0,,,,,,,,,,,441591000.0,,,24133438000.0,,,,,,,,,18090012000.0,5364820000.0,870067000.0,6043426000.0,24133438000.0,,,,,,,,,,,423285000.0,421111000.0,188253000.0,34997000.0,22971000.0,,7015000.0,,,-305762000.0,11592000.0,,-169481000.0,-53684000.0,
2019-06-30,2249677000.0,,450378000.0,,,,456278000.0,-5900000.0,456861000.0,84858000.0,371911000.0,3.38,3.32,109973820.0,111949312.0,,,,,,,,,,,441591000.0,,,24855445000.0,,,,,,,,,18155047000.0,5514517000.0,1439250000.0,6700398000.0,24855445000.0,,,,,,,,,,,686637000.0,703406000.0,440796000.0,34997000.0,80979000.0,,21654000.0,,,-356356000.0,39598000.0,,-356138000.0,-31707000.0,
2019-09-30,3390956000.0,,685765000.0,,,,691665000.0,-5900000.0,704191000.0,130370000.0,573729000.0,5.24,5.14,109582748.0,111592010.0,,,,,,,,,,,441591000.0,,,25791906000.0,,,,,,,,,18479375000.0,5686636000.0,1943124000.0,7312531000.0,25791906000.0,,,,,,,,,,,1030175000.0,1056822000.0,604701000.0,62151000.0,107660000.0,,30049000.0,,,-568567000.0,57573000.0,,-509424000.0,-54351000.0,
2019-12-31,4527532000.0,,910658000.0,,,,920059000.0,9401000.0,931279000.0,170397000.0,760790000.0,6.97,6.83,109213524.0,111381250.0,,,,,,,,,,,441591000.0,,,25977460000.0,,,,,,,,,18683153000.0,5600000000.0,1844830000.0,7294307000.0,25977460000.0,,44843000.0,35449000.0,,,,,,,,1363874000.0,1552956000.0,840222000.0,79108000.0,123332000.0,,42203000.0,,,-809311000.0,83163000.0,,-590508000.0,-45093000.0,
2020-03-31,1133054000.0,,229018000.0,,,,232293000.0,3275000.0,202921000.0,37381000.0,165540000.0,1.54,1.52,107285223.0,109132244.0,,,,,,,,,,,441591000.0,,,25351914000.0,,,,,,,,,18831632000.0,5686431000.0,1066247000.0,6520282000.0,25351914000.0,,,,,,,,,,,343554000.0,211754000.0,167387000.0,50360000.0,49896000.0,,9316000.0,,,-311675000.0,16808000.0,,-31271000.0,14437000.0,
2020-06-30,2313938000.0,,446049000.0,,,,449324000.0,3275000.0,415162000.0,76574000.0,338588000.0,3.17,3.13,106863267.0,108058440.0,,,,,,,,,,,441591000.0,,,27534180000.0,,,,,,,,,19685811000.0,5838930000.0,2231893000.0,7848369000.0,27534180000.0,,,,,,,,,,,769302000.0,562875000.0,218022000.0,52020000.0,156291000.0,,20145000.0,,,-960657000.0,17525000.0,,222036000.0,38098000.0,
2020-09-30,3508980000.0,,676086000.0,,,,680394000.0,4308000.0,646700000.0,119167000.0,527533000.0,4.95,4.9,106622704.0,107705178.0,,,,,,,,,,,441591000.0,,,28041893000.0,,,,,,,,,19816985000.0,6002407000.0,2550619000.0,8224908000.0,28041893000.0,,,,,,,,,,,1078616000.0,905371000.0,333631000.0,52681000.0,213075000.0,,28790000.0,,7099000.0,-992458000.0,27337000.0,,-86996000.0,4168000.0,
2020-12-31,4737921000.0,,901055000.0,,,,905363000.0,4308000.0,896684000.0,164911000.0,731773000.0,6.9,6.82,106075267.0,107224594.0,,,,,,,,,,,441591000.0,,,29046731000.0,,,,,,,,,20275639000.0,5900000000.0,3029244000.0,8771092000.0,29046731000.0,,35892000.0,35264000.0,,,,,,,,1476434000.0,1262434000.0,416321000.0,52681000.0,266230000.0,,41756000.0,,7051000.0,-1181730000.0,48093000.0,,-274057000.0,18914000.0,
2021-03-31,1266560000.0,,190642000.0,,,,195470000.0,4828000.0,218794000.0,40277000.0,178517000.0,1.73,1.7,103482944.0,104837717.0,,,,,,,,,,,441591000.0,,,28112896000.0,,,,,,,,,20280559000.0,6020552000.0,2024515000.0,7832337000.0,28112896000.0,,,,,,,,,,,371830000.0,295869000.0,36683000.0,61858000.0,65997000.0,,15529000.0,,0.0,-269685000.0,32724000.0,,-113317000.0,-13343000.0,
2021-06-30,2537671000.0,,427226000.0,,,,432315000.0,5089000.0,464037000.0,85902000.0,378135000.0,3.66,3.62,103187567.0,104518614.0,,,,,,,,,,,441591000.0,,,29580057000.0,,,,,,,,,20963135000.0,6185966000.0,2750279000.0,8616922000.0,29580057000.0,,,,,,,,,,,702039000.0,415134000.0,108815000.0,74710000.0,141975000.0,,23727000.0,,0.0,-675402000.0,66328000.0,,22506000.0,43225000.0,
2021-09-30,3815509000.0,,647546000.0,,,,655032000.0,7486000.0,694832000.0,127826000.0,567006000.0,5.53,5.46,102618327.0,103789486.0,,,,,,,,,,,481791000.0,,,29496578000.0,,,,,,,,,20888427000.0,6353261000.0,2661619000.0,8608151000.0,29496578000.0,,,,,,,,,,,1060022000.0,687993000.0,249653000.0,91795000.0,206609000.0,,30730000.0,,59200000.0,-629254000.0,67347000.0,,-428007000.0,1478000.0,
2021-12-31,5112869000.0,,853071000.0,,,,864969000.0,11898000.0,912390000.0,167431000.0,744959000.0,7.3,7.22,102069781.0,103170132.0,,,,,,,,,,,481791000.0,,,29768048000.0,,,,,,,,,21125242000.0,6200000000.0,2677583000.0,8642806000.0,29768048000.0,,30272000.0,22713000.0,,,,,,,,1437680000.0,1004384000.0,310991000.0,116656000.0,258296000.0,,38244000.0,,56700000.0,-913370000.0,69826000.0,,-523603000.0,-2684000.0,
2022-03-31,1308356000.0,,208859000.0,,,,208971000.0,112000.0,201615000.0,37254000.0,164361000.0,1.66,1.64,99273616.0,100250374.0,,,,,,,,,,,481791000.0,,,27850328000.0,,,,,,,,,20956308000.0,6315609000.0,869495000.0,6894020000.0,27850328000.0,,,,,,,,,,,397133000.0,339145000.0,115160000.0,75116000.0,122010000.0,,6981000.0,,,-275324000.0,25931000.0,,-84700000.0,35465000.0,
2022-06-30,2600964000.0,,456301000.0,,,,461030000.0,4729000.0,418611000.0,77246000.0,341365000.0,3.46,3.43,98745402.0,99587342.0,,,,,,,,,,,481791000.0,,,26043167000.0,,,,,,,,,20720057000.0,6469956000.0,-731493000.0,5323110000.0,26043167000.0,,,,,,,,,,,693390000.0,717994000.0,305656000.0,219027000.0,157913000.0,,13627000.0,,,-407930000.0,34734000.0,,-207504000.0,80094000.0,
2022-09-30,3892237000.0,,715439000.0,,,,721584000.0,6145000.0,648594000.0,120450000.0,528144000.0,5.38,5.33,98244271.0,99102235.0,,,,,,,,,,,481791000.0,,,24838788000.0,,,,,,,,,20477190000.0,6633369000.0,-1811549000.0,4361598000.0,24838788000.0,,,,,,,,,,,1050387000.0,1178751000.0,387787000.0,346722000.0,186275000.0,,19766000.0,,0.0,-690849000.0,49536000.0,,-377797000.0,-6577000.0,
2022-12-31,5214906000.0,,982859000.0,,,,990666000.0,7807000.0,906311000.0,166607000.0,739704000.0,7.55,7.47,97927770.0,98984644.0,,,,,,,,,,,481791000.0,,,25537159000.0,,,,,,,,,20641298000.0,6500000000.0,-1415714000.0,4895861000.0,25537159000.0,,35650000.0,28359000.0,,,,,,,,1422194000.0,1420220000.0,462002000.0,390392000.0,290482000.0,,27929000.0,,0.0,-943015000.0,106592000.0,,-492453000.0,396000.0,
2023-03-31,1321318000.0,,305161000.0,,,,305161000.0,0.0,274234000.0,50624000.0,223610000.0,2.32,2.28,96388211.0,97911100.0,,,,,,,,,,,481791000.0,,,26860123000.0,,,,,,,,,23013832000.0,7092544000.0,-2961093000.0,3846291000.0,26860123000.0,,,,,,,,,,,477330000.0,285505000.0,61560000.0,15705000.0,47898000.0,,8210000.0,,,-247770000.0,37024000.0,,-151740000.0,79549000.0,
2023-06-30,2647724000.0,,615510000.0,,,,615510000.0,0.0,538740000.0,99870000.0,438870000.0,4.58,4.52,95856391.0,97085311.0,,,,,,,,,,,481791000.0,,,26707958000.0,,,,,,,,,22727652000.0,7285809000.0,-2943897000.0,3980306000.0,26707958000.0,,,,,,,,,,,804141000.0,623023000.0,138259000.0,145824000.0,91186000.0,,25629000.0,,,-410137000.0,42181000.0,,-406532000.0,-17548000.0,
2023-09-30,4031842000.0,,936518000.0,,,,937655000.0,1137000.0,857555000.0,161602000.0,695953000.0,7.29,7.2,95445416.0,96657390.0,,,,,,,,,,,481791000.0,,,26166027000.0,,,,,,,,,21542896000.0,7519893000.0,-2458974000.0,4623131000.0,26166027000.0,,,,,,,,,,,1091028000.0,1076699000.0,212936000.0,192007000.0,199093000.0,,36449000.0,,,-827972000.0,61079000.0,,-269756000.0,-7013000.0,
2023-12-31,5447533000.0,,1259942000.0,,,,1265012000.0,5070000.0,1194266000.0,223511000.0,970755000.0,10.21,10.07,95098474.0,96363841.0,,,,,,,,,,239897000.0,481791000.0,,,28051499000.0,,,,,,,,,23564696000.0,7500000000.0,-2772419000.0,4486803000.0,28051499000.0,,30736000.0,77631000.0,,,,,,,,1482425000.0,1536409000.0,250652000.0,602556000.0,155700000.0,,49553000.0,,0.0,-926149000.0,114080000.0,,-541487000.0,10597000.0,
2024-03-31,1416139000.0,,326722000.0,,,,327432000.0,710000.0,314923000.0,60706000.0,254217000.0,2.71,2.67,93865606.0,95114515.0,,,,,,,,,,,481791000.0,,,28570593000.0,,,,,,,,,23531432000.0,7706655000.0,-2467236000.0,5039161000.0,28570593000.0,,,,,,,,,,,350806000.0,682427000.0,59871000.0,27853000.0,80468000.0,,9106000.0,,,-731936000.0,29763000.0,,356956000.0,-19609000.0,
2024-06-30,2856385000.0,,661634000.0,,,,666036000.0,4402000.0,637246000.0,124674000.0,512572000.0,5.53,5.51,92653478.0,92987333.0,,,,,,,,,,,481791000.0,,,28298806000.0,,,,,,,,,23071052000.0,7943415000.0,-2189620000.0,5227754000.0,28298806000.0,,,,,,,,,,,724923000.0,923096000.0,85385000.0,510904000.0,165322000.0,,26738000.0,,,-626585000.0,29763000.0,,-119786000.0,-15242000.0,
2024-09-30,4311792000.0,,1040784000.0,,,,1049152000.0,8368000.0,1014204000.0,198638000.0,815566000.0,8.96,8.93,91048853.0,91322519.0,,,,,,,,,,,490446000.0,,,29556820000.0,,,,,,,,,24918195000.0,8225030000.0,-2484743000.0,4638625000.0,29556820000.0,,,,,,,,,,,1065513000.0,1000665000.0,161275000.0,674125000.0,445776000.0,,56047000.0,,-96000.0,-822884000.0,34851000.0,,-214882000.0,31393000.0,
,,,,,,,,,,,,,,,,,,,,,,,,,,,,,,,,,,,,,,,,,,,,,,,,,,,,,,,,,,,,,,,,,,,
