Date,Net sales,Cost of sales,Gross margin,Research and development,"Selling, general and administrative",Total operating expenses,Operating income,"Other income/(expense), net",Income before provision for income taxes,Provision for income taxes,Net income,Earnings per share basic,Earnings per share diluted,Weighted-average basic,Weighted-average diluted,Cash and cash equivalents,Short-term marketable securities,"Accounts receivable, net",Inventories,Deferred tax assets,Vendor non-trade receivables,Other current assets,Total current assets,Long-term marketable securities,"Property, Plant and Equipment, Net",Goodwill,"Acquired intangible assets, net","Other Assets, Noncurrent",Total assets,accounts payable,Accrued expenses,Deferred revenue,Total current liabilities,Deferred revenue - non-current,deferred tax liabilities,long term taxes payable,Total other non-current liabilities,Total liabilities,Retained Earnings (Accumulated Deficit),Accumulated other comprehensive (loss)/income,Total shareholders equity,Total liabilities and shareholders' equity,"Depreciation, amortization and accretion",Stock-based compensation expense,Deferred income tax expense,"Increase (Decrease) in Accounts receivable, net",Increase (Decrease) in Inventories,Increase (Decrease) in Other Receivables,Increase (Decrease) in Other Operating Assets,Increase (Decrease) in Accounts Payable,Increase (Decrease) in Deferred Revenue,Increase (Decrease) Other liabilities,Cash generated by operating activities,Purchases of marketable securities,Proceeds from maturities of marketable securities,Proceeds from sales of marketable securities,Purchases of other long-term investments,"Business acquisitions, net of cash acquired",Cash payments for capital asset purchases,Payments for acquisition of intangible assets,Payments for (Proceeds from) Other Investing Activities,Cash used in investing activities,Proceeds from issuance of common stock,Excess tax benefits from stock-based compensation,Cash generated/used in financing activities,Increase/(decrease) in cash and cash equivalents,"Cash paid for income taxes, net"
2009-12-31,,3302000000.0,2093000000.0,,881000000.0,,391000000.0,,,-74000000.0,2008000000.0,1.3,1.28,,,2541000000.0,1042000000.0,753000000.0,579000000.0,235000000.0,,371000000.0,5521000000.0,,7995000000.0,,,129000000.0,21295000000.0,550000000.0,915000000.0,,1539000000.0,,,,1373000000.0,5700000000.0,3636000000.0,-401000000.0,15543000000.0,21295000000.0,,127000000.0,-218000000.0,-201000000.0,238000000.0,,16000000.0,,,,2077000000.0,,,,,410000000.0,,,,-1370000000.0,,,-15000000.0,668000000.0,
2010-03-31,,822000000.0,731000000.0,,235000000.0,,403000000.0,,,97000000.0,816000000.0,0.52,0.52,,,3075000000.0,798000000.0,860000000.0,604000000.0,392000000.0,,323000000.0,6052000000.0,,7847000000.0,,,125000000.0,21727000000.0,459000000.0,796000000.0,,1278000000.0,,,,1311000000.0,5374000000.0,4374000000.0,-419000000.0,16302000000.0,21727000000.0,,29000000.0,50000000.0,-120000000.0,-31000000.0,,32000000.0,,,,643000000.0,,,,,,,,-2000000.0,77000000.0,,,-111000000.0,534000000.0,
2010-06-30,,1707000000.0,1558000000.0,,481000000.0,,833000000.0,,,128000000.0,1729000000.0,1.11,1.09,1558000000.0,,3214000000.0,1045000000.0,938000000.0,607000000.0,366000000.0,,290000000.0,6460000000.0,,8047000000.0,,,120000000.0,22541000000.0,519000000.0,914000000.0,,1457000000.0,,,,1287000000.0,5499000000.0,5208000000.0,-606000000.0,16992000000.0,22541000000.0,,55000000.0,10000000.0,-193000000.0,-62000000.0,,40000000.0,,,,1315000000.0,,,,,,,,-2000000.0,-307000000.0,,,-173000000.0,673000000.0,
2010-09-30,,2585000000.0,2282000000.0,,731000000.0,,1152000000.0,,,142000000.0,2514000000.0,1.61,1.59,1558000000.0,,3302000000.0,1727000000.0,854000000.0,712000000.0,455000000.0,,313000000.0,7363000000.0,,8526000000.0,,,127000000.0,24670000000.0,720000000.0,949000000.0,,1694000000.0,,,,1290000000.0,6203000000.0,5916000000.0,81000000.0,18416000000.0,24670000000.0,,77000000.0,-15000000.0,-62000000.0,-147000000.0,,25000000.0,,,,1743000000.0,,,,,,,,-6000000.0,-1209000000.0,,,173000000.0,761000000.0,
2010-12-31,,3583000000.0,3049000000.0,491000000.0,1015000000.0,,1801000000.0,,,287000000.0,3558000000.0,2.28,2.25,1558000000.0,,4598000000.0,1752000000.0,973000000.0,738000000.0,3164000000.0,,367000000.0,8859000000.0,,8943000000.0,7000000000.0,,153000000.0,25833000000.0,798000000.0,1131000000.0,,1986000000.0,,,,1246000000.0,6407000000.0,6881000000.0,43000000.0,19375000000.0,25833000000.0,,92000000.0,68000000.0,-162000000.0,-160000000.0,,42000000.0,,,,3835000000.0,,,,,63000000.0,,,-7000000.0,-1769000000.0,,,-2000000.0,2057000000.0,170000000.0
2011-03-31,,1049000000.0,874000000.0,,250000000.0,,460000000.0,,,114000000.0,748000000.0,0.48,0.47,1565000000.0,,4570000000.0,1733000000.0,1107000000.0,841000000.0,433000000.0,,353000000.0,9037000000.0,,9235000000.0,7100000000.0,,174000000.0,26660000000.0,949000000.0,919000000.0,,1894000000.0,,,,1251000000.0,6305000000.0,7550000000.0,223000000.0,20304000000.0,26660000000.0,,23000000.0,15000000.0,121000000.0,79000000.0,,26000000.0,,,,573000000.0,,,,,148000000.0,100000000000.0,,-2000000.0,-657000000.0,,,-57000000.0,-28000000.0,
2011-06-30,,2165000000.0,1763000000.0,,534000000.0,,884000000.0,,,237000000.0,1503000000.0,0.96,0.95,1568000000.0,,4609000000.0,1748000000.0,1252000000.0,917000000.0,439000000.0,,364000000.0,9329000000.0,,9755000000.0,7100000000.0,,150000000.0,27825000000.0,1052000000.0,1005000000.0,,2083000000.0,,,,1302000000.0,6519000000.0,8227000000.0,464000000.0,21255000000.0,27825000000.0,,45000000.0,96000000.0,243000000.0,143000000.0,,42000000.0,,,,1119000000.0,,,,,148000000.0,,,-4000000.0,-1162000000.0,,,-129000000.0,11000000.0,
2011-09-30,,3262000000.0,2741000000.0,,750000000.0,,1471000000.0,,,347000000.0,2314000000.0,1.48,1.46,1569000000.0,1589000000.0,4901000000.0,1520000000.0,1189000000.0,939000000.0,356000000.0,,359000000.0,9264000000.0,,10266000000.0,629000000.0,,157000000.0,28173000000.0,938000000.0,1044000000.0,,2009000000.0,,,,1300000000.0,6482000000.0,8958000000.0,93000000.0,21640000000.0,28173000000.0,,66000000.0,118000000.0,182000000.0,170000000.0,,,,,,2032000000.0,,,,,148000000.0,,,1000000.0,-1580000000.0,,,-175000000.0,303000000.0,
2011-12-31,,4324000000.0,3566000000.0,563000000.0,1033000000.0,,1694000000.0,,,408000000.0,2805000000.0,1.8,1.77,1562000000.0,1583000000.0,4661000000.0,1164000000.0,1082000000.0,975000000.0,3040000000.0,,347000000.0,8677000000.0,,10671000000.0,664000000.0,,196000000.0,27848000000.0,977000000.0,1093000000.0,,2097000000.0,,,,1361000000.0,6719000000.0,9332000000.0,-89000000.0,21078000000.0,27848000000.0,,86000000.0,115000000.0,84000000.0,201000000.0,,,,,,3189000000.0,,,,,215000000.0,,,,-2056000000.0,,,-980000000.0,63000000.0,215000000.0
2012-06-30,,2217000000.0,1611000000.0,,570000000.0,,651000000.0,,,204000000.0,924000000.0,0.61,0.61,1511.0,1524.0,5008000000.0,1337000000.0,1157000000.0,999000000.0,441000000.0,,436000000.0,9378000000.0,,10751000000.0,663000000.0,,274000000.0,28754000000.0,929000000.0,934000000.0,,1892000000.0,,,,1331000000.0,7352000000.0,10029000000.0,-136000000.0,21354000000.0,28754000000.0,,40000000.0,21000000.0,68000000.0,35000000.0,,,,,,1332000000.0,,,,,,,,-4000000.0,-1139000000.0,,,260000000.0,347000000.0,
2012-09-30,,3376000000.0,2490000000.0,,864000000.0,,1044000000.0,,,291000000.0,1445000000.0,0.96,0.95,1502000000.0,1514000000.0,4952000000.0,1399000000.0,1248000000.0,1003000000.0,490000000.0,,424000000.0,9516000000.0,,11036000000.0,664000000.0,,273000000.0,29410000000.0,901000000.0,956000000.0,,1987000000.0,,,,1364000000.0,7524000000.0,10438000000.0,105000000.0,21839000000.0,29410000000.0,,56000000.0,44000000.0,149000000.0,31000000.0,,,,,,1966000000.0,,,,,,,,-6000000.0,-1621000000.0,,,94000000.0,291000000.0,
2012-12-31,,4615000000.0,3397000000.0,635000000.0,1165000000.0,,1321000000.0,,,389000000.0,1728000000.0,1.16,1.15,1494000000.0,1506000000.0,4988000000.0,1156000000.0,1302000000.0,1051000000.0,2907000000.0,,619000000.0,9695000000.0,,10625000000.0,974000000.0,,301000000.0,29375000000.0,779000000.0,1101000000.0,,1956000000.0,,,,1574000000.0,7842000000.0,10588000000.0,-300000000.0,21486000000.0,29375000000.0,,70000000.0,68000000.0,272000000.0,23000000.0,,,,,,3206000000.0,,,,,723000000.0,,,-8000000.0,-2628000000.0,,,-115000000.0,327000000.0,355000000.0
2013-03-31,,1044000000.0,770000000.0,65000000.0,259000000.0,,324000000.0,,,34000000.0,494000000.0,0.33,0.33,1472000000.0,1481000000.0,4797000000.0,978000000.0,1243000000.0,1171000000.0,399000000.0,,681000000.0,9269000000.0,,10171000000.0,972000000.0,,437000000.0,28595000000.0,762000000.0,959000000.0,,1795000000.0,,,,1622000000.0,7205000000.0,10262000000.0,-132000000.0,21344000000.0,28595000000.0,,11000000.0,-30000000.0,-17000000.0,138000000.0,,,,,,623000000.0,,,,,,,,-1000000.0,-122000000.0,,,-629000000.0,-191000000.0,
2015-12-31,,5458000000.0,3653000000.0,638000000.0,1523000000.0,,1322000000.0,,,147000000.0,1339000000.0,1.02,1.0,1219000000.0,1343000000.0,4500000000.0,100000000.0,1372000000.0,1385000000.0,1716000000.0,,912000000.0,8269000000.0,,12648000000.0,1380000000.0,706000000.0,1513000000.0,28547000000.0,934000000.0,1308000000.0,,2814000000.0,,340000000.0,,2242000000.0,9684000000.0,13832000000.0,-1811000000.0,18788000000.0,28547000000.0,,46000000.0,54000000.0,-162000000.0,77000000.0,,,,,,2809000000.0,,,,,732000000.0,,,1000000.0,-685000000.0,,,-2603000000.0,-809000000.0,253000000.0
2016-03-31,,1283000000.0,764000000.0,,303000000.0,,177000000.0,,,-304000000.0,-368000000.0,-0.36,-0.36,1103000000.0,1103000000.0,3540000000.0,,1388000000.0,1453000000.0,,,797000000.0,7178000000.0,,12823000000.0,1399000000.0,703000000.0,1342000000.0,27945000000.0,836000000.0,1201000000.0,,2564000000.0,,,,2767000000.0,9958000000.0,13290000000.0,-1404000000.0,17918000000.0,27945000000.0,,9000000.0,-345000000.0,-21000000.0,42000000.0,,,,,,-83000000.0,,,,,,,,,-76000000.0,,,-913000000.0,-960000000.0,
2016-09-30,,4158000000.0,2756000000.0,,1104000000.0,,959000000.0,,,-835000000.0,2123000000.0,1.96,1.81,1046000000.0,1170000000.0,4821000000.0,0.0,1645000000.0,1516000000.0,,,497000000.0,8479000000.0,30000000.0,13293000000.0,1569000000.0,797000000.0,1209000000.0,28809000000.0,933000000.0,1354000000.0,,2294000000.0,,,,4104000000.0,11022000000.0,15460000000.0,-715000000.0,17721000000.0,28809000000.0,,33000000.0,-1047000000.0,184000000.0,69000000.0,,,,,,1095000000.0,,,,,279000000.0,,,-9000000.0,3956000000.0,,,-4858000000.0,321000000.0,
2016-12-31,,5644000000.0,3746000000.0,637000000.0,1472000000.0,,1391000000.0,,,-3000000.0,3695000000.0,3.53,3.23,1020000000.0,1144000000.0,5291000000.0,0.0,1481000000.0,1471000000.0,2008000000.0,,805000000.0,9048000000.0,29000000.0,12546000000.0,1577000000.0,796000000.0,1271000000.0,27899000000.0,1079000000.0,1416000000.0,,2751000000.0,,317000000.0,,2805000000.0,9939000000.0,16880000000.0,-1676000000.0,17893000000.0,27899000000.0,,42000000.0,-308000000.0,106000000.0,68000000.0,,,,,,2521000000.0,,,,,333000000.0,,,-10000000.0,3662000000.0,,,-5306000000.0,791000000.0,293000000.0
2017-03-31,,1418000000.0,957000000.0,,316000000.0,,424000000.0,,,-66000000.0,86000000.0,0.07,0.07,925000000.0,936000000.0,4844000000.0,28000000.0,1583000000.0,1544000000.0,,,719000000.0,8718000000.0,,12969000000.0,1619000000.0,825000000.0,1132000000.0,28305000000.0,1015000000.0,1149000000.0,,2421000000.0,,,,3101000000.0,9926000000.0,17030000000.0,-1196000000.0,18308000000.0,28305000000.0,,14000000.0,-121000000.0,54000000.0,49000000.0,,,,,,191000000.0,,,,,35000000.0,,,-2000000.0,-326000000.0,,,-388000000.0,-447000000.0,
2017-06-30,,2930000000.0,1942000000.0,,695000000.0,,805000000.0,,,153000000.0,525000000.0,0.52,0.5,917000000.0,1043000000.0,4189000000.0,,1640000000.0,1616000000.0,,,986000000.0,8431000000.0,,13060000000.0,1608000000.0,842000000.0,890000000.0,27830000000.0,1096000000.0,1081000000.0,,2808000000.0,,,,2928000000.0,9750000000.0,17303000000.0,-1201000000.0,18012000000.0,27830000000.0,,,-76000000.0,98000000.0,110000000.0,,,,,,471000000.0,,,,,38000000.0,,,13000000.0,-634000000.0,,,-1138000000.0,-1102000000.0,
2017-09-30,,4481000000.0,2998000000.0,,1067000000.0,,1258000000.0,,,176000000.0,915000000.0,0.93,0.89,905000000.0,1031000000.0,3865000000.0,,1748000000.0,1693000000.0,,,948000000.0,8254000000.0,,13344000000.0,1684000000.0,891000000.0,928000000.0,28094000000.0,1179000000.0,1255000000.0,,3065000000.0,,,,2940000000.0,10711000000.0,17533000000.0,-1146000000.0,17317000000.0,28094000000.0,,,-62000000.0,190000000.0,166000000.0,,,,,,1116000000.0,,,,,171000000.0,,,28000000.0,-1218000000.0,,,-1595000000.0,-1426000000.0,
2017-12-31,,6084000000.0,4032000000.0,689000000.0,1467000000.0,,1630000000.0,,1657000000.0,2154000000.0,-497000000.0,-0.66,-0.66,895000000.0,895000000.0,4317000000.0,,1807000000.0,1712000000.0,362000000.0,,991000000.0,8827000000.0,,14017000000.0,1694000000.0,869000000.0,934000000.0,27494000000.0,1439000000.0,1391000000.0,,3209000000.0,,451000000.0,,3017000000.0,11724000000.0,15930000000.0,-842000000.0,15698000000.0,27494000000.0,,,1796000000.0,225000000.0,170000000.0,,,,,,2004000000.0,,,,,171000000.0,,,48000000.0,-1710000000.0,,,-1624000000.0,-974000000.0,405000000.0
2018-03-31,2500000000.0,1545000000.0,955000000.0,,501000000.0,,194000000.0,,-465000000.0,124000000.0,-589000000.0,-0.72,-0.72,848000000.0,848000000.0,3096000000.0,,1747000000.0,1834000000.0,,,986000000.0,7663000000.0,,14416000000.0,1698000000.0,851000000.0,952000000.0,26834000000.0,1164000000.0,1451000000.0,,2995000000.0,,514000000.0,,3797000000.0,12346000000.0,15166000000.0,-577000000.0,14413000000.0,26834000000.0,,,16000000.0,-94000000.0,98000000.0,,,,276000000.0,,320000000.0,,,,,,,,2000000.0,-644000000.0,,,-959000000.0,-1221000000.0,
2018-06-30,5247000000.0,3220000000.0,2027000000.0,,913000000.0,,589000000.0,,864000000.0,250000000.0,738000000.0,0.87,0.78,833000000.0,943000000.0,2023000000.0,,1842000000.0,1896000000.0,,,723000000.0,6484000000.0,,14201000000.0,1918000000.0,1332000000.0,1007000000.0,26140000000.0,1111000000.0,1545000000.0,,2908000000.0,,328000000.0,,3480000000.0,12189000000.0,15731000000.0,-1035000000.0,13877000000.0,26140000000.0,,,46000000.0,41000000.0,193000000.0,,,,576000000.0,,1035000000.0,,,,,794000000.0,,,16000000.0,-1755000000.0,,,-1578000000.0,-2294000000.0,
2018-09-30,8255000000.0,4996000000.0,3259000000.0,,1352000000.0,,1111000000.0,,1157000000.0,383000000.0,774000000.0,0.85,0.82,824000000.0,948000000.0,1903000000.0,,1973000000.0,1921000000.0,,,835000000.0,6632000000.0,,14345000000.0,1930000000.0,1309000000.0,1023000000.0,26392000000.0,1092000000.0,1768000000.0,,3112000000.0,,328000000.0,,3545000000.0,12414000000.0,16186000000.0,-1136000000.0,13890000000.0,26392000000.0,,,53000000.0,197000000.0,235000000.0,,,,,,1978000000.0,,,,,804000000.0,,,28000000.0,-2266000000.0,,,-2116000000.0,-2414000000.0,
2018-12-31,11290000000.0,6829000000.0,4461000000.0,807000000.0,1799000000.0,,1575000000.0,,1503000000.0,437000000.0,1066000000.0,1.19,1.13,816000000.0,941000000.0,2355000000.0,,1940000000.0,2037000000.0,604000000.0,,702000000.0,7034000000.0,,14895000000.0,1936000000.0,1292000000.0,1021000000.0,27505000000.0,1456000000.0,1851000000.0,,3311000000.0,,347000000.0,,3652000000.0,13619000000.0,16303000000.0,-1010000000.0,13792000000.0,27505000000.0,,,-38000000.0,154000000.0,346000000.0,,,,,,2919000000.0,,,,,842000000.0,,,39000000.0,-2887000000.0,,,-1995000000.0,-1962000000.0,567000000.0
2019-03-31,2812000000.0,1713000000.0,1099000000.0,,401000000.0,,420000000.0,,575000000.0,76000000.0,499000000.0,0.61,0.55,784000000.0,908000000.0,,,1974000000.0,2190000000.0,,,729000000.0,6349000000.0,,14878000000.0,1930000000.0,1265000000.0,1502000000.0,27321000000.0,1278000000.0,1774000000.0,84000000.0,3059000000.0,,331000000.0,,3879000000.0,13615000000.0,16489000000.0,-1166000000.0,13607000000.0,27321000000.0,,,-40000000.0,36000000.0,159000000.0,,,,,,-29000000.0,,,,,,,,-21000000.0,-483000000.0,,,-393000000.0,-899000000.0,
2019-06-30,5752000000.0,3588000000.0,2164000000.0,,815000000.0,,794000000.0,,791000000.0,200000000.0,591000000.0,0.69,0.65,782000000.0,906000000.0,,,2103000000.0,2291000000.0,,,739000000.0,6311000000.0,,15137000000.0,1938000000.0,1240000000.0,1552000000.0,27575000000.0,1297000000.0,1664000000.0,,3416000000.0,,326000000.0,,3910000000.0,14054000000.0,16399000000.0,-1130000000.0,13425000000.0,27575000000.0,,,-34000000.0,201000000.0,257000000.0,,,,,,124000000.0,,,,,,,,-11000000.0,-1034000000.0,,,-262000000.0,-1177000000.0,
2019-09-30,8686000000.0,5505000000.0,3181000000.0,,1184000000.0,,1159000000.0,,1199000000.0,271000000.0,928000000.0,1.1,1.03,780000000.0,903000000.0,,,2024000000.0,2337000000.0,,,824000000.0,6156000000.0,,15083000000.0,1924000000.0,1206000000.0,1512000000.0,27329000000.0,1447000000.0,1848000000.0,,3600000000.0,,289000000.0,,3724000000.0,14195000000.0,16555000000.0,-1387000000.0,13034000000.0,27329000000.0,,,-85000000.0,169000000.0,338000000.0,,,,,,1013000000.0,,,,,,,,35000000.0,-1534000000.0,,,-833000000.0,-1384000000.0,
2019-12-31,11503000000.0,7468000000.0,4035000000.0,833000000.0,1585000000.0,,1306000000.0,,1216000000.0,256000000.0,960000000.0,1.11,1.07,776000000.0,899000000.0,,,1836000000.0,2320000000.0,832000000.0,,873000000.0,7463000000.0,,15337000000.0,1935000000.0,1185000000.0,1487000000.0,28898000000.0,1587000000.0,1923000000.0,104000000.0,3521000000.0,,,,3980000000.0,15901000000.0,16408000000.0,-1171000000.0,12907000000.0,28898000000.0,,56000000.0,-191000000.0,-48000000.0,298000000.0,,,,,,2031000000.0,,,,,,,,48000000.0,-1891000000.0,,,-47000000.0,79000000.0,474000000.0
2020-03-31,2391000000.0,1830000000.0,561000000.0,,395000000.0,,-121000000.0,,-108000000.0,-12000000.0,-96000000.0,-0.16,-0.16,760000000.0,760000000.0,,,1708000000.0,2347000000.0,,,866000000.0,6946000000.0,,14932000000.0,1918000000.0,1149000000.0,1413000000.0,27859000000.0,1250000000.0,1929000000.0,192000000.0,3191000000.0,,,,3895000000.0,15572000000.0,16114000000.0,-1497000000.0,12198000000.0,27859000000.0,,,-40000000.0,-43000000.0,67000000.0,,,,,,248000000.0,,,,,,,,5000000.0,-539000000.0,,,-94000000.0,-409000000.0,
2020-06-30,4952000000.0,3635000000.0,1317000000.0,,796000000.0,,-224000000.0,,-157000000.0,22000000.0,-167000000.0,-0.28,-0.28,760000000.0,760000000.0,,,1712000000.0,2235000000.0,,,741000000.0,6846000000.0,,14691000000.0,1925000000.0,1072000000.0,1417000000.0,27546000000.0,1109000000.0,1899000000.0,192000000.0,3020000000.0,,,,3928000000.0,15413000000.0,15847000000.0,-1432000000.0,12049000000.0,27546000000.0,,65000000.0,-130000000.0,-27000000.0,-53000000.0,,,,,,798000000.0,,,,,,833000000.0,,-10000000.0,-784000000.0,,,-272000000.0,-276000000.0,
2020-09-30,7953000000.0,5635000000.0,2318000000.0,,1276000000.0,,257000000.0,,450000000.0,33000000.0,427000000.0,0.53,0.48,760000000.0,889000000.0,,,2099000000.0,2581000000.0,,,864000000.0,8058000000.0,,15449000000.0,2427000000.0,1332000000.0,1474000000.0,30267000000.0,1176000000.0,2417000000.0,181000000.0,3849000000.0,,,,5072000000.0,17410000000.0,16065000000.0,-1134000000.0,12660000000.0,30267000000.0,,127000000.0,-96000000.0,281000000.0,-240000000.0,,,,-107000000.0,,1406000000.0,,,,,,986000000.0,,-17000000.0,-932000000.0,,,-415000000.0,80000000.0,
2020-12-31,11303000000.0,7772000000.0,3531000000.0,1000000000.0,1747000000.0,,509000000.0,,623000000.0,111000000.0,512000000.0,0.54,0.54,761000000.0,772000000.0,,,2133000000.0,2438000000.0,808000000.0,,761000000.0,8004000000.0,,15742000000.0,2460000000.0,1308000000.0,2140000000.0,30775000000.0,1174000000.0,2437000000.0,211000000.0,3767000000.0,,,,5017000000.0,17327000000.0,16120000000.0,-740000000.0,13257000000.0,30775000000.0,,207000000.0,-20000000.0,274000000.0,-423000000.0,,,,140000000.0,,2180000000.0,,,,,-4000000.0,,,-14000000.0,-1310000000.0,,,-729000000.0,238000000.0,220000000.0
2021-03-31,3290000000.0,2134000000.0,1156000000.0,,400000000.0,,502000000.0,,825000000.0,226000000.0,599000000.0,0.75,0.67,766000000.0,898000000.0,,,1900000000.0,2361000000.0,,,974000000.0,8103000000.0,,15364000000.0,2429000000.0,1259000000.0,1996000000.0,30143000000.0,1272000000.0,2087000000.0,217000000.0,3513000000.0,,,,4689000000.0,16585000000.0,16509000000.0,-1092000000.0,13369000000.0,30143000000.0,,,121000000.0,-109000000.0,-44000000.0,,,,93000000.0,,723000000.0,,,,,,,,20000000.0,-288000000.0,,,-190000000.0,196000000.0,
2021-06-30,6791000000.0,4320000000.0,2471000000.0,,865000000.0,,1077000000.0,,1341000000.0,293000000.0,1048000000.0,-0.42,-0.42,844000000.0,844000000.0,,,2057000000.0,2387000000.0,,,884000000.0,7648000000.0,,15455000000.0,2433000000.0,1228000000.0,1991000000.0,29806000000.0,1312000000.0,2959000000.0,228000000.0,4624000000.0,,,,5292000000.0,17664000000.0,15739000000.0,-1052000000.0,11960000000.0,29806000000.0,,78000000.0,56000000.0,49000000.0,-18000000.0,,,,123000000.0,,1494000000.0,,,,,,,,19000000.0,-415000000.0,,,-1389000000.0,-352000000.0,
2021-09-30,10406000000.0,6614000000.0,3792000000.0,,1351000000.0,,1629000000.0,,1821000000.0,402000000.0,1419000000.0,0.72,0.71,852000000.0,866000000.0,,,2114000000.0,2463000000.0,,,890000000.0,7679000000.0,,15383000000.0,2425000000.0,1192000000.0,1965000000.0,29706000000.0,1396000000.0,2891000000.0,224000000.0,4337000000.0,,,,5266000000.0,17351000000.0,16110000000.0,-1259000000.0,12145000000.0,29706000000.0,,117000000.0,68000000.0,146000000.0,72000000.0,,,,182000000.0,,2389000000.0,,,,,,,,25000000.0,-803000000.0,,,-1990000000.0,-460000000.0,
2021-12-31,14082000000.0,9019000000.0,5063000000.0,800000000.0,1827000000.0,,2112000000.0,,2397000000.0,491000000.0,1906000000.0,1.3,1.28,828000000.0,844000000.0,,,2004000000.0,2481000000.0,808000000.0,,1026000000.0,7659000000.0,,15804000000.0,2421000000.0,1148000000.0,2056000000.0,30154000000.0,1612000000.0,3139000000.0,223000000.0,4806000000.0,,,,5192000000.0,17609000000.0,16389000000.0,-1175000000.0,12333000000.0,30154000000.0,,190000000.0,16000000.0,54000000.0,103000000.0,,,,216000000.0,,3412000000.0,,,,,,,,53000000.0,-1419000000.0,,,-2452000000.0,-524000000.0,377000000.0
2022-03-31,3680000000.0,2397000000.0,1283000000.0,,434000000.0,,570000000.0,,761000000.0,180000000.0,581000000.0,0.69,0.68,843000000.0,859000000.0,,,1910000000.0,2618000000.0,,,1317000000.0,7861000000.0,,15780000000.0,2408000000.0,1118000000.0,2060000000.0,30257000000.0,1849000000.0,3092000000.0,236000000.0,5061000000.0,,,,5108000000.0,17628000000.0,16737000000.0,-1362000000.0,12395000000.0,30257000000.0,,42000000.0,24000000.0,-7000000.0,159000000.0,,,238000000.0,83000000.0,,534000000.0,,,,,,,,9000000.0,-278000000.0,,,-375000000.0,-132000000.0,
2022-06-30,7295000000.0,4766000000.0,2529000000.0,,920000000.0,,1060000000.0,,1533000000.0,346000000.0,1144000000.0,1.36,1.33,843000000.0,857000000.0,,,1786000000.0,2835000000.0,,,1633000000.0,7883000000.0,,15350000000.0,2389000000.0,1088000000.0,2026000000.0,29718000000.0,1934000000.0,3475000000.0,190000000.0,5530000000.0,,,,4941000000.0,17736000000.0,16837000000.0,-2094000000.0,11734000000.0,29718000000.0,,93000000.0,72000000.0,-55000000.0,436000000.0,,,,131000000.0,,1292000000.0,,,,,,,,31000000.0,-567000000.0,,,-1178000000.0,-519000000.0,
2022-09-30,10783000000.0,7192000000.0,3591000000.0,,1381000000.0,,1352000000.0,,1793000000.0,380000000.0,1352000000.0,1.6,1.58,843000000.0,857000000.0,,,1620000000.0,2951000000.0,,,1603000000.0,7804000000.0,,14645000000.0,2368000000.0,1049000000.0,1871000000.0,28735000000.0,1808000000.0,3151000000.0,166000000.0,5167000000.0,,,,4910000000.0,17187000000.0,17044000000.0,-2791000000.0,11284000000.0,28735000000.0,,145000000.0,58000000.0,-161000000.0,637000000.0,,,,155000000.0,,1998000000.0,,,,,,,,44000000.0,-969000000.0,,,-1430000000.0,-518000000.0,
2022-12-31,14189000000.0,9683000000.0,4506000000.0,900000000.0,1898000000.0,,1438000000.0,,1797000000.0,411000000.0,1316000000.0,1.56,1.54,843000000.0,857000000.0,,,1721000000.0,2904000000.0,830000000.0,,1157000000.0,7453000000.0,,15371000000.0,2394000000.0,1029000000.0,2179000000.0,29499000000.0,1804000000.0,3147000000.0,132000000.0,5175000000.0,,,,4955000000.0,17224000000.0,16778000000.0,-1830000000.0,12008000000.0,29499000000.0,,175000000.0,-46000000.0,-113000000.0,522000000.0,,,,198000000.0,,2615000000.0,,,,,,,,14000000.0,-1355000000.0,,,-1649000000.0,-477000000.0,426000000.0
2023-03-31,3178000000.0,2175000000.0,1003000000.0,,421000000.0,,297000000.0,,228000000.0,37000000.0,176000000.0,0.21,0.2,844000000.0,859000000.0,,,1688000000.0,2863000000.0,,,1180000000.0,6877000000.0,,15137000000.0,2394000000.0,1002000000.0,2306000000.0,28822000000.0,1662000000.0,2914000000.0,165000000.0,4773000000.0,,,,4783000000.0,16615000000.0,16713000000.0,-1897000000.0,11925000000.0,28822000000.0,,52000000.0,-38000000.0,28000000.0,-17000000.0,,,,70000000.0,,-49000000.0,,,,,,,,-6000000.0,-228000000.0,,,-248000000.0,-525000000.0,
2023-06-30,6421000000.0,4405000000.0,2016000000.0,,861000000.0,,576000000.0,,637000000.0,143000000.0,457000000.0,0.54,0.53,848000000.0,859000000.0,,,1674000000.0,2757000000.0,,,1324000000.0,7293000000.0,,14681000000.0,2382000000.0,972000000.0,2234000000.0,28645000000.0,1519000000.0,2705000000.0,151000000.0,4411000000.0,,,,4680000000.0,16935000000.0,16509000000.0,-2199000000.0,11412000000.0,28645000000.0,,111000000.0,-10000000.0,64000000.0,-58000000.0,,,,82000000.0,,570000000.0,,,,,,,,-11000000.0,-515000000.0,,,-164000000.0,-133000000.0,
2023-09-30,9594000000.0,6574000000.0,3020000000.0,,1329000000.0,,812000000.0,,854000000.0,178000000.0,621000000.0,0.73,0.72,850000000.0,859000000.0,,,1725000000.0,2655000000.0,,,1279000000.0,7298000000.0,,14407000000.0,2372000000.0,938000000.0,2226000000.0,28278000000.0,1459000000.0,2529000000.0,162000000.0,4285000000.0,,,,4633000000.0,16534000000.0,16673000000.0,-2402000000.0,11430000000.0,28278000000.0,,168000000.0,37000000.0,137000000.0,-131000000.0,,,,88000000.0,,1292000000.0,,,,,,,,-4000000.0,-770000000.0,,,-520000000.0,-32000000.0,
2023-12-31,12588000000.0,8657000000.0,3931000000.0,900000000.0,1843000000.0,,890000000.0,,816000000.0,168000000.0,581000000.0,0.69,0.68,848000000.0,859000000.0,,,1572000000.0,2666000000.0,935000000.0,,1195000000.0,7212000000.0,,14630000000.0,2380000000.0,905000000.0,2220000000.0,28500000000.0,1466000000.0,2533000000.0,148000000.0,4319000000.0,,,,4709000000.0,16632000000.0,16391000000.0,-2048000000.0,11551000000.0,28500000000.0,,218000000.0,-75000000.0,-50000000.0,-157000000.0,,,,103000000.0,,2005000000.0,,,,,,,,-23000000.0,-1000000000.0,,,-883000000.0,108000000.0,213000000.0
2024-03-31,2975000000.0,1982000000.0,993000000.0,,451000000.0,,254000000.0,,296000000.0,71000000.0,209000000.0,0.25,0.24,852000000.0,862000000.0,,,1621000000.0,2713000000.0,,,1272000000.0,6971000000.0,,14199000000.0,2370000000.0,871000000.0,2075000000.0,27618000000.0,1476000000.0,2381000000.0,164000000.0,4175000000.0,,,,4435000000.0,16059000000.0,16358000000.0,-2375000000.0,11226000000.0,27618000000.0,,60000000.0,10000000.0,161000000.0,86000000.0,,,,80000000.0,,96000000.0,,,,,,,,26000000.0,-184000000.0,,,-308000000.0,-414000000.0,
2024-06-30,6226000000.0,4284000000.0,1942000000.0,,922000000.0,,440000000.0,,468000000.0,121000000.0,313000000.0,0.37,0.36,853000000.0,865000000.0,,,1721000000.0,2682000000.0,,,1299000000.0,7121000000.0,,13742000000.0,2365000000.0,836000000.0,1981000000.0,27179000000.0,1466000000.0,2684000000.0,178000000.0,4526000000.0,,,,4458000000.0,16252000000.0,15976000000.0,-2592000000.0,10585000000.0,27179000000.0,,126000000.0,1000000.0,284000000.0,89000000.0,,,,91000000.0,,617000000.0,,,,,,,,12000000.0,-338000000.0,,,-612000000.0,-360000000.0,
2024-09-30,9617000000.0,6538000000.0,3079000000.0,,1432000000.0,,742000000.0,,376000000.0,124000000.0,196000000.0,0.23,0.23,854000000.0,868000000.0,,,1986000000.0,2793000000.0,,,1284000000.0,7676000000.0,,14059000000.0,2390000000.0,814000000.0,2172000000.0,28322000000.0,1565000000.0,2737000000.0,179000000.0,4637000000.0,,,,4788000000.0,16855000000.0,15859000000.0,-2008000000.0,11103000000.0,28322000000.0,,202000000.0,-51000000.0,493000000.0,134000000.0,,,,127000000.0,,1316000000.0,,,,,,,,65000000.0,-537000000.0,,,-944000000.0,-166000000.0,
