Date,Net sales,Cost of sales,Gross margin,Research and development,"Selling, general and administrative",Total operating expenses,Operating income,"Other income/(expense), net",Income before provision for income taxes,Provision for income taxes,Net income,Earnings per share basic,Earnings per share diluted,Weighted-average basic,Weighted-average diluted,Cash and cash equivalents,Short-term marketable securities,"Accounts receivable, net",Inventories,Deferred tax assets,Vendor non-trade receivables,Other current assets,Total current assets,Long-term marketable securities,"Property, Plant and Equipment, Net",Goodwill,"Acquired intangible assets, net","Other Assets, Noncurrent",Total assets,accounts payable,Accrued expenses,Deferred revenue,Total current liabilities,Deferred revenue - non-current,deferred tax liabilities,long term taxes payable,Total other non-current liabilities,Total liabilities,Retained Earnings (Accumulated Deficit),Accumulated other comprehensive (loss)/income,Total shareholders equity,Total liabilities and shareholders' equity,"Depreciation, amortization and accretion",Stock-based compensation expense,Deferred income tax expense,"Increase (Decrease) in Accounts receivable, net",Increase (Decrease) in Inventories,Increase (Decrease) in Other Receivables,Increase (Decrease) in Other Operating Assets,Increase (Decrease) in Accounts Payable,Increase (Decrease) in Deferred Revenue,Increase (Decrease) Other liabilities,Cash generated by operating activities,Purchases of marketable securities,Proceeds from maturities of marketable securities,Proceeds from sales of marketable securities,Purchases of other long-term investments,"Business acquisitions, net of cash acquired",Cash payments for capital asset purchases,Payments for acquisition of intangible assets,Payments for (Proceeds from) Other Investing Activities,Cash used in investing activities,Proceeds from issuance of common stock,Excess tax benefits from stock-based compensation,Cash generated/used in financing activities,Increase/(decrease) in cash and cash equivalents,"Cash paid for income taxes, net"
2011-06-30,,,107530000.0,7493000.0,,74587000.0,32943000.0,-12630000.0,20313000.0,180000.0,20133000.0,0.3,0.3,67134999.0,67718654.0,78746000.0,,,139728000.0,,,,301327000.0,,74729000.0,527136000.0,,116000.0,1212775000.0,44736000.0,,,90936000.0,,,,26261000.0,749695000.0,-461525000.0,-11899000.0,463080000.0,1212775000.0,,3717000.0,,-16627000.0,-12591000.0,,1183000.0,2927000.0,,,27984000.0,,,,,,3404000.0,,,-3400000.0,0.0,,-24421000.0,163000.0,
2011-09-30,,,196189000.0,11669000.0,,119068000.0,77121000.0,-19303000.0,57818000.0,306000.0,57512000.0,,,,,138720000.0,,,103633000.0,,,,362522000.0,,73663000.0,527136000.0,,70000.0,1260376000.0,41179000.0,,,99543000.0,,,,26474000.0,758515000.0,-424146000.0,-12242000.0,501861000.0,1260376000.0,,5462000.0,,54472000.0,-23504000.0,,-1696000.0,-630000.0,,,89015000.0,,,,,,4461000.0,,,-4457000.0,0.0,,-24421000.0,60137000.0,
2011-12-31,,,294654000.0,16476000.0,,181673000.0,112981000.0,-26015000.0,86966000.0,-237677000.0,324643000.0,,,,,93126000.0,,,162124000.0,14395000.0,,,383265000.0,,84384000.0,547473000.0,,78000.0,1552793000.0,81053000.0,,,165390000.0,,,,43514000.0,783904000.0,-157015000.0,-15357000.0,768889000.0,1552793000.0,,8646000.0,-238170000.0,22235000.0,11224000.0,,6834000.0,18517000.0,,,169712000.0,,,,,83907000.0,12060000.0,,,-95953000.0,0.0,200000.0,-59216000.0,14543000.0,-437000.0
2012-03-31,,,111005000.0,5055000.0,,51512000.0,59493000.0,-10389000.0,49104000.0,19044000.0,30060000.0,0.45,0.44,67200480.0,68637927.0,91730000.0,,,200129000.0,15778000.0,,,425924000.0,,84422000.0,547782000.0,,220000.0,1571717000.0,91097000.0,,,167241000.0,,,,44115000.0,770944000.0,-126955000.0,-15426000.0,800773000.0,1571717000.0,,2439000.0,18239000.0,3255000.0,37700000.0,,530000.0,9663000.0,,,38584000.0,,,,,2279000.0,2138000.0,,,-4417000.0,,731000.0,-35563000.0,-1396000.0,
2012-06-30,,,198434000.0,10758000.0,,101783000.0,96651000.0,-31848000.0,64803000.0,25408000.0,39395000.0,0.59,0.57,67309260.0,68645533.0,10307000.0,,,227038000.0,17000000.0,,,358956000.0,,85786000.0,547968000.0,,44000.0,1491775000.0,75391000.0,59881000.0,,167427000.0,,,,44229000.0,1087169000.0,-117620000.0,-14722000.0,404606000.0,1491775000.0,,5257000.0,23610000.0,-10676000.0,64609000.0,,306000.0,-6043000.0,,,59707000.0,,,,,2279000.0,5504000.0,,,-7767000.0,,1546000.0,-134759000.0,-82819000.0,
2012-12-31,,,440400000.0,23499000.0,,216845000.0,223555000.0,-67203000.0,156352000.0,63129000.0,93223000.0,,,,,108023000.0,,,225817000.0,185441000.0,,,522553000.0,,104718000.0,552943000.0,,153000.0,1603847000.0,94543000.0,,,294859000.0,,,,46342000.0,1140219000.0,-63792000.0,-14496000.0,463628000.0,1603847000.0,,10780000.0,62429000.0,137000.0,31656000.0,,8416000.0,-3898000.0,,,235594000.0,,,,,47044000.0,22392000.0,,,-69345000.0,0.0,4588000.0,-151352000.0,14897000.0,2811000.0
2013-03-31,,,153462000.0,6645000.0,,56937000.0,96525000.0,-17101000.0,79424000.0,28750000.0,50674000.0,0.75,0.73,67864475.0,69554941.0,54337000.0,,,258821000.0,37538000.0,,,525195000.0,,106474000.0,552943000.0,,22000.0,1591726000.0,117134000.0,,,258131000.0,,,,47299000.0,1076132000.0,-13118000.0,-13494000.0,515594000.0,1591726000.0,,2931000.0,20075000.0,34648000.0,33007000.0,,-13000.0,22601000.0,,,38266000.0,,,,,0.0,4322000.0,,,-4322000.0,,7694000.0,-87640000.0,-53686000.0,
2013-06-30,,,284415000.0,13709000.0,,111457000.0,172958000.0,-46745000.0,126213000.0,47285000.0,78928000.0,1.16,1.13,68140330.0,69809599.0,126598000.0,,,287258000.0,30838000.0,,,611069000.0,,109481000.0,551242000.0,,22000.0,1675367000.0,112155000.0,,,244527000.0,,,,47570000.0,1469426000.0,10202000.0,-12472000.0,205941000.0,1675367000.0,,6192000.0,35324000.0,36908000.0,62561000.0,,-182000.0,18984000.0,,,74318000.0,,,,,-6278000.0,10051000.0,,,-1484000.0,,8401000.0,-54230000.0,18575000.0,
2013-09-30,,,423878000.0,20892000.0,,163631000.0,260247000.0,-59989000.0,200258000.0,74237000.0,126021000.0,1.85,1.81,68198006.0,69887025.0,116521000.0,,,296048000.0,27333000.0,,,615960000.0,,120812000.0,589599000.0,,68000.0,1733055000.0,101707000.0,,,240896000.0,,,,57148000.0,1475715000.0,57295000.0,-11229000.0,257340000.0,1733055000.0,,9471000.0,57363000.0,16268000.0,61310000.0,,5000.0,-6605000.0,,,155213000.0,,,,,73961000.0,14257000.0,,,-85889000.0,,9491000.0,-60773000.0,8498000.0,
2013-12-31,,,569560000.0,29271000.0,,218095000.0,351465000.0,-72749000.0,278716000.0,104177000.0,174539000.0,2.56,2.51,68081632.0,69667529.0,150147000.0,,,300253000.0,97007000.0,,,654179000.0,,146390000.0,608287000.0,,1369000.0,1798205000.0,109238000.0,,3325000.0,250845000.0,19767000.0,14966000.0,,54940000.0,1481134000.0,105813000.0,-2415000.0,317071000.0,1798205000.0,,12368000.0,82675000.0,5257000.0,52488000.0,,10902000.0,-5847000.0,,,259944000.0,,,,,116113000.0,30770000.0,,,-144549000.0,,11553000.0,-73399000.0,42124000.0,25821000.0
2014-03-31,,,119514000.0,7746000.0,,54208000.0,65306000.0,-11082000.0,54224000.0,19523000.0,34701000.0,0.51,0.5,68421800.0,70008490.0,173740000.0,,,292307000.0,25482000.0,,,686530000.0,,148017000.0,607185000.0,,514000.0,1812569000.0,113744000.0,,4865000.0,233390000.0,19767000.0,14360000.0,,53767000.0,1459525000.0,140514000.0,-2844000.0,353044000.0,1812569000.0,,3322000.0,12606000.0,17324000.0,-7931000.0,,-369000.0,4459000.0,,,36353000.0,,,,,,4925000.0,,,-4919000.0,,6528000.0,-7859000.0,23593000.0,
2015-09-30,959469000.0,,328826000.0,24907000.0,,176581000.0,152245000.0,-44816000.0,107429000.0,38864000.0,68565000.0,1.0,0.98,68642479.0,69781300.0,46454000.0,,207205000.0,362268000.0,25974000.0,,,654368000.0,,178120000.0,668122000.0,,1033000.0,1837579000.0,123186000.0,,,224986000.0,,15014000.0,,58180000.0,1348307000.0,348991000.0,-24393000.0,489272000.0,1837579000.0,,6889000.0,27319000.0,14838000.0,28319000.0,,-572000.0,-12226000.0,,,76859000.0,,,,,74477000.0,20108000.0,,,-94480000.0,,8973000.0,-122754000.0,-143307000.0,
2015-12-31,1317299000.0,,459950000.0,32922000.0,,280389000.0,179561000.0,-56578000.0,122983000.0,45236000.0,77747000.0,1.14,1.12,68096051.0,69200297.0,115857000.0,,182185000.0,325375000.0,29862000.0,,,661372000.0,,184213000.0,669719000.0,256910000.0,964000.0,1792816000.0,108332000.0,,,213224000.0,,6166000.0,,57458000.0,1326945000.0,358173000.0,-22475000.0,465871000.0,1792816000.0,,8241000.0,26955000.0,-9610000.0,-9084000.0,,-5063000.0,-27771000.0,,,188619000.0,,,,,73782000.0,30651000.0,,,-104328000.0,,9559000.0,-154483000.0,-73904000.0,6087000.0
2016-03-31,286535000.0,,98060000.0,8197000.0,,71096000.0,26964000.0,-11033000.0,15931000.0,5719000.0,10208000.0,0.15,0.15,66099755.0,66600040.0,69370000.0,,230338000.0,374709000.0,,,,686256000.0,,197623000.0,723443000.0,,4459000.0,1933497000.0,148357000.0,,,302470000.0,,13241000.0,,61134000.0,1423991000.0,368381000.0,-21229000.0,474426000.0,1933497000.0,,2485000.0,5069000.0,-8237000.0,10752000.0,,3882000.0,-6348000.0,,,22151000.0,,,,,61280000.0,7093000.0,,,-68366000.0,,6729000.0,-1106000.0,-46487000.0,
2016-06-30,653911000.0,,222207000.0,18086000.0,,151161000.0,71046000.0,-22251000.0,48795000.0,17640000.0,31096000.0,0.47,0.47,65955455.0,66465770.0,75641000.0,,243087000.0,366745000.0,,,,698598000.0,,206700000.0,716845000.0,,2948000.0,1916535000.0,166693000.0,,,324041000.0,,8745000.0,,62890000.0,1430512000.0,389269000.0,-34495000.0,450391000.0,1916535000.0,26443000.0,5386000.0,9072000.0,9389000.0,1046000.0,,-2297000.0,17537000.0,,,81235000.0,,,,,60886000.0,14004000.0,,,-74843000.0,,6729000.0,-46723000.0,-40216000.0,
2016-09-30,1027032000.0,,359979000.0,27512000.0,,232593000.0,127386000.0,-37065000.0,90321000.0,33154000.0,57279000.0,0.87,0.87,65506469.0,65992127.0,54163000.0,,244722000.0,359363000.0,,,,671433000.0,,207504000.0,711794000.0,,3506000.0,1868513000.0,145894000.0,,,333579000.0,,8806000.0,,62330000.0,1418386000.0,415452000.0,-34031000.0,413915000.0,1868513000.0,41343000.0,7805000.0,22909000.0,11642000.0,-6177000.0,,-2663000.0,-2618000.0,,,129513000.0,,,,,61386000.0,20847000.0,,,-80884000.0,,6754000.0,-110667000.0,-61694000.0,
2016-12-31,1444453000.0,,514106000.0,37229000.0,,309489000.0,204617000.0,-48235000.0,156382000.0,57570000.0,98788000.0,1.51,1.5,64905793.0,65382774.0,67272000.0,,241857000.0,349731000.0,77752000.0,,,683509000.0,,212793000.0,704640000.0,255172000.0,2233000.0,1861684000.0,181519000.0,,,341939000.0,,17278000.0,,61459000.0,1427434000.0,456052000.0,-40163000.0,401122000.0,1861684000.0,54418000.0,9493000.0,39347000.0,9082000.0,-15514000.0,,-406000.0,32908000.0,,,253409000.0,,,,,61386000.0,30467000.0,,,-105822000.0,,7920000.0,-195705000.0,-48585000.0,8889000.0
2018-03-31,,257645000.0,139989000.0,11853000.0,,83642000.0,56347000.0,-11161000.0,45186000.0,11416000.0,33645000.0,0.42,0.42,61943495.0,62474936.0,146162000.0,,262170000.0,439745000.0,,,,866845000.0,,232023000.0,724206000.0,,19828000.0,2077468000.0,228070000.0,,,412637000.0,,49140000.0,,83634000.0,1452870000.0,636814000.0,-8372000.0,570068000.0,2077468000.0,11683000.0,3106000.0,4283000.0,-18744000.0,48798000.0,,-2658000.0,-9439000.0,,,28968000.0,,,,,369000.0,6496000.0,,,-5997000.0,,,-16200000.0,7690000.0,
2018-06-30,892583000.0,576338000.0,316245000.0,24469000.0,,174431000.0,141814000.0,-24015000.0,117799000.0,29798000.0,86906000.0,1.25,1.24,61696014.0,62259712.0,111714000.0,,311668000.0,479880000.0,,,,930436000.0,,233433000.0,758072000.0,,23294000.0,2209275000.0,274234000.0,,,480049000.0,,57506000.0,,93364000.0,1538985000.0,687772000.0,-16900000.0,617012000.0,2209275000.0,23283000.0,6991000.0,6257000.0,24876000.0,85592000.0,,13047000.0,33442000.0,,,79657000.0,,,,,71926000.0,12326000.0,,,-82127000.0,,,-23880000.0,-26758000.0,
2018-09-30,1452098000.0,937968000.0,514130000.0,38122000.0,,265797000.0,248333000.0,-33940000.0,214393000.0,49870000.0,162682000.0,2.36,2.34,61659817.0,62266140.0,174001000.0,,341758000.0,496088000.0,,,,1039957000.0,,243362000.0,769168000.0,,25206000.0,2332673000.0,287718000.0,,,553113000.0,,68380000.0,,93023000.0,1574141000.0,756636000.0,-9557000.0,698163000.0,2332673000.0,35124000.0,9910000.0,17218000.0,55649000.0,99957000.0,,16488000.0,47559000.0,,,138998000.0,,,,,71926000.0,25577000.0,,,-94465000.0,,,-9143000.0,35529000.0,
2019-03-31,470353000.0,308178000.0,162175000.0,13609000.0,,91002000.0,71173000.0,-10419000.0,60754000.0,14985000.0,44861000.0,0.77,0.76,61762260.0,62223638.0,161266000.0,,284612000.0,588380000.0,,,,1062795000.0,,289438000.0,828403000.0,,,2473722000.0,290871000.0,,10836000.0,515979000.0,,78877000.0,,,1606410000.0,878416000.0,-29870000.0,804420000.0,2473722000.0,12607000.0,3594000.0,5151000.0,-46970000.0,41644000.0,,1293000.0,-37176000.0,,,14571000.0,,,,,61549000.0,15902000.0,,,-76685000.0,,,-1622000.0,-63216000.0,
2019-06-30,1012269000.0,654256000.0,358013000.0,31303000.0,,195914000.0,162099000.0,-20812000.0,141287000.0,33812000.0,106819000.0,1.75,1.74,61921711.0,62405863.0,110367000.0,,341535000.0,570327000.0,,,,1051710000.0,,300795000.0,817392000.0,,,2523109000.0,259696000.0,,8577000.0,480363000.0,,85192000.0,,,1592981000.0,939618000.0,-33831000.0,865940000.0,2523109000.0,27347000.0,7928000.0,11108000.0,8794000.0,21157000.0,,3086000.0,-68539000.0,,,22614000.0,,,,,112941000.0,34376000.0,,,-145872000.0,,,8158000.0,-114115000.0,
2019-09-30,1613404000.0,1037874000.0,575530000.0,48906000.0,,307875000.0,267655000.0,-31407000.0,236248000.0,53876000.0,182393000.0,2.95,2.92,61973447.0,62770592.0,216038000.0,,373591000.0,517232000.0,,,,1137431000.0,,303288000.0,811914000.0,,,2594121000.0,241290000.0,,7814000.0,476016000.0,,92520000.0,,,1598342000.0,1013707000.0,-46363000.0,934264000.0,2594121000.0,42841000.0,11477000.0,19514000.0,45543000.0,-27190000.0,,-1488000.0,-83174000.0,,,133802000.0,,,,,120863000.0,45447000.0,,,-164191000.0,,,22178000.0,-8444000.0,
2019-12-31,2204336000.0,1406584000.0,797752000.0,68394000.0,,425589000.0,372163000.0,-52556000.0,319607000.0,67299000.0,252007000.0,4.09,4.03,61926986.0,62865446.0,322883000.0,,319538000.0,522024000.0,81820000.0,,,1195829000.0,,316976000.0,805284000.0,297734000.0,,2665669000.0,261977000.0,,,497064000.0,,,,,1571591000.0,1084383000.0,-24917000.0,1032382000.0,2665669000.0,60767000.0,16694000.0,18733000.0,-8231000.0,-26369000.0,,358000.0,-69404000.0,,,308887000.0,,,,,112001000.0,60802000.0,,,-170078000.0,,,-41918000.0,98401000.0,61767000.0
2020-03-31,475915000.0,303595000.0,172320000.0,18649000.0,,109458000.0,62862000.0,-10007000.0,52855000.0,9444000.0,44460000.0,0.69,0.68,62126481.0,63283737.0,307456000.0,,312013000.0,559695000.0,,,,1208721000.0,,315828000.0,793576000.0,,,2654077000.0,266917000.0,,6833000.0,483016000.0,,,,,1570486000.0,1126174000.0,-73944000.0,1023642000.0,2654077000.0,16116000.0,4574000.0,1571000.0,5687000.0,48145000.0,,6017000.0,12817000.0,,,11346000.0,,,,,-0.0,12894000.0,,,-12276000.0,,,-16084000.0,-15427000.0,
2020-06-30,1022763000.0,641460000.0,381303000.0,38104000.0,,228888000.0,152415000.0,-17495000.0,134920000.0,27917000.0,110605000.0,1.73,1.7,62267083.0,63364253.0,396734000.0,,322937000.0,544372000.0,,,,1297106000.0,,317822000.0,796169000.0,,,2767625000.0,230229000.0,,6205000.0,486720000.0,,,,,1609331000.0,1190749000.0,-72526000.0,1097730000.0,2767625000.0,32919000.0,9974000.0,8029000.0,19021000.0,35316000.0,,1220000.0,-22987000.0,,,113114000.0,,,,,-0.0,26332000.0,,,-24996000.0,,,-13016000.0,73851000.0,
2020-09-30,1724118000.0,1066666000.0,657452000.0,58762000.0,,349400000.0,308052000.0,-25847000.0,282205000.0,59967000.0,225575000.0,3.59,3.51,62353473.0,63761380.0,513944000.0,,398240000.0,532952000.0,,,,1480336000.0,,321360000.0,815624000.0,,,2974075000.0,272745000.0,,17637000.0,556258000.0,,,,,1680634000.0,1306530000.0,-62039000.0,1230192000.0,2974075000.0,50087000.0,14327000.0,15433000.0,85474000.0,14604000.0,,-2543000.0,11624000.0,,,268310000.0,,,,,22815000.0,33940000.0,,,-54731000.0,,,-21596000.0,191061000.0,
2020-12-31,2485200000.0,1527546000.0,957654000.0,80251000.0,,478548000.0,479106000.0,-32915000.0,446191000.0,98973000.0,350576000.0,5.61,5.48,62280889.0,63737734.0,655128000.0,,374906000.0,603317000.0,96078000.0,,,1669733000.0,,343936000.0,855228000.0,292023000.0,,3235423000.0,330247000.0,,,641524000.0,,,,,1779012000.0,1432565000.0,-34254000.0,1390293000.0,3235423000.0,68773000.0,20882000.0,21195000.0,55976000.0,77983000.0,,-12859000.0,66040000.0,,,486533000.0,,,,,64797000.0,62128000.0,,,-124095000.0,,,-30428000.0,332245000.0,61861000.0
2021-03-31,807434000.0,485620000.0,321814000.0,22388000.0,,132690000.0,189124000.0,-3811000.0,185313000.0,35368000.0,148993000.0,2.39,2.33,62478734.0,64099073.0,744814000.0,,428702000.0,644576000.0,,,,1857607000.0,,345563000.0,849294000.0,,,3422138000.0,387933000.0,,30659000.0,710265000.0,,,,,1834315000.0,1581681000.0,-31499000.0,1524730000.0,3422138000.0,18237000.0,5448000.0,1702000.0,56710000.0,45833000.0,,1773000.0,56769000.0,,,152543000.0,,,,,,27469000.0,,,-21850000.0,,,-40008000.0,89686000.0,
2021-06-30,1727415000.0,1065866000.0,661549000.0,47732000.0,,289473000.0,372076000.0,-12492000.0,359584000.0,81730000.0,276029000.0,4.44,4.34,62605166.0,64097378.0,390086000.0,,480889000.0,772861000.0,,,,1692533000.0,,392518000.0,1109908000.0,,,3706926000.0,526375000.0,,31316000.0,836249000.0,,,,,2013743000.0,1710464000.0,-37583000.0,1655900000.0,3706926000.0,39466000.0,12421000.0,7003000.0,96846000.0,163820000.0,,4172000.0,186041000.0,,,274993000.0,,,,,419017000.0,54222000.0,,,-467116000.0,,,-72680000.0,-265042000.0,
2021-09-30,2670113000.0,1672570000.0,997543000.0,74897000.0,,451888000.0,545655000.0,-20707000.0,524948000.0,114341000.0,407599000.0,6.42,6.27,62690437.0,64208116.0,423726000.0,,510670000.0,934948000.0,,,,1923572000.0,,412706000.0,1174315000.0,,,4100430000.0,611181000.0,,32076000.0,1018014000.0,,,,,2273449000.0,1834477000.0,-55541000.0,1782072000.0,4100430000.0,62682000.0,18204000.0,8210000.0,116768000.0,322954000.0,,6874000.0,269951000.0,,,349404000.0,,,,,465926000.0,87456000.0,,,-546773000.0,,,-33445000.0,-231402000.0,
2021-12-31,3737184000.0,2377102000.0,1360082000.0,104303000.0,,638946000.0,721136000.0,-29610000.0,691526000.0,134957000.0,550494000.0,8.51,8.3,62686001.0,64253408.0,147339000.0,,546466000.0,1089705000.0,163859000.0,,,1848464000.0,,440852000.0,1409674000.0,1041162000.0,,4877780000.0,674208000.0,,,1155907000.0,,,,,2605643000.0,1965957000.0,-54755000.0,2213774000.0,4877780000.0,92041000.0,23954000.0,-2096000.0,131861000.0,470991000.0,,819000.0,297323000.0,,,411156000.0,,,,,713471000.0,109992000.0,,,-817287000.0,,,-102970000.0,-507789000.0,156728000.0
2022-03-31,1135856000.0,775108000.0,360748000.0,39744000.0,,206013000.0,154735000.0,-9231000.0,145504000.0,28608000.0,113858000.0,1.61,1.57,63449380.0,64828819.0,206023000.0,,609870000.0,1236772000.0,,,,2125401000.0,,443480000.0,1412187000.0,,,5151533000.0,697486000.0,,,1253158000.0,,,,,2771410000.0,2067868000.0,-46402000.0,2308134000.0,5151533000.0,38461000.0,8827000.0,-49156000.0,66510000.0,147250000.0,,-2253000.0,26363000.0,,,-10142000.0,,,,,999000.0,28200000.0,,,-27375000.0,,,95601000.0,58684000.0,
2022-06-30,2427247000.0,1609514000.0,817733000.0,81343000.0,,446154000.0,371579000.0,-22612000.0,348967000.0,74434000.0,270217000.0,3.85,3.78,63662510.0,64799002.0,467140000.0,,692291000.0,1240524000.0,,,,2491311000.0,,446007000.0,1388051000.0,,,5472951000.0,614009000.0,,,1172176000.0,,,,,2970359000.0,2210582000.0,-82839000.0,2418879000.0,5472951000.0,77559000.0,16562000.0,-61625000.0,143308000.0,158232000.0,,-1637000.0,-54583000.0,,,13693000.0,,,,,11421000.0,46503000.0,,,-63119000.0,,,366367000.0,319801000.0,
2022-09-30,3515505000.0,2336668000.0,1178837000.0,121328000.0,,719735000.0,459102000.0,-38095000.0,421007000.0,86028000.0,328487000.0,4.69,4.61,63480161.0,64630346.0,229911000.0,,542528000.0,1424691000.0,,,,2313269000.0,,450133000.0,1359588000.0,,,5246293000.0,523552000.0,,,1105130000.0,,,,,2839752000.0,2263627000.0,-120406000.0,2318530000.0,5246293000.0,116724000.0,23423000.0,-83272000.0,20810000.0,353618000.0,,7033000.0,-136289000.0,,,-42352000.0,,,,,11421000.0,64833000.0,,,-85082000.0,,,214871000.0,82572000.0,
2022-12-31,4564737000.0,3042733000.0,1522004000.0,159774000.0,,955674000.0,566330000.0,-57864000.0,508466000.0,99596000.0,399502000.0,5.55,5.42,63117007.0,64681357.0,132723000.0,,522458000.0,1405384000.0,208212000.0,,,2182348000.0,,467604000.0,1400880000.0,930714000.0,,5169462000.0,446050000.0,,,992044000.0,,,,,2799736000.0,2316224000.0,-65102000.0,2257381000.0,5169462000.0,156141000.0,29481000.0,-95465000.0,-6547000.0,319274000.0,,-4766000.0,-223031000.0,,,58516000.0,,,,,25065000.0,86188000.0,,,-134232000.0,,,64043000.0,-14616000.0,150893000.0
2023-03-31,887910000.0,615411000.0,272499000.0,41820000.0,,228016000.0,44483000.0,-22473000.0,22010000.0,7849000.0,12430000.0,0.06,0.05,61556044.0,62294447.0,137365000.0,,490384000.0,1438296000.0,,,,2185774000.0,,490143000.0,1426332000.0,,,5211132000.0,426191000.0,,,910342000.0,,,,,2865939000.0,2319638000.0,-42343000.0,2339163000.0,5211132000.0,39951000.0,10334000.0,-10712000.0,-33925000.0,23820000.0,,5576000.0,-24488000.0,,,-18559000.0,,,,,16188000.0,23977000.0,,,-41286000.0,,,63673000.0,4642000.0,
2023-06-30,1888330000.0,1287410000.0,600920000.0,85762000.0,,470465000.0,130455000.0,-47023000.0,83432000.0,23756000.0,57628000.0,0.76,0.75,61721614.0,62429911.0,192768000.0,,540332000.0,1436619000.0,,,,2273053000.0,,505026000.0,1430283000.0,,,5321971000.0,454727000.0,,,936827000.0,,,,,2894527000.0,2363015000.0,-16216000.0,2419282000.0,5321971000.0,81198000.0,20379000.0,-14152000.0,15535000.0,15897000.0,,-16333000.0,-2449000.0,,,64588000.0,,,,,16188000.0,53900000.0,,,-75442000.0,,,69496000.0,60045000.0,
2023-09-30,2958997000.0,1982290000.0,976707000.0,129074000.0,,741476000.0,235231000.0,-71737000.0,163494000.0,43184000.0,118005000.0,1.74,1.72,61552949.0,62362743.0,161525000.0,,589226000.0,1311129000.0,,,,2167049000.0,,511893000.0,1417564000.0,,,5166341000.0,394168000.0,,,900094000.0,,,,,2794215000.0,2423346000.0,-41614000.0,2363908000.0,5166341000.0,124149000.0,30306000.0,-18715000.0,68975000.0,-101894000.0,,-32175000.0,-57866000.0,,,204724000.0,,,,,15974000.0,77718000.0,,,-98445000.0,,,-77568000.0,28802000.0,
2023-12-31,4022667000.0,2657236000.0,1365431000.0,173443000.0,,979232000.0,386199000.0,-95899000.0,290300000.0,73180000.0,214606000.0,3.31,3.27,61265060.0,62058387.0,200994000.0,,537316000.0,1167484000.0,237619000.0,,,1997692000.0,,598577000.0,1432384000.0,846076000.0,,5093312000.0,340719000.0,,,880771000.0,,,,,2743693000.0,2519313000.0,-15143000.0,2340252000.0,5093312000.0,166602000.0,35492000.0,-34478000.0,18272000.0,-262670000.0,,-24266000.0,-120900000.0,,,521670000.0,,,,,15974000.0,129060000.0,,,-178063000.0,,,-277137000.0,68271000.0,100082000.0
2024-03-31,889273000.0,572894000.0,316379000.0,49410000.0,,249510000.0,66869000.0,-28358000.0,38511000.0,12033000.0,26232000.0,0.39,0.39,59849362.0,60486125.0,249355000.0,,520725000.0,1182350000.0,,,,2053913000.0,,605466000.0,1429495000.0,,,5129520000.0,381352000.0,,,897901000.0,,,,,2750091000.0,2542859000.0,-18832000.0,2367404000.0,5129520000.0,41902000.0,12440000.0,-5405000.0,-13664000.0,18109000.0,,920000.0,44682000.0,,,111898000.0,,,,,-0.0,26820000.0,,,-26637000.0,,,-36331000.0,48361000.0,
2024-06-30,1887470000.0,1195530000.0,691940000.0,103406000.0,,521836000.0,170104000.0,-52902000.0,117202000.0,31671000.0,85347000.0,1.38,1.36,59880336.0,60641740.0,218317000.0,,610322000.0,1152133000.0,,,,2055658000.0,,622947000.0,1432933000.0,,,5118566000.0,406296000.0,,,912557000.0,,,,,2746047000.0,2601974000.0,-43529000.0,2369713000.0,5118566000.0,84782000.0,25155000.0,-18140000.0,74467000.0,-12245000.0,,-12881000.0,73994000.0,,,189562000.0,,,,,17812000.0,54772000.0,,,-74024000.0,,,-96509000.0,17323000.0,
2024-09-30,3061033000.0,1896824000.0,1164209000.0,160342000.0,,825481000.0,338728000.0,-74295000.0,264433000.0,65124000.0,199089000.0,3.29,3.25,59720597.0,60475478.0,214177000.0,,658649000.0,1095758000.0,,,,2073375000.0,,639733000.0,1454172000.0,,,5186939000.0,424812000.0,,,1019474000.0,,,,,2774477000.0,2715716000.0,-27987000.0,2409439000.0,5186939000.0,127934000.0,38270000.0,-23546000.0,120137000.0,-73390000.0,,4348000.0,87343000.0,,,401847000.0,,,,,21784000.0,83399000.0,,,-141786000.0,,,-246567000.0,13183000.0,
,,,,,,,,,,,,,,,,,,,,,,,,,,,,,,,,,,,,,,,,,,,,,,,,,,,,,,,,,,,,,,,,,,,
,,,,,,,,,,,,,,,,,,,,,,,,,,,,,,,,,,,,,,,,,,,,,,,,,,,,,,,,,,,,,,,,,,,
,,,,,,,,,,,,,,,,,,,,,,,,,,,,,,,,,,,,,,,,,,,,,,,,,,,,,,,,,,,,,,,,,,,
,,,,,,,,,,,,,,,,,,,,,,,,,,,,,,,,,,,,,,,,,,,,,,,,,,,,,,,,,,,,,,,,,,,
,,,,,,,,,,,,,,,,,,,,,,,,,,,,,,,,,,,,,,,,,,,,,,,,,,,,,,,,,,,,,,,,,,,
,,,,,,,,,,,,,,,,,,,,,,,,,,,,,,,,,,,,,,,,,,,,,,,,,,,,,,,,,,,,,,,,,,,
,,,,,,,,,,,,,,,,,,,,,,,,,,,,,,,,,,,,,,,,,,,,,,,,,,,,,,,,,,,,,,,,,,,
