Date,Net sales,Cost of sales,Gross margin,Research and development,"Selling, general and administrative",Total operating expenses,Operating income,"Other income/(expense), net",Income before provision for income taxes,Provision for income taxes,Net income,Earnings per share basic,Earnings per share diluted,Weighted-average basic,Weighted-average diluted,Cash and cash equivalents,Short-term marketable securities,"Accounts receivable, net",Inventories,Deferred tax assets,Vendor non-trade receivables,Other current assets,Total current assets,Long-term marketable securities,"Property, Plant and Equipment, Net",Goodwill,"Acquired intangible assets, net","Other Assets, Noncurrent",Total assets,accounts payable,Accrued expenses,Deferred revenue,Total current liabilities,Deferred revenue - non-current,deferred tax liabilities,long term taxes payable,Total other non-current liabilities,Total liabilities,Retained Earnings (Accumulated Deficit),Accumulated other comprehensive (loss)/income,Total shareholders equity,Total liabilities and shareholders' equity,"Depreciation, amortization and accretion",Stock-based compensation expense,Deferred income tax expense,"Increase (Decrease) in Accounts receivable, net",Increase (Decrease) in Inventories,Increase (Decrease) in Other Receivables,Increase (Decrease) in Other Operating Assets,Increase (Decrease) in Accounts Payable,Increase (Decrease) in Deferred Revenue,Increase (Decrease) Other liabilities,Cash generated by operating activities,Purchases of marketable securities,Proceeds from maturities of marketable securities,Proceeds from sales of marketable securities,Purchases of other long-term investments,"Business acquisitions, net of cash acquired",Cash payments for capital asset purchases,Payments for acquisition of intangible assets,Payments for (Proceeds from) Other Investing Activities,Cash used in investing activities,Proceeds from issuance of common stock,Excess tax benefits from stock-based compensation,Cash generated/used in financing activities,Increase/(decrease) in cash and cash equivalents,"Cash paid for income taxes, net"
2015-09-30,53660000000.0,19976000000.0,,8772000000.0,,39680000000.0,13980000000.0,471000000.0,14451000000.0,3026000000.0,11425000000.0,,,,,18068000000.0,54699000000.0,9749000000.0,,2212000000.0,,,88103000000.0,,28338000000.0,15675000000.0,,,144281000000.0,1549000000.0,4598000000.0,705000000.0,18457000000.0,133000000.0,1976000000.0,,1884000000.0,,85969000000.0,-1592000000.0,116241000000.0,144281000000.0,,3767000000.0,-566000000.0,336000000.0,,,,-168000000.0,-55000000.0,,19609000000.0,,,,1771000000.0,,7815000000.0,,,-18224000000.0,,354000000.0,-1312000000.0,-279000000.0,
2015-12-31,74989000000.0,28164000000.0,,12282000000.0,,55629000000.0,19360000000.0,291000000.0,19651000000.0,3303000000.0,16348000000.0,,,,,16549000000.0,56517000000.0,11556000000.0,,62000000.0,,,90114000000.0,,29016000000.0,15869000000.0,3847000000.0,,147461000000.0,1931000000.0,4768000000.0,788000000.0,19310000000.0,151000000.0,189000000.0,,1822000000.0,,89223000000.0,-1874000000.0,120331000000.0,147461000000.0,,5203000000.0,-258000000.0,2094000000.0,,,,203000000.0,43000000.0,,26024000000.0,,,,2172000000.0,,9915000000.0,,,-23711000000.0,,548000000.0,-3677000000.0,-1798000000.0,
2016-03-31,20257000000.0,7648000000.0,,3367000000.0,,14915000000.0,5342000000.0,-213000000.0,5129000000.0,922000000.0,4207000000.0,,,,,15111000000.0,60153000000.0,10818000000.0,,,,,90955000000.0,,30162000000.0,15866000000.0,3657000000.0,,149747000000.0,1667000000.0,4517000000.0,933000000.0,17684000000.0,131000000.0,599000000.0,,1965000000.0,26178000000.0,91168000000.0,-1294000000.0,123569000000.0,149747000000.0,,1494000000.0,,-818000000.0,,,,-269000000.0,18000000.0,,7658000000.0,,,,321000000.0,,2428000000.0,,,-6245000000.0,,,-2911000000.0,-1438000000.0,
2016-06-30,41757000000.0,15778000000.0,,6730000000.0,,30447000000.0,11310000000.0,151000000.0,11248000000.0,2164000000.0,9084000000.0,,,,,13627000000.0,64833000000.0,11686000000.0,,,,,94238000000.0,,31413000000.0,15841000000.0,3452000000.0,,154292000000.0,1716000000.0,4502000000.0,900000000.0,17341000000.0,151000000.0,651000000.0,,2151000000.0,26413000000.0,94737000000.0,-1151000000.0,127879000000.0,154292000000.0,,2997000000.0,,17000000.0,,,,-221000000.0,3000000.0,,16778000000.0,,,,583000000.0,,4551000000.0,,,-13418000000.0,,,-6351000000.0,-2922000000.0,-24000000.0
2016-09-30,64208000000.0,24477000000.0,,10326000000.0,,47131000000.0,17077000000.0,278000000.0,17293000000.0,3148000000.0,14145000000.0,,,,,9406000000.0,73650000000.0,11979000000.0,559000000.0,,,,98546000000.0,,32753000000.0,16028000000.0,3367000000.0,,159948000000.0,2175000000.0,4840000000.0,923000000.0,14323000000.0,169000000.0,393000000.0,,2561000000.0,25845000000.0,99798000000.0,-1032000000.0,134103000000.0,159948000000.0,,4857000000.0,,299000000.0,,,,238000000.0,42000000.0,,26623000000.0,,,,673000000.0,,7134000000.0,,,-26463000000.0,,,-7440000000.0,-7143000000.0,934000000.0
2016-12-31,90272000000.0,35138000000.0,,13948000000.0,,66556000000.0,23716000000.0,434000000.0,24150000000.0,4672000000.0,19478000000.0,,,,,12918000000.0,73415000000.0,14137000000.0,268000000.0,157000000.0,,,105408000000.0,,34234000000.0,16468000000.0,3307000000.0,,167497000000.0,2041000000.0,6144000000.0,1099000000.0,16756000000.0,202000000.0,226000000.0,,2665000000.0,28461000000.0,105131000000.0,-2402000000.0,139036000000.0,167497000000.0,,6703000000.0,-120000000.0,2578000000.0,,,,110000000.0,223000000.0,,36036000000.0,,,,1109000000.0,,10212000000.0,,,-31165000000.0,,,-8332000000.0,-3631000000.0,1643000000.0
2017-03-31,24750000000.0,9795000000.0,,3942000000.0,,18182000000.0,6568000000.0,251000000.0,6819000000.0,1393000000.0,5426000000.0,7.85,7.73,,,18132000000.0,74307000000.0,12913000000.0,280000000.0,,,,108794000000.0,,35936000000.0,16547000000.0,3137000000.0,,172756000000.0,2306000000.0,5438000000.0,1148000000.0,15256000000.0,323000000.0,604000000.0,,2763000000.0,27807000000.0,109420000000.0,-2169000000.0,144949000000.0,172756000000.0,,2009000000.0,,-1267000000.0,,,,103000000.0,111000000.0,,9548000000.0,,,,354000000.0,,2508000000.0,,,-2851000000.0,,,-1674000000.0,5214000000.0,
2017-06-30,50760000000.0,20168000000.0,,8114000000.0,,40060000000.0,10700000000.0,496000000.0,11196000000.0,2246000000.0,8950000000.0,12.94,12.74,,,15711000000.0,79002000000.0,14003000000.0,398000000.0,,,,112386000000.0,,37676000000.0,16604000000.0,2933000000.0,,178621000000.0,2488000000.0,8560000000.0,1226000000.0,18685000000.0,345000000.0,,,2853000000.0,30335000000.0,111505000000.0,-1728000000.0,148286000000.0,178621000000.0,,4012000000.0,,-431000000.0,,,,119000000.0,195000000.0,,16951000000.0,,,,694000000.0,,5339000000.0,,,-10023000000.0,,,-4414000000.0,2793000000.0,
2017-09-30,78532000000.0,31316000000.0,,12319000000.0,,60050000000.0,18482000000.0,693000000.0,19175000000.0,3493000000.0,15682000000.0,22.65,22.3,,,10581000000.0,89562000000.0,15295000000.0,765000000.0,,,2860000000.0,119345000000.0,,40120000000.0,16731000000.0,2883000000.0,2683000000.0,189536000000.0,2674000000.0,9307000000.0,1269000000.0,20693000000.0,346000000.0,,,2924000000.0,32436000000.0,118237000000.0,-746000000.0,157100000000.0,189536000000.0,,5832000000.0,,719000000.0,,,2086000000.0,58000000.0,228000000.0,,26823000000.0,,,,871000000.0,,8877000000.0,,,-24427000000.0,,,-5120000000.0,-2337000000.0,
2017-12-31,110855000000.0,45583000000.0,,16625000000.0,,84709000000.0,26146000000.0,1047000000.0,27193000000.0,14531000000.0,12662000000.0,,,,,10715000000.0,91156000000.0,18336000000.0,749000000.0,250000000.0,,2983000000.0,124308000000.0,,42383000000.0,16747000000.0,2692000000.0,2672000000.0,197295000000.0,3137000000.0,10177000000.0,1432000000.0,24183000000.0,340000000.0,,,3059000000.0,44793000000.0,113247000000.0,-992000000.0,152502000000.0,197295000000.0,,7700000000.0,177000000.0,3768000000.0,,,2164000000.0,731000000.0,390000000.0,,37091000000.0,,,,1745000000.0,,13184000000.0,,,-31401000000.0,,,-8298000000.0,-2203000000.0,6191000000.0
2018-03-31,31146000000.0,13467000000.0,,5039000000.0,,24145000000.0,7001000000.0,3542000000.0,10543000000.0,1142000000.0,9401000000.0,13.53,13.33,,,12658000000.0,90227000000.0,16777000000.0,636000000.0,,,3426000000.0,123761000000.0,,48845000000.0,17862000000.0,2809000000.0,2004000000.0,206935000000.0,3526000000.0,10065000000.0,1596000000.0,25394000000.0,315000000.0,,12885000000.0,3149000000.0,46110000000.0,120008000000.0,-670000000.0,160825000000.0,206935000000.0,,2457000000.0,,-1700000000.0,,,241000000.0,122000000.0,130000000.0,,11642000000.0,,,,327000000.0,,7299000000.0,,,-7846000000.0,,,-2018000000.0,1943000000.0,
2018-06-30,63803000000.0,27350000000.0,,10153000000.0,,53995000000.0,9808000000.0,4950000000.0,14758000000.0,2162000000.0,12596000000.0,18.13,17.89,,,14148000000.0,88106000000.0,17043000000.0,698000000.0,,,3961000000.0,124157000000.0,,51672000000.0,17895000000.0,2662000000.0,3052000000.0,211610000000.0,3369000000.0,15261000000.0,1714000000.0,29903000000.0,,,11652000000.0,3237000000.0,49610000000.0,121282000000.0,-1525000000.0,162000000000.0,211610000000.0,,4870000000.0,,-1388000000.0,,,756000000.0,-23000000.0,295000000.0,,21774000000.0,,,,732000000.0,,12776000000.0,,,-11220000000.0,,,-6955000000.0,3433000000.0,
2018-09-30,97543000000.0,41631000000.0,,15385000000.0,,79425000000.0,18118000000.0,6723000000.0,24841000000.0,3053000000.0,21788000000.0,31.34,30.95,,,13443000000.0,92973000000.0,17897000000.0,1212000000.0,,,4007000000.0,129702000000.0,,55300000000.0,17895000000.0,2448000000.0,2838000000.0,221538000000.0,3789000000.0,15936000000.0,1752000000.0,31301000000.0,,,11562000000.0,3214000000.0,51698000000.0,128405000000.0,-1676000000.0,169840000000.0,221538000000.0,,7100000000.0,,-718000000.0,,,1240000000.0,293000000.0,272000000.0,,34984000000.0,,,,1118000000.0,,18058000000.0,,,-21628000000.0,,,-10433000000.0,2728000000.0,
2018-12-31,136819000000.0,59549000000.0,,21419000000.0,,110498000000.0,26321000000.0,8592000000.0,34913000000.0,4177000000.0,30736000000.0,44.22,43.7,,,16701000000.0,92439000000.0,20838000000.0,1107000000.0,2964000000.0,,4236000000.0,135676000000.0,,59719000000.0,17888000000.0,2220000000.0,2693000000.0,232792000000.0,4378000000.0,16958000000.0,1784000000.0,34620000000.0,,,11327000000.0,3545000000.0,55164000000.0,134885000000.0,-2306000000.0,177628000000.0,232792000000.0,,9353000000.0,773000000.0,2169000000.0,,,1207000000.0,1067000000.0,371000000.0,,47971000000.0,,,,2073000000.0,,25139000000.0,,,-28504000000.0,,,-13179000000.0,5986000000.0,5671000000.0
2019-03-31,36339000000.0,16012000000.0,,6029000000.0,,29731000000.0,6608000000.0,1538000000.0,8146000000.0,1489000000.0,6657000000.0,9.58,9.5,,,19148000000.0,94340000000.0,19149000000.0,1053000000.0,,,4406000000.0,138207000000.0,,60528000000.0,17943000000.0,2063000000.0,2547000000.0,245349000000.0,3710000000.0,19382000000.0,1667000000.0,34910000000.0,,,11605000000.0,1417000000.0,61877000000.0,138720000000.0,-1780000000.0,183472000000.0,245349000000.0,,2800000000.0,,-1172000000.0,,,265000000.0,-425000000.0,-81000000.0,,12000000000.0,,,,907000000.0,,4638000000.0,,,-5388000000.0,,,-4183000000.0,2447000000.0,
2019-06-30,75283000000.0,33308000000.0,,12242000000.0,,59495000000.0,15788000000.0,4505000000.0,20293000000.0,3689000000.0,16604000000.0,23.91,23.71,,,16587000000.0,104469000000.0,20965000000.0,964000000.0,,,4100000000.0,147437000000.0,,64891000000.0,18000000000.0,1902000000.0,2461000000.0,257101000000.0,3925000000.0,19823000000.0,1717000000.0,37000000000.0,,,10969000000.0,1499000000.0,64909000000.0,145346000000.0,-1091000000.0,192192000000.0,257101000000.0,,5525000000.0,,-26000000.0,,,176000000.0,-443000000.0,-90000000.0,,24627000000.0,,,,1095000000.0,,10764000000.0,,-89000000.0,-15843000000.0,,,-8929000000.0,-114000000.0,
2019-09-30,115782000000.0,50876000000.0,,18796000000.0,,90817000000.0,24965000000.0,3956000000.0,28921000000.0,5249000000.0,23672000000.0,34.12,33.83,,,16032000000.0,105145000000.0,20889000000.0,1401000000.0,,,4699000000.0,148358000000.0,,69252000000.0,18069000000.0,1747000000.0,2225000000.0,263044000000.0,4142000000.0,21038000000.0,1679000000.0,39224000000.0,,,11355000000.0,1637000000.0,68075000000.0,147125000000.0,-1196000000.0,194969000000.0,263044000000.0,,8149000000.0,,-25000000.0,,,787000000.0,-386000000.0,-149000000.0,,40093000000.0,,,,1499000000.0,,17496000000.0,,-468000000.0,-24788000000.0,,,-15883000000.0,-669000000.0,
2019-12-31,161857000000.0,71896000000.0,,26018000000.0,,127626000000.0,34231000000.0,5394000000.0,39625000000.0,5282000000.0,34343000000.0,49.59,49.16,,,18498000000.0,101177000000.0,25326000000.0,999000000.0,4730000000.0,,4412000000.0,152578000000.0,,,20624000000.0,1979000000.0,2342000000.0,275909000000.0,5561000000.0,23067000000.0,1908000000.0,45221000000.0,,,9885000000.0,2534000000.0,74467000000.0,152122000000.0,-1232000000.0,201442000000.0,275909000000.0,,10794000000.0,145000000.0,4340000000.0,,,621000000.0,428000000.0,37000000.0,,54520000000.0,,,,1932000000.0,,23548000000.0,,-589000000.0,-29491000000.0,,,-23209000000.0,1797000000.0,8203000000.0
2020-03-31,41159000000.0,18982000000.0,,6820000000.0,,33182000000.0,7977000000.0,-220000000.0,7757000000.0,921000000.0,6836000000.0,9.96,9.87,,,19644000000.0,97585000000.0,21825000000.0,889000000.0,,,5165000000.0,147018000000.0,,,20734000000.0,1840000000.0,2748000000.0,273403000000.0,4099000000.0,22601000000.0,1938000000.0,40189000000.0,,,9207000000.0,2427000000.0,69744000000.0,151068000000.0,-1097000000.0,203659000000.0,273403000000.0,,3191000000.0,,-2602000000.0,,,115000000.0,-835000000.0,37000000.0,,11451000000.0,,,,572000000.0,,6005000000.0,,-412000000.0,-1847000000.0,,,-8186000000.0,1146000000.0,
2020-06-30,79456000000.0,37535000000.0,,13695000000.0,,65096000000.0,14360000000.0,1894000000.0,16034000000.0,2239000000.0,13795000000.0,20.16,20.0,,,17742000000.0,103338000000.0,21201000000.0,815000000.0,,,5579000000.0,149069000000.0,,,20824000000.0,1697000000.0,2731000000.0,278492000000.0,4064000000.0,24426000000.0,2061000000.0,43658000000.0,,,8599000000.0,1992000000.0,71170000000.0,151681000000.0,-296000000.0,207322000000.0,278492000000.0,,6573000000.0,,-2522000000.0,,,359000000.0,-689000000.0,148000000.0,,25444000000.0,,,,1311000000.0,,11396000000.0,,-531000000.0,-10295000000.0,,,-15684000000.0,-756000000.0,
2020-09-30,125629000000.0,58652000000.0,,20551000000.0,,100056000000.0,25573000000.0,3820000000.0,29393000000.0,4351000000.0,25042000000.0,36.69,36.38,,,20129000000.0,112467000000.0,24925000000.0,835000000.0,,,5425000000.0,164369000000.0,,,20870000000.0,1520000000.0,3274000000.0,299243000000.0,4391000000.0,25631000000.0,2302000000.0,48200000000.0,,,8616000000.0,2194000000.0,86323000000.0,155567000000.0,46000000.0,212920000000.0,299243000000.0,,9768000000.0,,1079000000.0,,,592000000.0,-269000000.0,428000000.0,,42447000000.0,,,,1864000000.0,,16802000000.0,,-125000000.0,-25492000000.0,,,-15138000000.0,1631000000.0,
2020-12-31,182527000000.0,84732000000.0,,27573000000.0,,141303000000.0,41224000000.0,6858000000.0,48082000000.0,7813000000.0,40269000000.0,59.15,58.61,,,26465000000.0,110229000000.0,30930000000.0,728000000.0,6740000000.0,,5490000000.0,174296000000.0,,84749000000.0,21175000000.0,1445000000.0,3953000000.0,319616000000.0,5589000000.0,28631000000.0,2543000000.0,56834000000.0,,,8849000000.0,2269000000.0,97072000000.0,163401000000.0,633000000.0,222544000000.0,319616000000.0,,12991000000.0,1337000000.0,6524000000.0,,,1330000000.0,694000000.0,635000000.0,,65124000000.0,,,,7175000000.0,,22281000000.0,,-68000000.0,-32773000000.0,,,-24408000000.0,7967000000.0,4990000000.0
2021-03-31,55314000000.0,24103000000.0,,7485000000.0,,38877000000.0,16437000000.0,4846000000.0,21283000000.0,3353000000.0,17930000000.0,26.63,26.29,,,26622000000.0,108482000000.0,28006000000.0,888000000.0,,,7646000000.0,172137000000.0,,,22341000000.0,1823000000.0,4167000000.0,327095000000.0,4801000000.0,30732000000.0,2690000000.0,55453000000.0,,,9278000000.0,2146000000.0,97082000000.0,170580000000.0,-3000000.0,230013000000.0,327095000000.0,,3745000000.0,,-2794000000.0,,,-7000000.0,-982000000.0,137000000.0,,19289000000.0,,,,646000000.0,,5942000000.0,,-30000000.0,-5383000000.0,,,-13606000000.0,157000000.0,
2021-06-30,117194000000.0,50330000000.0,,15160000000.0,,81396000000.0,35798000000.0,7470000000.0,43268000000.0,6813000000.0,36455000000.0,54.32,53.54,,,23630000000.0,112233000000.0,31967000000.0,907000000.0,,,6076000000.0,175697000000.0,,,22406000000.0,1626000000.0,4298000000.0,335387000000.0,4708000000.0,28981000000.0,2715000000.0,55741000000.0,,,8651000000.0,2270000000.0,97822000000.0,176939000000.0,190000000.0,237565000000.0,335387000000.0,,7548000000.0,,867000000.0,,,192000000.0,-1112000000.0,134000000.0,,41179000000.0,,,,1412000000.0,,11438000000.0,,-53000000.0,-14457000000.0,,,-29597000000.0,-2835000000.0,
2021-09-30,182312000000.0,77951000000.0,,22854000000.0,,125483000000.0,56829000000.0,9503000000.0,66332000000.0,10941000000.0,55391000000.0,82.76,81.53,,,23719000000.0,118284000000.0,34047000000.0,1278000000.0,,,6029000000.0,184110000000.0,,,22623000000.0,1549000000.0,4276000000.0,347403000000.0,4616000000.0,30113000000.0,2968000000.0,61782000000.0,,,8984000000.0,2250000000.0,102836000000.0,183782000000.0,-408000000.0,244567000000.0,347403000000.0,,11422000000.0,,3276000000.0,,,1447000000.0,-874000000.0,406000000.0,,66718000000.0,,,,2068000000.0,,18257000000.0,,-441000000.0,-24507000000.0,,,-44851000000.0,-2746000000.0,
2021-12-31,257637000000.0,110939000000.0,,31562000000.0,,178923000000.0,78714000000.0,12020000000.0,90734000000.0,14701000000.0,76033000000.0,113.88,112.2,,,20945000000.0,118704000000.0,39304000000.0,1170000000.0,7667000000.0,,7054000000.0,188143000000.0,,97599000000.0,22956000000.0,1417000000.0,5361000000.0,359268000000.0,6037000000.0,31236000000.0,3288000000.0,64254000000.0,,,9176000000.0,2205000000.0,107633000000.0,191484000000.0,-1623000000.0,251635000000.0,359268000000.0,,15376000000.0,1883000000.0,9095000000.0,,,1846000000.0,283000000.0,774000000.0,,91652000000.0,,,,2838000000.0,,24640000000.0,,-541000000.0,-35523000000.0,,,-61362000000.0,-5520000000.0,13412000000.0
2022-03-31,68011000000.0,29599000000.0,,9119000000.0,,47917000000.0,20094000000.0,-1160000000.0,18934000000.0,2498000000.0,16436000000.0,24.9,24.62,,,20886000000.0,113084000000.0,34703000000.0,1369000000.0,,,6892000000.0,177853000000.0,,,23010000000.0,1313000000.0,5778000000.0,357096000000.0,3436000000.0,33051000000.0,3198000000.0,61948000000.0,,,9406000000.0,2242000000.0,103092000000.0,195221000000.0,-4049000000.0,254004000000.0,357096000000.0,,4504000000.0,,-4364000000.0,,,776000000.0,-2373000000.0,-94000000.0,,25106000000.0,,,,776000000.0,,9786000000.0,,-355000000.0,-9051000000.0,,,-16214000000.0,-59000000.0,
2022-06-30,137696000000.0,59703000000.0,,18960000000.0,,98149000000.0,39547000000.0,-1599000000.0,37948000000.0,5510000000.0,32438000000.0,2.46,2.44,,,17936000000.0,107061000000.0,35707000000.0,1980000000.0,,,8321000000.0,172371000000.0,,,23949000000.0,1377000000.0,5712000000.0,355185000000.0,4409000000.0,32976000000.0,3272000000.0,61354000000.0,,,8163000000.0,2422000000.0,99766000000.0,196845000000.0,-5828000000.0,255419000000.0,355185000000.0,,9286000000.0,,-2395000000.0,,,1621000000.0,-1172000000.0,-8000000.0,,44528000000.0,,,,1264000000.0,,16614000000.0,,-576000000.0,-13238000000.0,,,-34031000000.0,-3009000000.0,
2022-09-30,206788000000.0,90861000000.0,,29233000000.0,,150106000000.0,56682000000.0,-2501000000.0,54181000000.0,7833000000.0,46348000000.0,3.53,3.5,,,21984000000.0,94275000000.0,34697000000.0,3156000000.0,,,10518000000.0,166109000000.0,,,28834000000.0,2192000000.0,5670000000.0,358255000000.0,6303000000.0,35038000000.0,3585000000.0,65979000000.0,,,8572000000.0,2371000000.0,104629000000.0,196220000000.0,-8852000000.0,253626000000.0,358255000000.0,,14262000000.0,,-2298000000.0,,,4268000000.0,735000000.0,104000000.0,,67881000000.0,,,,1628000000.0,,23890000000.0,,-1367000000.0,-14071000000.0,,,-52128000000.0,1039000000.0,
2022-12-31,282836000000.0,126203000000.0,,39500000000.0,,207994000000.0,74842000000.0,-3514000000.0,71328000000.0,11356000000.0,59972000000.0,4.59,4.56,,,21879000000.0,91883000000.0,40258000000.0,2670000000.0,4747000000.0,,8105000000.0,164795000000.0,803000000.0,112668000000.0,28960000000.0,2084000000.0,6623000000.0,365264000000.0,5128000000.0,37866000000.0,3908000000.0,69300000000.0,,,9258000000.0,2247000000.0,109120000000.0,195563000000.0,-7603000000.0,256144000000.0,365264000000.0,,19362000000.0,-8198000000.0,2317000000.0,,,5046000000.0,707000000.0,367000000.0,,91495000000.0,,,,2531000000.0,,31485000000.0,,-1589000000.0,-20298000000.0,,,-69757000000.0,934000000.0,18892000000.0
2023-03-31,69787000000.0,30612000000.0,,11468000000.0,,52372000000.0,17415000000.0,790000000.0,18205000000.0,3154000000.0,15051000000.0,1.18,1.17,,,25924000000.0,89178000000.0,36036000000.0,2315000000.0,,,8532000000.0,161985000000.0,920000000.0,,28994000000.0,1968000000.0,6439000000.0,369491000000.0,4184000000.0,43185000000.0,3715000000.0,68854000000.0,,,9722000000.0,2373000000.0,108597000000.0,196625000000.0,-6000000000.0,260894000000.0,369491000000.0,,5284000000.0,,-4454000000.0,,,746000000.0,-1105000000.0,-201000000.0,,23509000000.0,,,,626000000.0,,6289000000.0,,125000000.0,-2946000000.0,,,-16568000000.0,4045000000.0,
2023-06-30,144391000000.0,62528000000.0,,22056000000.0,,105138000000.0,39253000000.0,855000000.0,40108000000.0,6689000000.0,33419000000.0,2.63,2.61,,,25929000000.0,92403000000.0,38804000000.0,2231000000.0,,,9421000000.0,168788000000.0,892000000.0,,29210000000.0,1966000000.0,6822000000.0,383044000000.0,5313000000.0,49300000000.0,3846000000.0,77709000000.0,,,8753000000.0,1765000000.0,115903000000.0,200884000000.0,-5991000000.0,267141000000.0,383044000000.0,,11058000000.0,,-1506000000.0,,,1259000000.0,14000000.0,-17000000.0,,52175000000.0,,,,1513000000.0,,13177000000.0,,357000000.0,-13746000000.0,,,-34403000000.0,4050000000.0,
2023-09-30,221084000000.0,95757000000.0,,33314000000.0,,160488000000.0,60596000000.0,709000000.0,61305000000.0,8197000000.0,53108000000.0,4.19,4.16,,,30702000000.0,89233000000.0,41020000000.0,2957000000.0,,,12398000000.0,176310000000.0,958000000.0,,29146000000.0,1833000000.0,7628000000.0,396711000000.0,5803000000.0,55602000000.0,4303000000.0,86295000000.0,,,8038000000.0,1433000000.0,123509000000.0,205647000000.0,-7036000000.0,273202000000.0,396711000000.0,,16801000000.0,,1315000000.0,,,2883000000.0,237000000.0,690000000.0,,82831000000.0,,,,2176000000.0,,21232000000.0,,985000000.0,-20896000000.0,,,-52785000000.0,8823000000.0,
2023-12-31,307394000000.0,133332000000.0,,45427000000.0,,223101000000.0,84293000000.0,1424000000.0,85717000000.0,11922000000.0,73795000000.0,5.84,5.8,,,24048000000.0,86868000000.0,47964000000.0,,11684000000.0,,12650000000.0,171530000000.0,1400000000.0,134345000000.0,29198000000.0,,10051000000.0,402392000000.0,7493000000.0,46168000000.0,4137000000.0,81814000000.0,,,8474000000.0,1616000000.0,119013000000.0,211247000000.0,-4402000000.0,283379000000.0,402392000000.0,,22460000000.0,-7729000000.0,7833000000.0,,,2143000000.0,664000000.0,525000000.0,,101746000000.0,,,,3027000000.0,,32251000000.0,,1051000000.0,-27063000000.0,,,-72093000000.0,2169000000.0,19164000000.0
2024-03-31,80539000000.0,33712000000.0,,11903000000.0,,55067000000.0,25472000000.0,2843000000.0,28315000000.0,4653000000.0,23662000000.0,1.91,1.89,,,24493000000.0,83597000000.0,44552000000.0,,,,12829000000.0,165471000000.0,1400000000.0,143182000000.0,29183000000.0,,10065000000.0,407350000000.0,6198000000.0,48603000000.0,3973000000.0,76997000000.0,,,9234000000.0,1683000000.0,114506000000.0,219770000000.0,-4839000000.0,292844000000.0,407350000000.0,,5264000000.0,,-3167000000.0,,,1000000000.0,-2124000000.0,-141000000.0,,28848000000.0,,,,1206000000.0,,12012000000.0,,-101000000.0,-8564000000.0,,,-19714000000.0,445000000.0,
2024-06-30,165281000000.0,69219000000.0,,23763000000.0,,112384000000.0,52897000000.0,2969000000.0,55866000000.0,8585000000.0,47281000000.0,3.82,3.78,12379000000.0,12511000000.0,27225000000.0,73500000000.0,47087000000.0,,,,14183000000.0,161995000000.0,276000000.0,151155000000.0,29185000000.0,,9699000000.0,414770000000.0,6092000000.0,47298000000.0,4251000000.0,77913000000.0,,,7703000000.0,1753000000.0,114017000000.0,226033000000.0,-5012000000.0,300753000000.0,414770000000.0,,11129000000.0,,-110000000.0,,,1532000000.0,-563000000.0,220000000.0,,55488000000.0,,,,2199000000.0,,25198000000.0,,32000000.0,-11345000000.0,,,-40603000000.0,3177000000.0,
2024-09-30,253549000000.0,105693000000.0,,36210000000.0,,172131000000.0,81418000000.0,6154000000.0,87572000000.0,13990000000.0,73582000000.0,5.96,5.9,12349000000.0,12480000000.0,19959000000.0,73271000000.0,49104000000.0,,,,15207000000.0,157541000000.0,253000000.0,161270000000.0,31935000000.0,,13867000000.0,430266000000.0,7049000000.0,46585000000.0,4896000000.0,80803000000.0,,,8219000000.0,1453000000.0,116147000000.0,235317000000.0,-3228000000.0,314119000000.0,430266000000.0,,16975000000.0,,1321000000.0,,,2334000000.0,-42000000.0,860000000.0,,86186000000.0,,,,3234000000.0,,38259000000.0,,2500000000.0,-29356000000.0,,,-60697000000.0,-4089000000.0,
