Date,Net sales,Cost of sales,Gross margin,Research and development,"Selling, general and administrative",Total operating expenses,Operating income,"Other income/(expense), net",Income before provision for income taxes,Provision for income taxes,Net income,Earnings per share basic,Earnings per share diluted,Weighted-average basic,Weighted-average diluted,Cash and cash equivalents,Short-term marketable securities,"Accounts receivable, net",Inventories,Deferred tax assets,Vendor non-trade receivables,Other current assets,Total current assets,Long-term marketable securities,"Property, Plant and Equipment, Net",Goodwill,"Acquired intangible assets, net","Other Assets, Noncurrent",Total assets,accounts payable,Accrued expenses,Deferred revenue,Total current liabilities,Deferred revenue - non-current,deferred tax liabilities,long term taxes payable,Total other non-current liabilities,Total liabilities,Retained Earnings (Accumulated Deficit),Accumulated other comprehensive (loss)/income,Total shareholders equity,Total liabilities and shareholders' equity,"Depreciation, amortization and accretion",Stock-based compensation expense,Deferred income tax expense,"Increase (Decrease) in Accounts receivable, net",Increase (Decrease) in Inventories,Increase (Decrease) in Other Receivables,Increase (Decrease) in Other Operating Assets,Increase (Decrease) in Accounts Payable,Increase (Decrease) in Deferred Revenue,Increase (Decrease) Other liabilities,Cash generated by operating activities,Purchases of marketable securities,Proceeds from maturities of marketable securities,Proceeds from sales of marketable securities,Purchases of other long-term investments,"Business acquisitions, net of cash acquired",Cash payments for capital asset purchases,Payments for acquisition of intangible assets,Payments for (Proceeds from) Other Investing Activities,Cash used in investing activities,Proceeds from issuance of common stock,Excess tax benefits from stock-based compensation,Cash generated/used in financing activities,Increase/(decrease) in cash and cash equivalents,"Cash paid for income taxes, net"
2009-12-31,,,3009762000.0,,2219935000.0,2338809000.0,,-26788000.0,644165000.0,,,2.51,2.5,159410000.0,159707000.0,336803000.0,,,2214076000.0,,,,4032828000.0,,485024000.0,,,147583000.0,5004689000.0,1094347000.0,,,1408284000.0,,,,166836000.0,,2772309000.0,-309897000.0,2621330000.0,5004689000.0,-90411000.0,-8578000.0,-27899000.0,69258000.0,194743000.0,,-28506000.0,,,,845298000.0,,,,,134203000.0,69445000.0,,,-264420000.0,,-684000.0,-330383000.0,269026000.0,
2010-03-31,,,760475000.0,,576217000.0,598360000.0,,,162115000.0,,,0.63,0.63,158771000.0,159179000.0,333537000.0,,,2211457000.0,,,,4146231000.0,,477269000.0,,,172723000.0,5168762000.0,1185177000.0,185260000.0,,1514129000.0,,,,169500000.0,,2802369000.0,-283579000.0,2677582000.0,5168762000.0,-22143000.0,-1091000.0,,,,,,,,,139645000.0,,,,,65772000.0,9850000.0,,,-75622000.0,,,-70269000.0,-3266000.0,
2010-06-30,,,1582785000.0,,1174548000.0,1219877000.0,,,362908000.0,,,1.42,1.42,158514000.0,158917000.0,411872000.0,,,2164548000.0,,,,4210497000.0,,469150000.0,,,173730000.0,5219360000.0,1286681000.0,188511000.0,,1575373000.0,,,,173957000.0,,2815427000.0,-308540000.0,2664500000.0,5219360000.0,45329000.0,3133000.0,,,,,,,,,354622000.0,,,,,67693000.0,27912000.0,,,-95605000.0,,-1085000.0,-187465000.0,75069000.0,
2010-09-30,,,2435816000.0,,1792997000.0,1860419000.0,,,575397000.0,,,2.26,2.25,158197000.0,158595000.0,531731000.0,,,2182413000.0,,,,4391301000.0,,478436000.0,,,184548000.0,5413770000.0,1371718000.0,238439000.0,,1720885000.0,,,,175777000.0,,2880155000.0,-268502000.0,2769188000.0,5413770000.0,67422000.0,4674000.0,,,,,,,,,568422000.0,,,,,83080000.0,58931000.0,,,-142011000.0,,1500000.0,-254074000.0,194928000.0,
2010-12-31,,,3252944000.0,,2366667000.0,2466596000.0,,-24565000.0,761783000.0,286272000.0,,3.01,3.0,158032000.0,158461000.0,529968000.0,,,2224717000.0,139592000.0,,,4414887000.0,,484130000.0,,,199087000.0,5465044000.0,1374930000.0,,,1971814000.0,,,,181709000.0,,2934535000.0,-298352000.0,2793819000.0,5465044000.0,89332000.0,7016000.0,11994000.0,140562000.0,-44865000.0,,48423000.0,,,,678663000.0,,,,,90645000.0,85379000.0,,,-172348000.0,,3251000.0,-320569000.0,193165000.0,
2011-03-31,,,848794000.0,,634269000.0,656814000.0,,,191980000.0,,,0.8,0.8,157633000.0,158656000.0,465882000.0,,,2236758000.0,,,,4495229000.0,,479816000.0,,,209656000.0,5569520000.0,1369542000.0,238483000.0,,2003636000.0,,,,184584000.0,,2982748000.0,-270029000.0,2870262000.0,5569520000.0,-22545000.0,-512000.0,,,,,,,,,53411000.0,,,,,33903000.0,14534000.0,,,-48437000.0,,529000.0,-72557000.0,-64086000.0,
2011-06-30,,,1764908000.0,,1285904000.0,1331377000.0,,,433531000.0,,,1.77,1.76,157439000.0,158427000.0,516728000.0,,,2251595000.0,,,,4633291000.0,,486283000.0,,,218450000.0,5717001000.0,1492041000.0,261099000.0,,2107415000.0,,,,184362000.0,,3023737000.0,-258480000.0,2922024000.0,5717001000.0,45473000.0,4023000.0,,,,,,,,,249951000.0,,,,,38126000.0,41748000.0,,,-79874000.0,,1802000.0,-187862000.0,-13240000.0,
2011-09-30,,,2713440000.0,,1965871000.0,2032809000.0,752771000.0,,680631000.0,,,2.74,2.72,157024000.0,157989000.0,534801000.0,,,2250309000.0,,,,4646313000.0,,479547000.0,,,227615000.0,5784718000.0,1587326000.0,288388000.0,,2240660000.0,,,,189791000.0,,3051467000.0,-325392000.0,2881728000.0,5784718000.0,66938000.0,5835000.0,,,,,,,,,497408000.0,,,,,105129000.0,63932000.0,,,-169061000.0,,2446000.0,-315511000.0,4833000.0,
2011-12-31,,,3606040000.0,,2594372000.0,2696556000.0,980221000.0,-18678000.0,890806000.0,325690000.0,,3.61,3.58,156656000.0,157660000.0,525054000.0,,,2261997000.0,233656000.0,,,4576596000.0,,500204000.0,,,272110000.0,5879591000.0,1440762000.0,,,1812073000.0,,,,280978000.0,,3109622000.0,-482038000.0,2783235000.0,5879591000.0,88936000.0,7547000.0,-2337000.0,85011000.0,19624000.0,,12943000.0,,,,624927000.0,,,,,136936000.0,103469000.0,,,-231497000.0,,5356000.0,-394140000.0,-4914000.0,
2012-03-31,,,919111000.0,,667958000.0,690943000.0,248370000.0,,228168000.0,,,0.94,0.93,155810000.0,156949000.0,424424000.0,,,2264398000.0,,,,4601546000.0,,500845000.0,,,453955000.0,6095829000.0,1559874000.0,208061000.0,,1931369000.0,,,,282534000.0,,3182118000.0,-453519000.0,2884509000.0,6095829000.0,22985000.0,1749000.0,,,,,,,,,172297000.0,,,,,,16889000.0,,,-205807000.0,,5335000.0,-68102000.0,-100630000.0,
2012-06-30,,,1891397000.0,,1348204000.0,1395924000.0,539945000.0,,495473000.0,,,2.02,2.01,155781000.0,156854000.0,171577000.0,,,2333592000.0,,,,4423375000.0,,567013000.0,,,455992000.0,6184929000.0,1599695000.0,268691000.0,,1978256000.0,,,,289534000.0,,3225152000.0,-458444000.0,2921809000.0,6184929000.0,47720000.0,5099000.0,,,,,,,,,421313000.0,,,,,,51368000.0,,,-577269000.0,,7174000.0,-197931000.0,-353477000.0,
2012-09-30,,,2867433000.0,,2027098000.0,2100427000.0,828711000.0,,767006000.0,,,3.14,3.11,155568.0,156606.0,398118000.0,,,2351321000.0,,,,4664575000.0,,560900000.0,,,483370000.0,6445882000.0,1754253000.0,243868000.0,,2101617000.0,,,,301988000.0,,3321517000.0,-420845000.0,3055803000.0,6445882000.0,,8098000.0,,,,,,,,,764820000.0,,,,,,71627000.0,,,-617005000.0,,9239000.0,-277747000.0,-126936000.0,
2012-12-31,,,3778091000.0,,2648430000.0,2754860000.0,1078148000.0,-4299000.0,1018932000.0,370891000.0,,4.17,4.14,155413.0,156420.0,403095000.0,,,2602560000.0,278252000.0,,,4820131000.0,,566365000.0,,,643263000.0,6807061000.0,1681900000.0,,,2487638000.0,,,,488256000.0,,3344538000.0,-501492000.0,2997887000.0,6807061000.0,98383000.0,10747000.0,14751000.0,-13365000.0,25845000.0,,45248000.0,,,,906438000.0,,,,,,101987000.0,,,-651867000.0,,11018000.0,-378834000.0,-121959000.0,
2013-03-31,,,921748000.0,,673612000.0,699611000.0,243581000.0,,222137000.0,,,0.93,0.93,154891.0,155931.0,841894000.0,,,2560077000.0,,,,5351604000.0,,581279000.0,,,639335000.0,7338462000.0,1800726000.0,406204000.0,,3023314000.0,,,,485162000.0,,3407317000.0,-497934000.0,3064349000.0,7338462000.0,,2477000.0,,,,,,,,,116378000.0,,,,,,12924000.0,,,-19669000.0,,3840000.0,337406000.0,438799000.0,
2013-06-30,,,2026856000.0,,1427139000.0,1489991000.0,560843000.0,,536865000.0,,,2.33,2.31,155050000.0,156144000.0,196770000.0,,,2799150000.0,,,,5107741000.0,,642955000.0,,,459320000.0,7660313000.0,2064878000.0,513695000.0,,3322947000.0,,,,506655000.0,,3521735000.0,-600223000.0,3076371000.0,7660313000.0,,5455000.0,,,,,,,,,467078000.0,,,,,,50807000.0,,,-646912000.0,,9410000.0,-17212000.0,-206325000.0,
2013-09-30,,,3127779000.0,,2221096000.0,2319168000.0,861324000.0,,808611000.0,,,3.45,3.43,154835000.0,155917000.0,320870000.0,,,2832108000.0,,,,5295475000.0,,648503000.0,,,462172000.0,7943903000.0,2213190000.0,554850000.0,,3454094000.0,,,,514717000.0,,3570356000.0,-581652000.0,3143061000.0,7943903000.0,,8932000.0,,,,,,,,,837485000.0,,,,,,84146000.0,,,-698255000.0,,12020000.0,-212947000.0,-82225000.0,
2013-12-31,,,4219920000.0,,3019036000.0,3161684000.0,,-13932000.0,1044304000.0,359345000.0,,4.43,4.4,154636000.0,155714000.0,196893000.0,,,2946021000.0,36404000.0,,,5221491000.0,,670061000.0,789971000.0,,401834000.0,7680297000.0,2269671000.0,,,3183044000.0,,,,414998000.0,,3578021000.0,-397655000.0,3349074000.0,7680297000.0,,12648000.0,-21622000.0,116080000.0,79253000.0,,,,,,1056731000.0,,,,,650000000.0,124063000.0,,,-825579000.0,,12905000.0,-425117000.0,-206202000.0,
2014-03-31,,,1084630000.0,,803802000.0,840658000.0,282635000.0,,243972000.0,86488000.0,,1.02,1.02,153729000.0,154796000.0,103472000.0,,,2974306000.0,,,,5346431000.0,,664689000.0,848682000.0,,468903000.0,7982374000.0,2335327000.0,522552000.0,,3422738000.0,,,,423063000.0,,3624642000.0,-393762000.0,3401762000.0,7982374000.0,,3073000.0,,,,,,,,,59779000.0,,,,,,18387000.0,,,-175240000.0,,4106000.0,23319000.0,-93421000.0,
2014-06-30,,,2263798000.0,,1636006000.0,1709646000.0,632392000.0,,554152000.0,198941000.0,,2.31,2.3,153595000.0,154658000.0,152863000.0,,,2987143000.0,,,,5512361000.0,,661304000.0,870216000.0,,555825000.0,8251548000.0,2489570000.0,600076000.0,,3506854000.0,,,,484000000.0,,3703462000.0,-351415000.0,3527170000.0,8251548000.0,,7855000.0,,,,,,,,,367102000.0,,,,,,39923000.0,,,-218812000.0,,5948000.0,-193302000.0,-44030000.0,
2014-09-30,,,3447220000.0,,2486162000.0,2594785000.0,971996000.0,,852435000.0,306708000.0,,3.56,3.53,153401000.0,154463000.0,135537000.0,,,3014102000.0,,,,5585377000.0,,662253000.0,869219000.0,,558932000.0,8341457000.0,2549193000.0,638808000.0,,3635782000.0,,,,482430000.0,,3764807000.0,-446854000.0,3497175000.0,8341457000.0,,12641000.0,,,,,,,,,589323000.0,,,,,,73785000.0,,,-349080000.0,,7269000.0,-297939000.0,-61356000.0,
2014-12-31,,,4593761000.0,,3314030000.0,3469535000.0,,-6487000.0,1117739000.0,406453000.0,,4.64,4.61,153299000.0,154375000.0,137730000.0,,,3043848000.0,103134000.0,,,5592525000.0,,670102000.0,839075000.0,,451690000.0,8246238000.0,2554759000.0,,,3584115000.0,,,,447749000.0,,3841932000.0,-720211000.0,3301248000.0,8246238000.0,,16239000.0,54319000.0,225178000.0,100820000.0,,,,,,790145000.0,,,,,260000000.0,107681000.0,,,-386715000.0,,17766000.0,-455440000.0,-59163000.0,
2015-03-31,,,1112819000.0,,825554000.0,861438000.0,290397000.0,,251381000.0,90371000.0,,1.05,1.05,152656000.0,153574000.0,166495000.0,,,3007295000.0,,,,5634699000.0,,646116000.0,818473000.0,,467092000.0,8238355000.0,,636850000.0,,3759361000.0,,,,444810000.0,,3825716000.0,-827682000.0,3179938000.0,8238355000.0,,3316000.0,,,,,,,,,122512000.0,,,,,,16427000.0,,,-46556000.0,,3734000.0,-42451000.0,28765000.0,
2015-06-30,,,2291149000.0,,1658164000.0,1729651000.0,639785000.0,,561498000.0,205115000.0,,2.34,2.33,152394000.0,153274000.0,223840000.0,,,3025165000.0,,,,5763520000.0,,640534000.0,845910000.0,,486885000.0,8413633000.0,,679613000.0,,3867622000.0,,,,460302000.0,,3867298000.0,-809501000.0,3243815000.0,8413633000.0,,8646000.0,,,,,,,,,454108000.0,,,,,,37464000.0,,,-117604000.0,,5300000.0,-245683000.0,86110000.0,
2015-09-30,,,3460374000.0,,2492537000.0,2598301000.0,988246000.0,,862073000.0,317674000.0,544399000.0,3.58,3.56,152043000.0,152890000.0,199294000.0,,,2967724000.0,,,,5623482000.0,,628461000.0,815473000.0,,486136000.0,8203128000.0,,688498000.0,,3764068000.0,,,,456908000.0,,3883403000.0,-914586000.0,3158786000.0,8203128000.0,,13582000.0,,,,,,,,,895987000.0,,,,,,61994000.0,,,-177408000.0,,5381000.0,-644170000.0,61564000.0,
2015-12-31,,,4555852000.0,,3277390000.0,3431438000.0,1279349000.0,-733000.0,1123681000.0,418009000.0,705672000.0,4.65,4.63,151667000.0,152496000.0,211631000.0,,,2999966000.0,67841000.0,,,5555316000.0,,648217000.0,840582000.0,,460918000.0,8144771000.0,,503268000.0,,3940654000.0,,,,459956000.0,,3885751000.0,-930618000.0,3146567000.0,8144771000.0,,17717000.0,35544000.0,-1974000.0,21821000.0,,,,,,1159373000.0,,,,,120000000.0,109544000.0,,,-263627000.0,,7024000.0,-806074000.0,73901000.0,
2016-03-31,,,1104471000.0,,823172000.0,857826000.0,284588000.0,,246645000.0,88620000.0,158025000.0,1.06,1.05,149593000.0,150342000.0,205135000.0,,,3074641000.0,,,,5770268000.0,,648204000.0,877282000.0,,504153000.0,8450527000.0,,656132000.0,,4211926000.0,,,,462501000.0,,3899582000.0,-862519000.0,3231730000.0,8450527000.0,,4249000.0,,,,,,,,,135045000.0,,,,,,11670000.0,,,-85295000.0,,5144000.0,-64469000.0,-6496000.0,
2016-06-30,,,2269923000.0,,1652661000.0,1723226000.0,,,546697000.0,197303000.0,349394000.0,2.34,2.33,149417000.0,150178000.0,233627000.0,,,3062673000.0,,,,5866142000.0,,685385000.0,903545000.0,,491968000.0,8634109000.0,,678975000.0,,4406170000.0,,,,458950000.0,,3920775000.0,-882165000.0,3237619000.0,8634109000.0,,10002000.0,,,,,,,,,530492000.0,,,,,236000000.0,49711000.0,,,-355146000.0,,7540000.0,-161418000.0,21996000.0,
2016-09-30,,,3468524000.0,,2522223000.0,2630470000.0,,,838054000.0,303334000.0,534720000.0,3.58,3.56,149243000.0,150024000.0,225177000.0,,,3146157000.0,,,,5908482000.0,,688851000.0,950305000.0,,491925000.0,8749372000.0,,696544000.0,,4401531000.0,,,,458944000.0,,3983984000.0,-865510000.0,3322212000.0,8749372000.0,,15362000.0,,,,,,,,,741352000.0,,,,,337200000.0,86650000.0,,,-452195000.0,,10475000.0,-284186000.0,13546000.0,
2016-12-31,,,4599607000.0,,3370833000.0,3529835000.0,1229336000.0,4568000.0,1074340000.0,387100000.0,687240000.0,4.61,4.59,149051000.0,149804000.0,242879000.0,,,3210320000.0,84326000.0,,,5948431000.0,,728124000.0,956153000.0,,475530000.0,8859400000.0,,597513000.0,,4244150000.0,,,,468058000.0,,4001734000.0,-1013021000.0,3193728000.0,8859400000.0,,19719000.0,33230000.0,53544000.0,64214000.0,,,,,,946078000.0,,,,,420000000.0,160643000.0,,,-593999000.0,,12021000.0,-322406000.0,31248000.0,
2017-03-31,,,1155721000.0,,873814000.0,911946000.0,,,243775000.0,83615000.0,160160000.0,1.08,1.08,148154000.0,148788000.0,177917000.0,,,3287042000.0,129539000.0,,,6194062000.0,,737206000.0,985355000.0,,497553000.0,9166826000.0,,708754000.0,,4579833000.0,,,,467732000.0,,3964184000.0,-950269000.0,3218973000.0,9166826000.0,,2717000.0,,,,,,,,,101820000.0,,,,,,24806000.0,,,-131042000.0,,0.0,-41192000.0,-64962000.0,
2017-06-30,,,2395433000.0,,1777157000.0,1854521000.0,,,540912000.0,190780000.0,350132000.0,2.37,2.36,147613000.0,148211000.0,203145000.0,,,3330189000.0,126299000.0,,,6301416000.0,,740776000.0,1030659000.0,,565905000.0,9412144000.0,,790789000.0,,4801167000.0,,,,438984000.0,,4001073000.0,-921389000.0,3288124000.0,9412144000.0,77364000.0,8086000.0,,,,,,,,,345284000.0,,,,,,54095000.0,,,-294311000.0,,0.0,-98930000.0,-39734000.0,
2017-09-30,,,3622323000.0,,2717416000.0,2835056000.0,,,787267000.0,278693000.0,508574000.0,3.45,3.44,147312000.0,147873000.0,210082000.0,,,3354178000.0,122797000.0,,,6316608000.0,,760213000.0,1059637000.0,,581047000.0,9494234000.0,,806887000.0,,4802667000.0,,,,441090000.0,,4042404000.0,-876934000.0,3378235000.0,9494234000.0,117640000.0,12912000.0,,,,,,,,,542357000.0,,,,,,97181000.0,,,-386534000.0,,0.0,-201690000.0,-32797000.0,
2017-12-31,,,4906398000.0,,3705136000.0,3886759000.0,1259801000.0,-10371000.0,1009268000.0,392511000.0,616757000.0,4.19,4.18,147140000.0,147701000.0,314899000.0,,,3771089000.0,,,,7312893000.0,,936702000.0,2153988000.0,,568248000.0,12412381000.0,,847129000.0,,5474025000.0,,,,501004000.0,,4049965000.0,-852592000.0,3412152000.0,12412381000.0,,16892000.0,65990000.0,19273000.0,9923000.0,,,,,,815043000.0,,,,,1457000000.0,156760000.0,,,-1630280000.0,,0.0,872059000.0,72020000.0,
2018-03-31,4586294000.0,,1435807000.0,,1133771000.0,1194835000.0,,-11653000.0,229319000.0,52743000.0,176576000.0,1.2,1.2,146727000.0,147322000.0,325973000.0,,,3772919000.0,39830000.0,,,7581612000.0,,931288000.0,2202634000.0,,588238000.0,12759394000.0,,1098916000.0,,5757472000.0,,,,491794000.0,,4114472000.0,-819258000.0,3510079000.0,12759394000.0,58363000.0,3686000.0,,,,,,,,,138367000.0,,,,,,31633000.0,,,-70221000.0,,,-55485000.0,11074000.0,
2018-06-30,9408359000.0,6450966000.0,2957393000.0,,2281988000.0,2405169000.0,,-22634000.0,529590000.0,126042000.0,403548000.0,2.75,2.74,146748000.0,147286000.0,355141000.0,,,3484949000.0,25480000.0,,,7523369000.0,,918578000.0,2142822000.0,,600124000.0,12566522000.0,,1015762000.0,,5656894000.0,,,,482048000.0,,4236359000.0,-943351000.0,3511972000.0,12566522000.0,116814000.0,9035000.0,,,,,,,,,455075000.0,,,,,,65146000.0,,,-147691000.0,,,-255878000.0,40242000.0,
2018-09-30,14131281000.0,9689653000.0,4441628000.0,,3401254000.0,3590456000.0,,-29847000.0,821325000.0,197550000.0,623775000.0,4.25,4.23,146763000.0,147453000.0,359105000.0,,,3536503000.0,22898000.0,,,7550495000.0,,937740000.0,2097990000.0,,627516000.0,12657119000.0,,1045053000.0,,5661189000.0,,,,480374000.0,,4349014000.0,-962277000.0,3611054000.0,12657119000.0,177896000.0,15417000.0,,,,,,,,,925526000.0,,,,,,91942000.0,,,-245930000.0,,,-622047000.0,44206000.0,
2018-12-31,18735073000.0,12751286000.0,5983787000.0,,4615290000.0,4874072000.0,1430505000.0,-34103000.0,1075612000.0,265138000.0,810474000.0,5.53,5.5,146657000.0,147241000.0,333547000.0,,,3609389000.0,,,,7575690000.0,,1027231000.0,2128776000.0,,510192000.0,12683040000.0,,1088428000.0,,5900733000.0,,,,446112000.0,,4341212000.0,-1115078000.0,3450451000.0,12683040000.0,241635000.0,20716000.0,3891000.0,72041000.0,73173000.0,,,,,,1145164000.0,,,,,283000000.0,232422000.0,,,-496124000.0,,0.0,-608830000.0,18648000.0,
2019-03-31,4736833000.0,3228665000.0,1508168000.0,,1197220000.0,1263166000.0,,-33490000.0,211512000.0,51262000.0,160250000.0,1.1,1.09,145981000.0,146694000.0,356925000.0,,,3684580000.0,,,,7886391000.0,,1044788000.0,2192143000.0,,522625000.0,14070530000.0,,1343386000.0,,6545334000.0,,,,429850000.0,,4517430000.0,-1189987000.0,3550931000.0,14070530000.0,61977000.0,6010000.0,,,,,,,,,61730000.0,,,,,153200000.0,45621000.0,,,-184038000.0,,,145679000.0,23378000.0,
2019-06-30,9671093000.0,6564344000.0,3106749000.0,,2414133000.0,2552195000.0,,-40913000.0,513641000.0,128961000.0,384680000.0,2.63,2.62,146075000.0,146736000.0,562551000.0,,,3750778000.0,,,,8184670000.0,,1089763000.0,2329325000.0,,528199000.0,14639472000.0,,1310967000.0,,6498228000.0,,,,437165000.0,,4630480000.0,-1195179000.0,3665328000.0,14639472000.0,128131000.0,13081000.0,,,,,,,,,301375000.0,,,,,378744000.0,106712000.0,,,-463998000.0,,,389166000.0,229004000.0,
2019-09-30,14686116000.0,9954941000.0,4731175000.0,,3684026000.0,3892703000.0,,20615000.0,818174000.0,206007000.0,612167000.0,4.2,4.18,145875000.0,146529000.0,451275000.0,,,3718307000.0,,,,8058671000.0,,1118912000.0,2278066000.0,,455122000.0,14513190000.0,,1444028000.0,,6372813000.0,,,,444344000.0,,4674918000.0,-1268580000.0,3642191000.0,14513190000.0,197053000.0,19820000.0,,,,,,,,,745212000.0,,,,,642468000.0,182612000.0,,,-391393000.0,,,-229446000.0,117728000.0,
2019-12-31,19392305000.0,13076036000.0,6316269000.0,,4934167000.0,5413512000.0,,-72457000.0,830300000.0,209215000.0,621085000.0,4.26,4.24,145736000.0,146417000.0,,,,3831183000.0,,,,7938616000.0,,1214783000.0,2293519000.0,,498965000.0,14645629000.0,,1553063000.0,,6394120000.0,,,,445652000.0,,4571860000.0,-1141308000.0,3674707000.0,14645629000.0,270288000.0,32050000.0,-70932000.0,116145000.0,66202000.0,,,,,,892010000.0,,,,,732142000.0,297869000.0,,,-563206000.0,,,-385962000.0,-56555000.0,
2020-03-31,4559532000.0,3058741000.0,1500791000.0,,1232743000.0,1311925000.0,,-9921000.0,178945000.0,42410000.0,136535000.0,0.94,0.94,145052000.0,145623000.0,354469000.0,,,3698928000.0,,,,7993050000.0,,1180205000.0,2206650000.0,,491392000.0,14451355000.0,,1490479000.0,,6581220000.0,,,,456101000.0,,4487904000.0,-1333329000.0,3402702000.0,14451355000.0,70443000.0,5449000.0,,,,,,,,,74060000.0,,,,,20874000.0,45414000.0,,,-35473000.0,,,53456000.0,77477000.0,
2020-06-30,7915753000.0,5237088000.0,2678665000.0,,2114286000.0,2800854000.0,,-21654000.0,-304436000.0,97312000.0,-564372000.0,,,144657000.0,144657000.0,983759000.0,,,3351751000.0,,,,7291328000.0,,1133990000.0,1771835000.0,,570829000.0,13263962000.0,,1620703000.0,,5968730000.0,,,,480417000.0,,3809564000.0,-1212372000.0,2849275000.0,13263962000.0,133987000.0,9854000.0,,,,,,,,,920720000.0,,,,,33047000.0,74358000.0,,,299824000.0,,,-527355000.0,706767000.0,
2020-09-30,12285839000.0,8079108000.0,4206731000.0,,3254442000.0,4026708000.0,,-26201000.0,297665000.0,162059000.0,227531000.0,1.58,1.57,144528000.0,145035000.0,900123000.0,,,3419383000.0,,,,7375285000.0,,1141419000.0,1829946000.0,,587318000.0,13475461000.0,,1626061000.0,,5976698000.0,,,,520680000.0,,3923113000.0,-1166572000.0,3014080000.0,13475461000.0,203084000.0,16274000.0,,,,,,,,,1427184000.0,,,,,77393000.0,105428000.0,,,229922000.0,,,-1029208000.0,623131000.0,
2020-12-31,16537433000.0,10882592000.0,5654841000.0,,4386739000.0,5239898000.0,,-35575000.0,379368000.0,215973000.0,-29102000.0,-0.2,-0.2,144474000.0,145115000.0,,,,3506271000.0,,,,7113763000.0,,1162043000.0,1917477000.0,,644140000.0,13440215000.0,,1491426000.0,,5894084000.0,,,,543623000.0,,3979779000.0,-1036502000.0,3204796000.0,13440215000.0,272842000.0,22621000.0,-27722000.0,-957514000.0,-58462000.0,,,,,,2014522000.0,,,,,86384000.0,153502000.0,,,182768000.0,,,-1513765000.0,713174000.0,
2021-03-31,4464714000.0,2923899000.0,1540815000.0,,1195164000.0,1272369000.0,,17413000.0,285859000.0,68149000.0,217710000.0,1.51,1.5,144413000.0,145300000.0,,,,3600658000.0,,,,7678160000.0,,1165236000.0,1885447000.0,,663333000.0,13943543000.0,,1578866000.0,,6336351000.0,,,,562968000.0,,4085998000.0,-1023760000.0,3324563000.0,13943543000.0,72296000.0,6235000.0,,,,,,,,,300942000.0,,,,,20340000.0,48391000.0,,,-40672000.0,,,-115994000.0,127822000.0,
2021-06-30,9248452000.0,6018532000.0,3229920000.0,,2544473000.0,2700675000.0,,26221000.0,555466000.0,141260000.0,414206000.0,2.87,2.85,144312000.0,145158000.0,,,,3679113000.0,,,,7721594000.0,,1175953000.0,1922544000.0,,692557000.0,14085982000.0,,1626325000.0,,6521195000.0,,,,562945000.0,,3982159000.0,-1003554000.0,3233879000.0,14085982000.0,146256000.0,14521000.0,,,,,,,,,704430000.0,,,,,98018000.0,89993000.0,,,-151391000.0,,,-548177000.0,-2777000.0,
2021-09-30,14067301000.0,9126614000.0,4940687000.0,,3883241000.0,4115848000.0,,29601000.0,854440000.0,211649000.0,642791000.0,4.47,4.44,143826000.0,144622000.0,,,,3748418000.0,,,,7782184000.0,,1107374000.0,1890821000.0,,700223000.0,13974938000.0,,1601883000.0,,6537323000.0,,,,549574000.0,,3995537000.0,-1073086000.0,3183177000.0,13974938000.0,218377000.0,20841000.0,,,,,,,,,1008196000.0,,,,,142669000.0,138206000.0,,,-239902000.0,,,-818724000.0,-71069000.0,
2021-12-31,18870510000.0,12236374000.0,6634136000.0,,5162506000.0,5471216000.0,,37426000.0,1200346000.0,301556000.0,898790000.0,6.27,6.23,143435000.0,144221000.0,,,,3889919000.0,,,,7756422000.0,,1234399000.0,1915307000.0,,985055000.0,14352102000.0,,1660768000.0,,6581583000.0,,,,522779000.0,,4086325000.0,-857739000.0,3490742000.0,14352102000.0,290971000.0,25597000.0,31676000.0,258994000.0,329237000.0,,,,,,1258285000.0,,,,,281859000.0,266136000.0,,,-506164000.0,,,-989532000.0,-275465000.0,
2022-03-31,5294635000.0,3468688000.0,1825947000.0,,1403979000.0,1495842000.0,,-4389000.0,325716000.0,79878000.0,245838000.0,1.73,1.72,141916000.0,142842000.0,,,,4211496000.0,,,,8427434000.0,,1239046000.0,2534521000.0,,1011354000.0,16273311000.0,,1788101000.0,,7249532000.0,,,,516473000.0,,4132925000.0,-804877000.0,3595740000.0,16273311000.0,87369000.0,7171000.0,,,,,,,,,398808000.0,,,,,,78045000.0,,,-1420945000.0,,,913964000.0,-103925000.0,
2022-06-30,10897049000.0,7110303000.0,3786746000.0,,2767994000.0,2948646000.0,,-20817000.0,817283000.0,198916000.0,618367000.0,4.36,4.34,141747000.0,142582000.0,,,,4296191000.0,,,,8526268000.0,,1236859000.0,2538240000.0,,1015984000.0,16238187000.0,,1743439000.0,,7293860000.0,,,,514792000.0,,4329115000.0,-953228000.0,3640556000.0,16238187000.0,173259000.0,17882000.0,,,,,,,,,790985000.0,,,,,1600000000.0,152976000.0,,,-1543453000.0,,,584511000.0,-195570000.0,
2022-09-30,16572323000.0,10805910000.0,5766413000.0,,4226412000.0,4499773000.0,,-31421000.0,1235219000.0,304494000.0,930725000.0,6.57,6.53,141609000.0,142428000.0,,,,4300709000.0,,,,8823198000.0,,1241567000.0,2460911000.0,,1029272000.0,16377080000.0,,1835803000.0,,7495119000.0,,,,500989000.0,,4465565000.0,-1074316000.0,3664451000.0,16377080000.0,259822000.0,27773000.0,,,,,,,,,1244591000.0,,,,,1600000000.0,243998000.0,,,-1656962000.0,,,386034000.0,-85503000.0,
2022-12-31,22095973000.0,14355869000.0,7740104000.0,,5758295000.0,6125905000.0,,-41597000.0,1572602000.0,389901000.0,1182701000.0,8.36,8.31,141468000.0,142322000.0,,,,4441649000.0,,,,8816739000.0,,1326014000.0,2588113000.0,,847325000.0,16495379000.0,,1851340000.0,,7686110000.0,,,,502967000.0,,4541640000.0,-1032542000.0,3790363000.0,16495379000.0,347819000.0,38058000.0,2220000.0,244371000.0,380420000.0,,,,,,1466971000.0,,,,,1600000000.0,339632000.0,,,-1684240000.0,,,205101000.0,-61238000.0,
2023-03-31,5765118000.0,3751717000.0,2013401000.0,,1511244000.0,1604098000.0,,-4897000.0,404406000.0,100449000.0,303957000.0,2.16,2.14,140804000.0,141725000.0,,,,4579590000.0,,,,9184431000.0,,1373541000.0,2599770000.0,,838663000.0,16907532000.0,,1816327000.0,,7917524000.0,,,,521801000.0,,4644770000.0,-1006801000.0,3926204000.0,16907532000.0,87215000.0,8646000.0,,,,,,,,,197507000.0,,,,,40000000.0,88100000.0,,,-45236000.0,,,-157813000.0,-2280000.0,
2023-06-30,11680124000.0,7531980000.0,4148144000.0,,3092897000.0,3284946000.0,,-4703000.0,858495000.0,210044000.0,648451000.0,4.61,4.58,140688000.0,141496000.0,,,,4512874000.0,,,,9083706000.0,,1441757000.0,2627031000.0,,868623000.0,16941635000.0,,1778107000.0,,7899794000.0,,,,511776000.0,,4788852000.0,-1011857000.0,4071211000.0,16941635000.0,178088000.0,36945000.0,,,,,,,,,457003000.0,,,,,116000000.0,205336000.0,,,-226120000.0,,,-357750000.0,-123358000.0,
2023-09-30,17504726000.0,11247341000.0,6257385000.0,,4644696000.0,4929022000.0,,-4808000.0,1323555000.0,323906000.0,999649000.0,7.11,7.08,140569000.0,141285000.0,,,,4482773000.0,,,555020000.0,9029874000.0,,1513822000.0,2637150000.0,,888831000.0,17021898000.0,,1826709000.0,,7800359000.0,,,,527816000.0,,4969538000.0,-1087262000.0,4186113000.0,17021898000.0,261948000.0,47340000.0,,,,,,,,,1082446000.0,,,,,232000000.0,349858000.0,,,-473429000.0,,,-599019000.0,1174000.0,
2023-12-31,23090610000.0,14799938000.0,8290672000.0,,6167143000.0,6543619000.0,,-4705000.0,1742348000.0,425824000.0,1316524000.0,9.38,9.33,140367000.0,141034000.0,,,,4676686000.0,,,564366000.0,9605852000.0,,1616785000.0,2734681000.0,,949481000.0,17968454000.0,,1839640000.0,,7827109000.0,,,,536174000.0,,5065327000.0,-976872000.0,4401047000.0,17968454000.0,350529000.0,57226000.0,42114000.0,-31989000.0,69148000.0,,,,,,1435610000.0,,,,,322000000.0,512675000.0,,,-705792000.0,,,-292161000.0,448544000.0,
2024-03-31,5783631000.0,3708976000.0,2074655000.0,,1574927000.0,1754790000.0,,5316000.0,325181000.0,76287000.0,248894000.0,1.79,1.78,139429000.0,140096000.0,,,,4736108000.0,,,558519000.0,9806305000.0,,1665920000.0,2736841000.0,,992013000.0,18336513000.0,,1929301000.0,,8639486000.0,,,,507533000.0,,5137597000.0,-1053904000.0,4402377000.0,18336513000.0,90610000.0,8564000.0,,,,,,,,,318306000.0,,,,,132000000.0,115690000.0,,,-178444000.0,,,-175223000.0,-52419000.0,
2024-06-30,11746198000.0,7491240000.0,4254958000.0,,3222383000.0,3536886000.0,,-12006000.0,711382000.0,166944000.0,544438000.0,3.91,3.89,139394000.0,139961000.0,,,,5103644000.0,,,568446000.0,9796698000.0,,1787822000.0,2858668000.0,,1002692000.0,18869393000.0,,1841809000.0,,8766413000.0,,,,505556000.0,,5256514000.0,-1035739000.0,4540648000.0,18869393000.0,189812000.0,26570000.0,,,,,,,,,611915000.0,,,,,,259245000.0,,,-762026000.0,,,-382326000.0,-546730000.0,
2024-09-30,17716396000.0,11262997000.0,6453399000.0,,4944783000.0,5413464000.0,,-30960000.0,1008975000.0,237955000.0,771020000.0,5.53,5.51,139326000.0,139826000.0,,,,5527034000.0,,,564670000.0,10709502000.0,,1909522000.0,3034339000.0,,1024165000.0,20259178000.0,,2072781000.0,,9123408000.0,,,,539102000.0,,5306755000.0,-942852000.0,4696472000.0,20259178000.0,295848000.0,37280000.0,,,,,,,,,1096225000.0,,,,,,385590000.0,,-16989000.0,-1245192000.0,,,124828000.0,-23889000.0,
