Date,Net sales,Cost of sales,Gross margin,Research and development,"Selling, general and administrative",Total operating expenses,Operating income,"Other income/(expense), net",Income before provision for income taxes,Provision for income taxes,Net income,Earnings per share basic,Earnings per share diluted,Weighted-average basic,Weighted-average diluted,Cash and cash equivalents,Short-term marketable securities,"Accounts receivable, net",Inventories,Deferred tax assets,Vendor non-trade receivables,Other current assets,Total current assets,Long-term marketable securities,"Property, Plant and Equipment, Net",Goodwill,"Acquired intangible assets, net","Other Assets, Noncurrent",Total assets,accounts payable,Accrued expenses,Deferred revenue,Total current liabilities,Deferred revenue - non-current,deferred tax liabilities,long term taxes payable,Total other non-current liabilities,Total liabilities,Retained Earnings (Accumulated Deficit),Accumulated other comprehensive (loss)/income,Total shareholders equity,Total liabilities and shareholders' equity,"Depreciation, amortization and accretion",Stock-based compensation expense,Deferred income tax expense,"Increase (Decrease) in Accounts receivable, net",Increase (Decrease) in Inventories,Increase (Decrease) in Other Receivables,Increase (Decrease) in Other Operating Assets,Increase (Decrease) in Accounts Payable,Increase (Decrease) in Deferred Revenue,Increase (Decrease) Other liabilities,Cash generated by operating activities,Purchases of marketable securities,Proceeds from maturities of marketable securities,Proceeds from sales of marketable securities,Purchases of other long-term investments,"Business acquisitions, net of cash acquired",Cash payments for capital asset purchases,Payments for acquisition of intangible assets,Payments for (Proceeds from) Other Investing Activities,Cash used in investing activities,Proceeds from issuance of common stock,Excess tax benefits from stock-based compensation,Cash generated/used in financing activities,Increase/(decrease) in cash and cash equivalents,"Cash paid for income taxes, net"
2010-08-31,,,,,206990000.0,358031000.0,82107000.0,-3304000.0,,24981000.0,49368000.0,0.62,0.61,,,578213000.0,,150777000.0,6731000.0,4028000.0,,,805269000.0,,202928000.0,582252000.0,202908000.0,21550000.0,1908745000.0,,,,508011000.0,,89858000.0,,35317000.0,871434000.0,592439000.0,-20413000.0,921920000.0,1908745000.0,,3492000.0,3518000.0,18960000.0,-3096000.0,4390000.0,,,,,-104377000.0,,,,,,24785000.0,,,-26820000.0,,118000.0,-61775000.0,-191733000.0,
2010-11-30,,,,,413168000.0,718414000.0,165251000.0,-3532000.0,,49527000.0,102873000.0,1.29,1.28,,,663660000.0,,149366000.0,7737000.0,4027000.0,,,928658000.0,,219944000.0,590911000.0,198687000.0,22310000.0,2056590000.0,,,,605985000.0,,95426000.0,,38825000.0,942846000.0,636594000.0,-4457000.0,988529000.0,2056590000.0,,7690000.0,3287000.0,17549000.0,-1954000.0,8095000.0,,,,,-60916000.0,,,,,,51709000.0,,,-56127000.0,,118000.0,2388000.0,-106286000.0,
2011-02-28,,,,,623019000.0,1096597000.0,243450000.0,-6216000.0,,70489000.0,150661000.0,1.89,1.87,,,1329065000.0,,137653000.0,9834000.0,4288000.0,,,1569712000.0,,244349000.0,765714000.0,347639000.0,23752000.0,3052418000.0,,,,1237918000.0,,101702000.0,,45571000.0,1686510000.0,675182000.0,49283000.0,1096242000.0,3052418000.0,,11748000.0,3639000.0,5836000.0,69000.0,11534000.0,,,,,733291000.0,,,,,,77095000.0,,,-245277000.0,,1335000.0,50008000.0,559119000.0,
2011-05-31,1859802000.0,,,,863191000.0,1528208000.0,331594000.0,-7387000.0,324207000.0,95076000.0,209238000.0,2.62,2.6,,,1354285000.0,,166540000.0,7640000.0,2946000.0,,,1847975000.0,,256301000.0,779637000.0,341500000.0,20978000.0,3350531000.0,,,,1444364000.0,,116432000.0,,49843000.0,1878856000.0,715202000.0,79320000.0,1184535000.0,3350531000.0,,15885000.0,19154000.0,34723000.0,-1979000.0,14425000.0,,,,,709772000.0,,,,,,98537000.0,,,-267020000.0,,9141000.0,114123000.0,584339000.0,
2012-02-29,1606815000.0,,,,737593000.0,1309278000.0,297537000.0,-5535000.0,292002000.0,86082000.0,183075000.0,2.32,2.3,78937000.0,79511000.0,735733000.0,,156038000.0,12380000.0,3943000.0,,,1126499000.0,,288428000.0,760972000.0,318843000.0,23644000.0,2616971000.0,,,,752370000.0,,120748000.0,,56803000.0,1107767000.0,842487000.0,33299000.0,1229977000.0,2616971000.0,73497000.0,12796000.0,5858000.0,-10502000.0,4773000.0,11744000.0,,,,,-226846000.0,,,,,,,,,-113467000.0,,2036000.0,-267996000.0,-618552000.0,46112000.0
2012-05-31,2203847000.0,,,,1027304000.0,1896498000.0,307349000.0,-6902000.0,300447000.0,82881000.0,188161000.0,2.39,2.37,78829000.0,79431000.0,781275000.0,,182962000.0,9864000.0,12560000.0,,,1248739000.0,,305848000.0,724687000.0,290188000.0,21446000.0,2688143000.0,,,,837285000.0,,106644000.0,,62306000.0,1242800000.0,843456000.0,-30000000.0,1172184000.0,2688143000.0,99099000.0,16391000.0,-8012000.0,16422000.0,2394000.0,13519000.0,,,,,-173475000.0,,,,,,,,,-150433000.0,,1441000.0,-218186000.0,-573010000.0,74199000.0
2012-08-31,590287000.0,,,,281419000.0,509799000.0,80488000.0,-1562000.0,78926000.0,24764000.0,46675000.0,0.59,0.59,78604000.0,79043000.0,841331000.0,,179875000.0,12839000.0,25691000.0,,,1336881000.0,,324005000.0,740891000.0,284625000.0,22532000.0,2805492000.0,,,,1045946000.0,,124096000.0,,66966000.0,1522472000.0,889370000.0,1498000.0,1148952000.0,2805492000.0,23895000.0,4222000.0,10273000.0,-3087000.0,2992000.0,3272000.0,,,,,68627000.0,,,,,,,,,-28687000.0,,1733000.0,5983000.0,60056000.0,5155000.0
2012-11-30,1178825000.0,,,,557596000.0,981755000.0,197070000.0,-13984000.0,183086000.0,53553000.0,116858000.0,1.49,1.48,78751000.0,79144000.0,998261000.0,,183256000.0,14147000.0,6464000.0,,,1489920000.0,,338195000.0,1059520000.0,416170000.0,26950000.0,3428721000.0,,,,1037470000.0,,167365000.0,,71097000.0,2053920000.0,957978000.0,18432000.0,1233964000.0,3428721000.0,52055000.0,9178000.0,30055000.0,-721000.0,4297000.0,6600000.0,,,,,124793000.0,,,,,,,,,-462639000.0,,1791000.0,537316000.0,216986000.0,23236000.0
2013-02-28,1757571000.0,,,,829292000.0,1469727000.0,287844000.0,-18511000.0,269333000.0,76986000.0,175320000.0,2.24,2.23,78364000.0,78747000.0,682960000.0,,166271000.0,11349000.0,6350000.0,,,1146862000.0,,341573000.0,1051614000.0,412995000.0,29554000.0,3076224000.0,,,,673828000.0,,162389000.0,,71307000.0,1790986000.0,946195000.0,-6774000.0,1147087000.0,3076224000.0,82947000.0,14063000.0,27282000.0,-17706000.0,1535000.0,9235000.0,,,,,204767000.0,,,,,,,,,-506285000.0,,1791000.0,196148000.0,-98315000.0,48966000.0
2013-05-31,2375923000.0,,,,1119860000.0,2018710000.0,357213000.0,-22929000.0,334284000.0,95571000.0,216125000.0,2.78,2.76,77767000.0,78227000.0,680470000.0,,189435000.0,11057000.0,-69060000.0,,,1214492000.0,,348064000.0,1044222000.0,400848000.0,22252000.0,3125056000.0,,,,704114000.0,,75545000.0,,72478000.0,1838449000.0,958751000.0,-15062000.0,1146085000.0,3125056000.0,111788000.0,18427000.0,42238000.0,5458000.0,1187000.0,11858000.0,,,,,240546000.0,,,,,,98590000.0,,,-528567000.0,,1863000.0,183522000.0,-100805000.0,55218000.0
2013-11-30,1263807000.0,,,,585601000.0,1044516000.0,219291000.0,-7278000.0,212013000.0,60448000.0,138540000.0,1.9,1.88,72974000.0,73504000.0,1096833000.0,,195788000.0,8886000.0,6459000.0,,,2058308000.0,,357880000.0,1063310000.0,379350000.0,22384000.0,3981564000.0,,,,1573005000.0,,172988000.0,,81342000.0,2749880000.0,896597000.0,2235000.0,1087113000.0,3981564000.0,57392000.0,11965000.0,,6353000.0,-2237000.0,6567000.0,,,,,411683000.0,,,,,,41178000.0,,,-39072000.0,,4415000.0,47518000.0,416363000.0,45620000.0
2014-02-28,1880259000.0,,,,871825000.0,1563677000.0,316582000.0,-20791000.0,295791000.0,84105000.0,193661000.0,2.67,2.65,72598000.0,73152000.0,1013560000.0,,174993000.0,7315000.0,6282000.0,,,1533255000.0,,364725000.0,1064868000.0,364513000.0,25172000.0,3455715000.0,,,,688002000.0,,165697000.0,,86251000.0,2192006000.0,940545000.0,-5745000.0,1130108000.0,3455715000.0,87198000.0,17269000.0,,-14442000.0,-3811000.0,9145000.0,,,,,314401000.0,,,,,,61270000.0,,,-58271000.0,,4782000.0,90968000.0,333090000.0,72457000.0
2014-05-31,2554236000.0,,,,1203512000.0,2148737000.0,405499000.0,-28149000.0,377350000.0,107398000.0,245286000.0,3.4,3.37,72119000.0,72688000.0,581872000.0,,214574000.0,6636000.0,-94284000.0,,,1643444000.0,,369753000.0,1337285000.0,535173000.0,31067000.0,4018650000.0,,,,1211618000.0,,107171000.0,,89132000.0,2885851000.0,815980000.0,-1776000.0,997227000.0,4018650000.0,122069000.0,29793000.0,6289000.0,18539000.0,-4793000.0,11569000.0,,,,,194098000.0,,,,,,81411000.0,,,-501670000.0,,6475000.0,218896000.0,-98598000.0,94938000.0
2014-08-31,704895000.0,,,,320658000.0,580497000.0,124398000.0,-9818000.0,114580000.0,30146000.0,75366000.0,1.11,1.1,68146000.0,68617000.0,595884000.0,,206641000.0,5660000.0,12793000.0,,,2006724000.0,,363415000.0,1324374000.0,511265000.0,32765000.0,4339356000.0,,,,1579497000.0,,209941000.0,,90655000.0,3268843000.0,822461000.0,-19351000.0,942251000.0,4339356000.0,34566000.0,4066000.0,,-7933000.0,-981000.0,2742000.0,,,,,-63473000.0,,,,,,18157000.0,,,-12183000.0,,3154000.0,94085000.0,14012000.0,
2014-11-30,1402186000.0,,,,636169000.0,1153804000.0,248382000.0,-18886000.0,229496000.0,59806000.0,150147000.0,2.22,2.2,67764000.0,68179000.0,644469000.0,,197053000.0,8002000.0,12761000.0,,,2025255000.0,,362809000.0,1483615000.0,542992000.0,31755000.0,4541587000.0,,,,1676133000.0,,200848000.0,,88245000.0,3519351000.0,852972000.0,-102726000.0,894665000.0,4541587000.0,69172000.0,9145000.0,,-17521000.0,1506000.0,4881000.0,,,,,226936000.0,,,,,,33290000.0,,,-246194000.0,,3599000.0,105005000.0,62597000.0,
2015-02-28,2067169000.0,,,,946282000.0,1714172000.0,352997000.0,-31155000.0,321842000.0,82837000.0,212715000.0,3.15,3.13,67476000.0,67891000.0,610148000.0,,170895000.0,5587000.0,11933000.0,,,1593150000.0,,355885000.0,1422900000.0,516083000.0,36753000.0,4018320000.0,,,,1242700000.0,,201737000.0,,86255000.0,3076692000.0,861955000.0,-184226000.0,825073000.0,4018320000.0,102812000.0,14827000.0,,-32124000.0,256000.0,7159000.0,,,,,347085000.0,,,,,,56746000.0,,,-278794000.0,,3851000.0,10752000.0,28276000.0,
2015-05-31,2773718000.0,,,,1295014000.0,2317121000.0,456597000.0,-39487000.0,417110000.0,107995000.0,278040000.0,4.15,4.12,67036000.0,67461000.0,650739000.0,,202390000.0,5228000.0,-172427000.0,,,3302295000.0,,374143000.0,1491833000.0,560136000.0,34563000.0,5793548000.0,,,,3015904000.0,,172427000.0,,19422000.0,4929995000.0,795226000.0,-185992000.0,757976000.0,5793548000.0,137505000.0,21056000.0,89414000.0,-1248000.0,-127000.0,9317000.0,,,,,424701000.0,,,,,,92550000.0,,,-440921000.0,,5176000.0,141375000.0,68867000.0,66726000.0
2015-08-31,748796000.0,,,,338358000.0,611024000.0,137772000.0,-12101000.0,125671000.0,32623000.0,86646000.0,1.33,1.32,65164000.0,65573000.0,803309000.0,,207949000.0,,12179000.0,,,2747038000.0,,368795000.0,1603593000.0,686852000.0,36265000.0,5472918000.0,,,,2390236000.0,,216844000.0,,16667000.0,4555775000.0,861212000.0,-212727000.0,786697000.0,5472918000.0,38757000.0,6467000.0,,7512000.0,,12261000.0,,,,,513392000.0,,,,,,16858000.0,,,-258388000.0,,5760000.0,-90115000.0,152570000.0,
2015-11-30,1471146000.0,,,,666978000.0,1210209000.0,260937000.0,-24935000.0,236002000.0,59876000.0,165418000.0,1.27,1.27,129919000.0,130752000.0,988457000.0,,202931000.0,,,,,2655821000.0,,367541000.0,1577455000.0,665667000.0,35365000.0,5328101000.0,,,,2267645000.0,,202630000.0,,15924000.0,4402002000.0,917989000.0,-245234000.0,805156000.0,5328101000.0,77506000.0,13472000.0,,4271000.0,,18723000.0,,,,,454070000.0,,,,,,36246000.0,,,-278180000.0,,6521000.0,185731000.0,337718000.0,
2016-02-29,2151086000.0,,,,980385000.0,1782344000.0,368742000.0,-37143000.0,331599000.0,82561000.0,234479000.0,1.81,1.8,129709000.0,130555000.0,825500000.0,,172848000.0,,,,,2065103000.0,,366445000.0,1556904000.0,645541000.0,40559000.0,4699101000.0,,,,1748132000.0,,195354000.0,,15190000.0,3746351000.0,981013000.0,-277301000.0,840117000.0,4699101000.0,116674000.0,20472000.0,,-23428000.0,,24388000.0,,,,,878019000.0,,,,,,57548000.0,,,-299530000.0,,6625000.0,-367807000.0,174761000.0,
2016-05-31,2898150000.0,,,,1325567000.0,2473206000.0,424944000.0,-64032000.0,360912000.0,70695000.0,271666000.0,2.05,2.04,132284000.0,133167000.0,1044728000.0,,281612000.0,,88724000.0,,,2851313000.0,,493678000.0,4829405000.0,2264708000.0,48129000.0,10509952000.0,,,,2430707000.0,,722143000.0,,77235000.0,7632548000.0,1015811000.0,-246050000.0,2746476000.0,10509952000.0,187881000.0,30809000.0,-17941000.0,14542000.0,,29078000.0,,,,,585001000.0,,,,,,91591000.0,,,-2127248000.0,,7889000.0,1965487000.0,393989000.0,89684000.0
2016-08-31,939492000.0,,,,355760000.0,818386000.0,121106000.0,-604000.0,120502000.0,28044000.0,85093000.0,0.55,0.55,153901000.0,154875000.0,977776000.0,,286645000.0,,,,,2584829000.0,,512079000.0,4849015000.0,2211954000.0,58982000.0,10237780000.0,,,,2232172000.0,,724023000.0,,86707000.0,7332568000.0,1099026000.0,-265511000.0,2746679000.0,10237780000.0,103186000.0,7619000.0,,7726000.0,,7097000.0,,,,,155667000.0,,,,,,41381000.0,,,-38227000.0,,12303000.0,-175066000.0,-66952000.0,
2016-11-30,1881313000.0,,,,723931000.0,1654940000.0,226373000.0,-51698000.0,174675000.0,29601000.0,134545000.0,0.88,0.87,153539000.0,154435000.0,995816000.0,,266245000.0,,,,,2574963000.0,,520714000.0,4823756000.0,2115842000.0,57420000.0,10113114000.0,,,,2209855000.0,,695258000.0,,89773000.0,7311277000.0,1146844000.0,-309717000.0,2655614000.0,10113114000.0,211869000.0,16366000.0,,-9693000.0,,14067000.0,,,,,193543000.0,,,,,,83268000.0,,,-80811000.0,,13017000.0,-130651000.0,-48912000.0,
2017-03-31,919762000.0,,,,358856000.0,814792000.0,104970000.0,-39690000.0,65280000.0,12321000.0,48813000.0,0.32,0.32,152304000.0,153255000.0,1261845000.0,,264042000.0,,,,,2399180000.0,,551951000.0,4859387000.0,1997420000.0,135940000.0,9959716000.0,,,,2092862000.0,,636908000.0,,132397000.0,7083425000.0,1192519000.0,-287806000.0,2730879000.0,9959716000.0,109033000.0,8816000.0,,-11929000.0,,6557000.0,,,,,293965000.0,,,,,,46219000.0,,,-46641000.0,,,-159965000.0,99066000.0,
2017-06-30,1882002000.0,,,,720095000.0,1645180000.0,236822000.0,-86219000.0,150603000.0,25201000.0,115723000.0,0.76,0.75,152525000.0,153555000.0,1080576000.0,,283640000.0,,,,,2516071000.0,,537879000.0,4890016000.0,1927167000.0,149260000.0,10036781000.0,,,,2098464000.0,,617308000.0,,140960000.0,7032143000.0,1255552000.0,-243459000.0,2850982000.0,10036781000.0,216314000.0,21153000.0,,4901000.0,,11335000.0,,,,,268061000.0,,,,,0.0,89958000.0,,,-86703000.0,,,-290949000.0,-82203000.0,
2017-09-30,2920910000.0,,,,1092648000.0,2511617000.0,409293000.0,-124635000.0,284658000.0,40893000.0,226463000.0,1.48,1.47,154560000.0,155402000.0,1186050000.0,,296366000.0,,,,,3550297000.0,,577188000.0,5616414000.0,2328709000.0,192205000.0,12281549000.0,,,,3123911000.0,,632648000.0,,152127000.0,8586596000.0,1357526000.0,-202508000.0,3531349000.0,12281549000.0,329963000.0,30771000.0,,6070000.0,,,,,,,360123000.0,,,,,563009000.0,136612000.0,,,-710157000.0,,,333124000.0,23271000.0,
2017-12-31,3975163000.0,,,,1488258000.0,3416295000.0,558868000.0,-166185000.0,392683000.0,-101400000.0,468425000.0,3.03,3.01,154652000.0,155528000.0,1335855000.0,,301887000.0,,74398000.0,,,4303579000.0,,588348000.0,5703992000.0,2181707000.0,207297000.0,12998069000.0,,,,3815590000.0,,423733000.0,,220961000.0,9032838000.0,1597897000.0,-183144000.0,3794527000.0,12998069000.0,451151000.0,39095000.0,-252609000.0,14096000.0,,,,,,,512388000.0,,,,,,181905000.0,,,-736025000.0,,,352305000.0,173076000.0,97002000.0
2018-03-31,794977000.0,,,,386421000.0,638807000.0,156170000.0,-33911000.0,122259000.0,24673000.0,91399000.0,0.57,0.57,159321000.0,160035000.0,1005823000.0,,288101000.0,,,,,4157878000.0,,599774000.0,5714945000.0,2096261000.0,323019000.0,12903297000.0,,,99400000.0,3908919000.0,,452470000.0,,225267000.0,8763507000.0,1738545000.0,-176961000.0,3951606000.0,12903297000.0,121743000.0,14898000.0,,-13050000.0,,,,,,,284541000.0,,,,,,43775000.0,,,-45361000.0,,,-571961000.0,-330032000.0,
2018-06-30,1628141000.0,516930000.0,,,764304000.0,1281234000.0,346907000.0,-79063000.0,267844000.0,52529000.0,200468000.0,1.26,1.25,159161000.0,159840000.0,1099529000.0,,317222000.0,,,,,3658944000.0,,615803000.0,5671875000.0,1997367000.0,345839000.0,12299877000.0,,,116900000.0,3364367000.0,,,,220493000.0,8283876000.0,1819213000.0,-243629000.0,3830367000.0,12299877000.0,245392000.0,30104000.0,,21763000.0,,,,,,,506756000.0,,,,,,102669000.0,,,-104105000.0,,,-613771000.0,-236326000.0,
2018-09-30,2485811000.0,781943000.0,,,1133799000.0,1915742000.0,570069000.0,-122284000.0,447785000.0,46441000.0,376838000.0,2.37,2.36,158827000.0,159459000.0,990604000.0,,321664000.0,,,,,4413990000.0,,640976000.0,6130921000.0,2278968000.0,365144000.0,13839236000.0,,,114100000.0,4267071000.0,,,,172730000.0,9663668000.0,1994003000.0,-270545000.0,3974286000.0,13839236000.0,369448000.0,44937000.0,,27696000.0,,,,,,,661006000.0,,,,,769082000.0,156060000.0,,,-927525000.0,,,-49040000.0,-345251000.0,
2018-12-31,3366366000.0,1095014000.0,,,1534297000.0,2629311000.0,737055000.0,-174900000.0,562155000.0,77488000.0,452053000.0,2.85,2.84,158672000.0,159271000.0,1210878000.0,,348400000.0,,8128000.0,,,3376208000.0,,653542000.0,6341355000.0,2488618000.0,362923000.0,13230774000.0,,,146947000.0,3268620000.0,,,,175618000.0,9044431000.0,2066415000.0,-310175000.0,3991407000.0,13230774000.0,522813000.0,57826000.0,-1970000.0,33386000.0,,,,,,,1106082000.0,,,,,,213290000.0,,,-1476287000.0,,,286930000.0,-124977000.0,101302000.0
2019-03-31,883039000.0,305230000.0,,,378317000.0,683547000.0,199492000.0,-56147000.0,143345000.0,24140000.0,112341000.0,0.71,0.71,157519000.0,158018000.0,1277633000.0,,381608000.0,,,,,4669751000.0,,674199000.0,6345998000.0,2405333000.0,647052000.0,14749621000.0,,,140808000.0,4516222000.0,,,,351392000.0,10607160000.0,2111798000.0,-312608000.0,3950813000.0,14749621000.0,148630000.0,11418000.0,,36493000.0,,,,,,,229729000.0,,,,,74830000.0,55123000.0,,-13672000.0,-116281000.0,,,-49209000.0,66755000.0,
2019-06-30,1818190000.0,607505000.0,,,789467000.0,1396972000.0,421218000.0,-115585000.0,305633000.0,56388000.0,232800000.0,1.48,1.48,157141000.0,157638000.0,1047727000.0,,394603000.0,,,,,4547679000.0,,712396000.0,6345563000.0,2308333000.0,663151000.0,14584072000.0,,,156930000.0,4483582000.0,,,,368659000.0,10408956000.0,2204445000.0,-339906000.0,3990604000.0,14584072000.0,293753000.0,27914000.0,,49774000.0,,,,,,,247353000.0,,,,,78245000.0,133312000.0,,-13182000.0,-198375000.0,,,-212543000.0,-163151000.0,
2019-09-30,2924131000.0,1035225000.0,,,1293651000.0,2328876000.0,595255000.0,-200516000.0,,39765000.0,327842000.0,2.0,2.0,177039000.0,177543000.0,2127616000.0,,868133000.0,,,,,4992568000.0,,1423271000.0,23754450000.0,13184391000.0,1844890000.0,45212047000.0,,,195472000.0,4283152000.0,,,,632746000.0,17256329000.0,2297897000.0,-428067000.0,27774634000.0,45212047000.0,477498000.0,55791000.0,,80709000.0,,,,,,,1349389000.0,,,,,334383000.0,201017000.0,,-29112000.0,-506288000.0,,,109876000.0,916738000.0,
2019-12-31,4911892000.0,2073803000.0,,,2046672000.0,4120475000.0,791417000.0,-273492000.0,517925000.0,62190000.0,430613000.0,2.17,2.16,198298000.0,199134000.0,1678273000.0,,895232000.0,,6292000.0,,,4366448000.0,,1382802000.0,23759740000.0,13154655000.0,1810225000.0,44480162000.0,,,193405000.0,3579346000.0,,,,609822000.0,16425173000.0,2333011000.0,-310571000.0,27855747000.0,44480162000.0,878335000.0,89634000.0,-108541000.0,115528000.0,,,,,,,1391278000.0,,,,,644622000.0,307868000.0,,-35404000.0,-917086000.0,,,-28674000.0,467395000.0,146739000.0
2020-03-31,1903598000.0,933871000.0,,,725748000.0,1659619000.0,243979000.0,-90138000.0,,15502000.0,143575000.0,0.48,0.48,299388000.0,300838000.0,1800061000.0,,799798000.0,,,,,4069670000.0,,1441910000.0,23662373000.0,12814791000.0,1854076000.0,43849598000.0,,,187084000.0,3036279000.0,,,,632401000.0,16329165000.0,2335407000.0,-539780000.0,27320811000.0,43849598000.0,397818000.0,27822000.0,,-47624000.0,,,,,,,436574000.0,,,,,67196000.0,104802000.0,,-2348000.0,-169650000.0,,,-77481000.0,121788000.0,
2020-06-30,3575550000.0,1827611000.0,,,1396386000.0,3223997000.0,351553000.0,-170206000.0,,16338000.0,180903000.0,0.6,0.6,299264000.0,300541000.0,1825625000.0,,788697000.0,,,,,4351341000.0,,1477635000.0,23679923000.0,12538621000.0,1947737000.0,44001477000.0,,,194743000.0,4229343000.0,,,,726736000.0,16368488000.0,2314423000.0,-459146000.0,27425859000.0,44001477000.0,800493000.0,62805000.0,,-56186000.0,,,,,,,960289000.0,,,,,74095000.0,208384000.0,,-12188000.0,-270291000.0,,,-510090000.0,147352000.0,
2020-09-30,5493365000.0,2728532000.0,,,2122862000.0,4851394000.0,641971000.0,-223198000.0,,59173000.0,401876000.0,1.34,1.34,299261000.0,300525000.0,2220822000.0,,822033000.0,,,,,4968650000.0,,1526178000.0,23745340000.0,12251680000.0,2051112000.0,44549782000.0,,,206299000.0,4415254000.0,,,,767704000.0,16585940000.0,2476962000.0,-351904000.0,27745657000.0,44549782000.0,1207392000.0,105081000.0,,-23352000.0,,,,,,,1544760000.0,,,,,77180000.0,329413000.0,,-11575000.0,-395018000.0,,,-594635000.0,542549000.0,
2020-12-31,7423558000.0,3650727000.0,,,2878878000.0,6529605000.0,893953000.0,-299997000.0,593956000.0,77153000.0,584520000.0,1.95,1.95,299222000.0,300516000.0,1945868000.0,,794172000.0,,7627000.0,,,4592360000.0,,1578532000.0,23871451000.0,12015883000.0,2135692000.0,44201545000.0,,,217938000.0,4549091000.0,,,,750613000.0,16714501000.0,2570874000.0,-202273000.0,27332370000.0,44201545000.0,1614440000.0,148792000.0,-165319000.0,-55986000.0,,,,,,,2314150000.0,,,,,160801000.0,436236000.0,,-39323000.0,-438342000.0,,,-1546142000.0,411498000.0,308620000.0
2021-03-31,1990007000.0,925246000.0,,,789502000.0,1714748000.0,275259000.0,-78907000.0,,20675000.0,196681000.0,0.66,0.66,296425000.0,297671000.0,2082414000.0,,824822000.0,,,,,4878830000.0,,1580743000.0,23853850000.0,11698884000.0,2237301000.0,44257728000.0,,,212520000.0,4116165000.0,,,,776919000.0,17415537000.0,2500812000.0,-212373000.0,26691762000.0,44257728000.0,425573000.0,37165000.0,,37141000.0,,,,,,,599406000.0,,,,,11074000.0,86159000.0,,-293000.0,-96940000.0,,,-369022000.0,112303000.0,
2021-06-30,4127444000.0,1861556000.0,,,1628071000.0,3489627000.0,637817000.0,-154008000.0,,81483000.0,460271000.0,1.56,1.55,295665000.0,296901000.0,1799549000.0,,878431000.0,,,,,4899877000.0,,1642283000.0,24422012000.0,11815103000.0,2362304000.0,45149673000.0,,,216331000.0,4379628000.0,,,,829250000.0,18299533000.0,2664707000.0,-172707000.0,26693763000.0,45149673000.0,847616000.0,80490000.0,,91580000.0,,,,,,,1109641000.0,,,,,943108000.0,219579000.0,,-742000.0,-1161945000.0,,,-91763000.0,-150047000.0,
2021-09-30,6329781000.0,2805728000.0,,,2486153000.0,5291881000.0,1037900000.0,-229875000.0,,131600000.0,757007000.0,2.57,2.56,294262000.0,295421000.0,2347732000.0,,904142000.0,,,,,5792337000.0,,1667287000.0,24344275000.0,11529826000.0,2412270000.0,45754475000.0,,,218585000.0,5034307000.0,,,,824679000.0,19400126000.0,2845192000.0,-242965000.0,26147027000.0,45754475000.0,1266178000.0,146097000.0,,123370000.0,,,,,,,2027610000.0,,,,,946377000.0,350745000.0,,-1248000.0,-1295874000.0,,,-310189000.0,378843000.0,
2021-12-31,8523762000.0,3773725000.0,,,3391161000.0,7164886000.0,1358876000.0,-314331000.0,1044545000.0,169034000.0,965460000.0,3.3,3.29,292655000.0,293669000.0,1979308000.0,,946247000.0,,12117000.0,,,4710985000.0,,,24813274000.0,11633709000.0,2422042000.0,45279713000.0,,,227783000.0,4463014000.0,,,,739046000.0,19410296000.0,2982122000.0,-234182000.0,25628201000.0,45279713000.0,1691384000.0,180779000.0,-189323000.0,165543000.0,,,,,,,2780825000.0,,,,,1811432000.0,493216000.0,,-10822000.0,-2293826000.0,,,-405365000.0,33252000.0,295534000.0
2022-03-31,2156254000.0,957158000.0,,,823149000.0,1780307000.0,375947000.0,-91572000.0,284375000.0,52218000.0,244733000.0,0.87,0.87,282100000.0,282567000.0,2045277000.0,,972961000.0,,,,,5152410000.0,,,24793799000.0,11292243000.0,2457797000.0,45435260000.0,,,209869000.0,4867174000.0,,,,723503000.0,20040455000.0,3068683000.0,-247205000.0,25159564000.0,45435260000.0,428672000.0,38399000.0,,34191000.0,,,,,,,630000000.0,,,,,4726000.0,156102000.0,,-5000.0,-160823000.0,,,-376334000.0,56696000.0,
2022-06-30,4437160000.0,1919457000.0,,,1686328000.0,4591071000.0,-529858000.0,-187804000.0,-626090000.0,104994000.0,-672999000.0,-2.42,-2.42,280130000.0,280130000.0,1933309000.0,,989172000.0,,,,,5216996000.0,,,23496495000.0,10272685000.0,2382381000.0,44175824000.0,,,211799000.0,5981805000.0,,,,703005000.0,20199297000.0,2326259000.0,-371178000.0,23755655000.0,44175824000.0,856248000.0,85414000.0,,80580000.0,,,,,,,1198133000.0,,,,,9931000.0,324027000.0,,-16000.0,-363697000.0,,,-742650000.0,-23182000.0,
2022-09-30,6722531000.0,2850706000.0,,,2605085000.0,6490010000.0,386432000.0,-302595000.0,271641000.0,119250000.0,290454000.0,1.06,1.05,278411000.0,278411000.0,1993840000.0,,998231000.0,,,,,5453352000.0,,,23421031000.0,9907884000.0,2332784000.0,43938749000.0,,,216448000.0,5676685000.0,,,,655132000.0,21065794000.0,2547947000.0,-604501000.0,22660579000.0,43938749000.0,1261761000.0,122465000.0,,107908000.0,,,,,,,1534508000.0,,,,,24969000.0,463357000.0,,-101000.0,-486934000.0,,,-804575000.0,34470000.0,
2022-12-31,8975515000.0,3778617000.0,,,3524578000.0,8335364000.0,640151000.0,-415829000.0,224322000.0,166694000.0,111493000.0,0.41,0.4,275191000.0,275576000.0,1997566000.0,,998332000.0,,37907000.0,,,6314148000.0,,,23320736000.0,9658374000.0,2343241000.0,44809014000.0,,,226254000.0,6898691000.0,,,,647975000.0,22268804000.0,2731380000.0,-405969000.0,22303506000.0,44809014000.0,1662455000.0,163261000.0,-304126000.0,111974000.0,,,,,,,2244040000.0,,,,,65672000.0,615652000.0,,-2496000.0,-675537000.0,,,-1376701000.0,92583000.0,431148000.0
2023-03-31,2292447000.0,947753000.0,,,1043126000.0,2235712000.0,56735000.0,-111792000.0,-55057000.0,-31399000.0,-11041000.0,-0.04,-0.04,263115000.0,263115000.0,2001671000.0,,1067174000.0,,,,,5595054000.0,,,26850666000.0,10587887000.0,2464604000.0,48638644000.0,,,223675000.0,6083410000.0,,,,699410000.0,25755815000.0,2654589000.0,-410817000.0,22083278000.0,48638644000.0,407338000.0,89566000.0,,-30767000.0,,,,,,,599526000.0,,,,,4046785000.0,162195000.0,,-2187000.0,-4206793000.0,,,3610829000.0,22146000.0,
2023-06-30,4744916000.0,1889705000.0,,,2056641000.0,4085441000.0,659475000.0,-275271000.0,439262000.0,172211000.0,274148000.0,1.05,1.05,261965000.0,262394000.0,1919591000.0,,1159266000.0,,,,,5519144000.0,,,26491160000.0,10741990000.0,2477617000.0,48150880000.0,,,229402000.0,5118432000.0,,,,693518000.0,25235421000.0,2863852000.0,-378401000.0,22171486000.0,48150880000.0,869428000.0,136701000.0,,58981000.0,,,,,,,1164483000.0,,,,,4101415000.0,331002000.0,,-2186000.0,-4001536000.0,,,2701255000.0,-101255000.0,
2023-09-30,7220607000.0,2805237000.0,,,3058605000.0,6002937000.0,1217670000.0,-415633000.0,802037000.0,199748000.0,624936000.0,2.4,2.39,260890000.0,261410000.0,1941777000.0,,1077944000.0,,,,,6780346000.0,,,26517777000.0,10259055000.0,2480815000.0,48924605000.0,,,232159000.0,6222713000.0,,,,672753000.0,25766652000.0,3160705000.0,-470938000.0,22441501000.0,48924605000.0,1328051000.0,173325000.0,,51490000.0,,,,,,,1591291000.0,,,,,4099766000.0,500795000.0,,-2187000.0,-4119679000.0,,,2458377000.0,-105741000.0,
2023-12-31,9654419000.0,3727521000.0,,,4073768000.0,7938033000.0,1716386000.0,-546439000.0,1169947000.0,209020000.0,986233000.0,3.78,3.77,261126000.0,261698000.0,2088887000.0,,1120078000.0,,111712000.0,,,8073759000.0,,,26743523000.0,10168046000.0,2569691000.0,50570186000.0,,,229686000.0,8125729000.0,,,,722540000.0,26782671000.0,3457182000.0,-258925000.0,22999210000.0,50570186000.0,1776692000.0,208994000.0,-499059000.0,78647000.0,,,,,,,2248741000.0,,,,,4225610000.0,658142000.0,,-1438000.0,-4361112000.0,,,2141121000.0,41269000.0,640784000.0
2024-03-31,2420187000.0,922390000.0,,,1045545000.0,1967935000.0,452252000.0,-126219000.0,326033000.0,19382000.0,313307000.0,1.22,1.22,256926000.0,257588000.0,2167616000.0,,1054193000.0,,,,,9669933000.0,,,26728023000.0,9797023000.0,2567735000.0,51774750000.0,,,210670000.0,10516019000.0,,,,643996000.0,28788605000.0,3706873000.0,-297438000.0,22215831000.0,51774750000.0,461136000.0,40117000.0,,-50934000.0,,,,,,,416317000.0,,,,,2557000.0,145441000.0,,0.0,-147998000.0,,,-163436000.0,70848000.0,
2024-06-30,4988955000.0,1860874000.0,,,2103206000.0,3964080000.0,1024875000.0,-250070000.0,774805000.0,97216000.0,688067000.0,2.69,2.68,255837000.0,256377000.0,2097159000.0,,1134292000.0,,,,,8550332000.0,,,26860500000.0,9607299000.0,2603149000.0,50752158000.0,,,229025000.0,9329351000.0,,,,639179000.0,27591106000.0,4018207000.0,-392287000.0,22387414000.0,50752158000.0,931100000.0,83362000.0,,29658000.0,,,,,,,1153199000.0,,,,,372662000.0,324657000.0,,-6000.0,-697313000.0,,,-371960000.0,30274000.0,
2024-09-30,7590508000.0,2807819000.0,,,3282232000.0,6090051000.0,1500457000.0,-350638000.0,1149819000.0,154593000.0,1003192000.0,3.93,3.92,255355000.0,255880000.0,2941940000.0,,1150840000.0,,,,,7901082000.0,,,26959567000.0,9318535000.0,2634753000.0,49985845000.0,,,240911000.0,8528877000.0,,,,672902000.0,26366236000.0,4269896000.0,-269338000.0,22811393000.0,49985845000.0,1405673000.0,134361000.0,,39204000.0,,,,,,,2879256000.0,,,,,373790000.0,490913000.0,,-6000.0,-846621000.0,,,-1151073000.0,882640000.0,
,,,,,,,,,,,,,,,,,,,,,,,,,,,,,,,,,,,,,,,,,,,,,,,,,,,,,,,,,,,,,,,,,,,
,,,,,,,,,,,,,,,,,,,,,,,,,,,,,,,,,,,,,,,,,,,,,,,,,,,,,,,,,,,,,,,,,,,
,,,,,,,,,,,,,,,,,,,,,,,,,,,,,,,,,,,,,,,,,,,,,,,,,,,,,,,,,,,,,,,,,,,
