Date,Net sales,Cost of sales,Gross margin,Research and development,"Selling, general and administrative",Total operating expenses,Operating income,"Other income/(expense), net",Income before provision for income taxes,Provision for income taxes,Net income,Earnings per share basic,Earnings per share diluted,Weighted-average basic,Weighted-average diluted,Cash and cash equivalents,Short-term marketable securities,"Accounts receivable, net",Inventories,Deferred tax assets,Vendor non-trade receivables,Other current assets,Total current assets,Long-term marketable securities,"Property, Plant and Equipment, Net",Goodwill,"Acquired intangible assets, net","Other Assets, Noncurrent",Total assets,accounts payable,Accrued expenses,Deferred revenue,Total current liabilities,Deferred revenue - non-current,deferred tax liabilities,long term taxes payable,Total other non-current liabilities,Total liabilities,Retained Earnings (Accumulated Deficit),Accumulated other comprehensive (loss)/income,Total shareholders equity,Total liabilities and shareholders' equity,"Depreciation, amortization and accretion",Stock-based compensation expense,Deferred income tax expense,"Increase (Decrease) in Accounts receivable, net",Increase (Decrease) in Inventories,Increase (Decrease) in Other Receivables,Increase (Decrease) in Other Operating Assets,Increase (Decrease) in Accounts Payable,Increase (Decrease) in Deferred Revenue,Increase (Decrease) Other liabilities,Cash generated by operating activities,Purchases of marketable securities,Proceeds from maturities of marketable securities,Proceeds from sales of marketable securities,Purchases of other long-term investments,"Business acquisitions, net of cash acquired",Cash payments for capital asset purchases,Payments for acquisition of intangible assets,Payments for (Proceeds from) Other Investing Activities,Cash used in investing activities,Proceeds from issuance of common stock,Excess tax benefits from stock-based compensation,Cash generated/used in financing activities,Increase/(decrease) in cash and cash equivalents,"Cash paid for income taxes, net"
2009-12-31,,,,,,,,,,6444000000.0,13385000000.0,23.74,22.13,512300000.0,550900000.0,,,,,,,,,,,,,,848942000000.0,,,,,,,,,778228000000.0,50252000000.0,-362000000.0,70714000000.0,848942000000.0,,2009000000.0,-431000000.0,,,,,,,,48875000000.0,2722000000.0,,2553000000.0,,221000000.0,,,,-1561000000.0,,135000000.0,-22828000000.0,24486000000.0,4780000000.0
2010-03-31,,,,,,,,,,1703000000.0,3456000000.0,6.02,5.59,546000000.0,590000000.0,,,,,,,,,,,,,,880528000000.0,,,,,,,,,807584000000.0,53345000000.0,-356000000.0,72944000000.0,880528000000.0,,2160000000.0,,,,,,,,,-7504000000.0,864000000.0,,674000000.0,,699000000.0,,,,-966000000.0,,243000000.0,-2757000000.0,-11227000000.0,778000000.0
2010-06-30,,,,,,,,,,2538000000.0,4069000000.0,6.87,6.41,542900000.0,585200000.0,,,,,,,,,,11958000000.0,,,,883188000000.0,,,,,,,,,809369000000.0,53599000000.0,-318000000.0,73819000000.0,883188000000.0,,2594000000.0,,,,,,,,,2449000000.0,1248000000.0,,1269000000.0,,753000000.0,,,,-690000000.0,,271000000.0,-7449000000.0,-5690000000.0,2770000000.0
2010-09-30,,,,,,,,,,3451000000.0,5967000000.0,10.06,9.39,542300000.0,584400000.0,,,,,,,,,,11410000000.0,,,,908679000000.0,,,,,,,,,833022000000.0,55136000000.0,-284000000.0,75657000000.0,908679000000.0,,3539000000.0,,,,,,,,,3125000000.0,1748000000.0,,1869000000.0,,779000000.0,,,,-777000000.0,,297000000.0,-4510000000.0,-2162000000.0,3090000000.0
2010-12-31,,,,,,,,,,4538000000.0,8354000000.0,14.15,13.18,542000000.0,585300000.0,,,,,6503000000.0,,,,,11106000000.0,,,,911332000000.0,,,,,,,,,833976000000.0,57163000000.0,-286000000.0,77356000000.0,911332000000.0,,4035000000.0,1339000000.0,,,,,,,,-6157000000.0,1885000000.0,,2288000000.0,,804000000.0,,,,-185000000.0,,352000000.0,7839000000.0,1497000000.0,4480000000.0
2011-03-31,,,,,,,,,,1305000000.0,2735000000.0,1.66,1.56,540600000.0,583000000.0,,,,,,,,,,10184000000.0,,,,933289000000.0,,,,,,,,,860820000000.0,57803000000.0,-330000000.0,72469000000.0,933289000000.0,,1512000000.0,,,,,,,,,1900000000.0,761000000.0,,930000000.0,,5000000.0,,,,112000000.0,,333000000.0,883000000.0,2895000000.0,296000000.0
2011-06-30,,,,,,,,,5652000000.0,1830000000.0,3822000000.0,3.62,3.4,536200000.0,576400000.0,,,,,,,,,,9743000000.0,3323000000.0,,,936910000000.0,,,,,,,,,864554000000.0,58659000000.0,-347000000.0,72356000000.0,936910000000.0,,1985000000.0,,,,,,,,,12655000000.0,1122000000.0,,1339000000.0,,247000000.0,,,,449000000.0,,346000000.0,-7459000000.0,5645000000.0,1790000000.0
2011-09-30,,,,,,,,,4922000000.0,1493000000.0,3429000000.0,2.84,2.7,530100000.0,566600000.0,,,,,,,,,,9484000000.0,3643000000.0,,,948909000000.0,,,,,,,,,878821000000.0,58043000000.0,-314000000.0,70088000000.0,948909000000.0,,2431000000.0,,,,,,,,,2430000000.0,2352000000.0,,2546000000.0,,265000000.0,,,,988000000.0,,353000000.0,997000000.0,4415000000.0,1640000000.0
2011-12-31,,,,,,,,,6169000000.0,1727000000.0,4442000000.0,4.71,4.51,524600000.0,556900000.0,,,,,6225000000.0,,,,,8697000000.0,3802000000.0,,,923225000000.0,,,,,,,,,852846000000.0,58834000000.0,-516000000.0,70379000000.0,923225000000.0,,2849000000.0,726000000.0,,,,,,,,21645000000.0,2752000000.0,,3129000000.0,,431000000.0,,,,1485000000.0,,358000000.0,-6910000000.0,16220000000.0,1780000000.0
2012-03-31,,,,,,,,,3181000000.0,1072000000.0,2109000000.0,4.05,3.92,510800000.0,529200000.0,,,,,,,,,,8597000000.0,3782000000.0,,,950932000000.0,,,,,,,,,879276000000.0,60723000000.0,-507000000.0,71656000000.0,950932000000.0,,643000000.0,,,,,,,,,3538000000.0,653000000.0,,699000000.0,,39000000.0,,,,-240000000.0,,70000000.0,-2168000000.0,1130000000.0,
2012-06-30,,,,,,,,,4596000000.0,1525000000.0,3071000000.0,5.9,5.72,506100000.0,524700000.0,,,,,,,,,,8616000000.0,3779000000.0,,,948638000000.0,,,,,,,,,875783000000.0,61412000000.0,-506000000.0,72855000000.0,948638000000.0,,890000000.0,,,,,,,,,8905000000.0,1988000000.0,,1386000000.0,,355000000.0,,,,-1181000000.0,,76000000.0,-4819000000.0,2905000000.0,671000000.0
2012-09-30,,,,,,,,,6894000000.0,2311000000.0,4583000000.0,8.85,8.57,501100000.0,520100000.0,,,,,,,,,,,3763000000.0,,,949207000000.0,,,,,,,,,875520000000.0,62638000000.0,-382000000.0,73687000000.0,949207000000.0,,1088000000.0,,,,,,,,,9918000000.0,3671000000.0,,2838000000.0,,439000000.0,,,,-1517000000.0,,84000000.0,-770000000.0,,1090000000.0
2012-12-31,,,,,,,,,11207000000.0,3732000000.0,7475000000.0,14.63,14.13,496200000.0,516100000.0,,,,,6296000000.0,,,,,,3702000000.0,,,938555000000.0,,,,,,,,,862839000000.0,65223000000.0,-193000000.0,75716000000.0,938555000000.0,,1319000000.0,-356000000.0,,,,,,,,12879000000.0,5220000000.0,,4537000000.0,,593000000.0,,,,-3734000000.0,,130000000.0,7516000000.0,,1880000000.0
2013-06-30,,,,,,,,,6018000000.0,1827000000.0,4191000000.0,8.45,7.99,477500000.0,506600000.0,72398000000.0,,,,,,,,,,3699000000.0,,,938456000000.0,,,,,,,,,860413000000.0,68783000000.0,-583000000.0,78043000000.0,938456000000.0,,1669000000.0,,,,,,,,,5634000000.0,738000000.0,,817000000.0,,446000000.0,,,,-1660000000.0,,71000000.0,-4245000000.0,-271000000.0,2610000000.0
2013-09-30,,,,,,,,,8185000000.0,2477000000.0,5708000000.0,11.55,10.89,472700000.0,503200000.0,65478000000.0,,,,,,,,,,3702000000.0,,,923223000000.0,,,,,,,,,845607000000.0,69975000000.0,-600000000.0,77616000000.0,923223000000.0,,1821000000.0,,,,,,,,,2263000000.0,738000000.0,,817000000.0,,1266000000.0,498000000.0,,,,,90000000.0,-3639000000.0,-7191000000.0,3810000000.0
2013-12-31,,,,,,,,,11737000000.0,3697000000.0,8040000000.0,16.34,15.46,471300000.0,499600000.0,61133000000.0,,,,5797000000.0,,,,,,3705000000.0,,,911507000000.0,,,,,,,,,833040000000.0,71961000000.0,-524000000.0,78467000000.0,911507000000.0,,2015000000.0,29000000.0,,,,,,,,4543000000.0,738000000.0,,817000000.0,,2274000000.0,706000000.0,,,,,98000000.0,-7351000000.0,-11536000000.0,4070000000.0
2014-03-31,,,,,,,,,3021000000.0,988000000.0,2033000000.0,4.15,4.02,468600000.0,484600000.0,58858000000.0,,,,,,,,,,3706000000.0,,,915665000000.0,,,,,,,,,836566000000.0,73646000000.0,-560000000.0,79099000000.0,915665000000.0,,1611000000.0,,,,,,,,,-4221000000.0,,,,,309000000.0,164000000.0,,,,,520000000.0,5149000000.0,-2275000000.0,1400000000.0
2014-06-30,,,,,,,,,5842000000.0,1772000000.0,4070000000.0,8.36,8.13,465100000.0,480100000.0,56983000000.0,,,,,,,,,8884000000.0,3707000000.0,,,859914000000.0,,,,,,,,,778285000000.0,75340000000.0,-595000000.0,81629000000.0,859914000000.0,,1775000000.0,,,,,,,,,-3692000000.0,,,,,449000000.0,353000000.0,,,,,550000000.0,6355000000.0,-4150000000.0,2060000000.0
2014-09-30,,,,,,,,,9147000000.0,2836000000.0,6311000000.0,13.05,12.69,461800000.0,476500000.0,54150000000.0,,,,,,,,,,3706000000.0,,,868933000000.0,,,,,,,,,786658000000.0,77227000000.0,-643000000.0,82275000000.0,868933000000.0,,1931000000.0,,,,,,,,,-12591000000.0,,,,,626000000.0,508000000.0,,,-10591000000.0,,706000000.0,16199000000.0,-6983000000.0,2510000000.0
2014-12-31,,,,,,,,,12357000000.0,3880000000.0,8477000000.0,17.55,17.07,458900000.0,473200000.0,57600000000.0,,,,5794000000.0,,,,,,3645000000.0,,,856240000000.0,,,,,,,,,773443000000.0,78984000000.0,-743000000.0,82797000000.0,856240000000.0,,2085000000.0,495000000.0,,,,,,,,-7623000000.0,,,,,1732000000.0,678000000.0,,,-14909000000.0,,782000000.0,18999000000.0,-3533000000.0,3050000000.0
2015-03-31,,,,,,,,,3934000000.0,1090000000.0,2844000000.0,6.05,5.94,453300000.0,462900000.0,63129000000.0,,,,,,,,,,3645000000.0,,,865458000000.0,,,,,,,,,780331000000.0,81455000000.0,-771000000.0,85127000000.0,865458000000.0,,1809000000.0,,,,,,,,,6719000000.0,,,,,477000000.0,302000000.0,,,-4263000000.0,,275000000.0,3073000000.0,5529000000.0,451000000.0
2015-06-30,,,,,,,,,5660000000.0,1768000000.0,3892000000.0,8.07,7.93,452300000.0,462100000.0,60845000000.0,,,,,,,,,,3645000000.0,,,859879000000.0,,,,,,,,,772225000000.0,82072000000.0,-908000000.0,87654000000.0,859879000000.0,,1972000000.0,,,,,,,,,-1132000000.0,,,,,1583000000.0,698000000.0,,,-11416000000.0,,366000000.0,15793000000.0,3245000000.0,1910000000.0
2015-09-30,,,,,,,,,7706000000.0,2388000000.0,5318000000.0,11.03,10.84,451200000.0,460900000.0,65575000000.0,,,,,,,,,,3652000000.0,,,880559000000.0,,,,,,,,,792856000000.0,83105000000.0,-911000000.0,87703000000.0,880559000000.0,,2107000000.0,,,,,,,,,166000000.0,,,,,1684000000.0,1205000000.0,,,-14747000000.0,,388000000.0,22556000000.0,7975000000.0,2200000000.0
2015-12-31,,,,,,,,,8778000000.0,2695000000.0,6083000000.0,12.35,12.14,448900000.0,458600000.0,75105000000.0,,,,5931000000.0,,,,,,3657000000.0,,,861395000000.0,,,,,,,,,774667000000.0,83386000000.0,-718000000.0,86728000000.0,861395000000.0,,2272000000.0,425000000.0,,,,,,,,6961000000.0,,,,,1808000000.0,1833000000.0,,,-18574000000.0,,407000000.0,29118000000.0,17505000000.0,2650000000.0
2016-03-31,,,,,,,,,1576000000.0,441000000.0,1135000000.0,2.71,2.68,440800000.0,447400000.0,79169000000.0,,,,,,,,,,3659000000.0,,,878036000000.0,,,,,,,,,791199000000.0,83990000000.0,-478000000.0,86837000000.0,878036000000.0,,1665000000.0,,,,,,,,,-3932000000.0,,,,,562000000.0,573000000.0,,,-3140000000.0,,54000000.0,11136000000.0,4064000000.0,266000000.0
2016-06-30,,,,,,,,,4039000000.0,1082000000.0,2957000000.0,6.47,6.39,436200000.0,443200000.0,103293000000.0,,,,,,,,,,3669000000.0,,,896843000000.0,,,,,,,,,810329000000.0,85339000000.0,-551000000.0,86514000000.0,896843000000.0,,1814000000.0,,,,,,,,,5673000000.0,,,,,-15882000000.0,1242000000.0,,,12815000000.0,,78000000.0,9700000000.0,28188000000.0,400000000.0
2016-09-30,,,,,,,,,6907000000.0,1856000000.0,5051000000.0,11.4,11.24,431500000.0,438800000.0,99535000000.0,,,,,,,,,,3669000000.0,,,879987000000.0,,,,,,,,,792877000000.0,87160000000.0,-582000000.0,87110000000.0,879987000000.0,,1943000000.0,,,,,,,,,1773000000.0,,,,,-15754000000.0,2063000000.0,,,11302000000.0,,97000000.0,11355000000.0,24430000000.0,767000000.0
2016-12-31,,,,,,,,,10304000000.0,2906000000.0,7398000000.0,16.53,16.29,427400000.0,435100000.0,121711000000.0,,,,5222000000.0,,,,,,3666000000.0,,,860165000000.0,,,,,,,,,773272000000.0,89039000000.0,-1216000000.0,86893000000.0,860165000000.0,,2111000000.0,551000000.0,,,,,,,,5570000000.0,,,,,-14922000000.0,2876000000.0,,,9270000000.0,,202000000.0,13432000000.0,28272000000.0,1060000000.0
2017-03-31,,,,,,,,,2539000000.0,284000000.0,2255000000.0,5.23,5.15,412500000.0,420100000.0,123035000000.0,,,,,,,,,,3664000000.0,,,894069000000.0,,,,,,,,,807152000000.0,90904000000.0,-1370000000.0,86917000000.0,894069000000.0,,1272000000.0,,,,,,,,,-3364000000.0,,,,,512000000.0,838000000.0,,,-1573000000.0,,,6261000000.0,1324000000.0,257000000.0
2017-06-30,,,,,,,,,5048000000.0,962000000.0,4086000000.0,9.24,9.1,409300000.0,416700000.0,110888000000.0,,,,,,,,,,3668000000.0,,,906518000000.0,,,,,,,,,819843000000.0,92225000000.0,-1615000000.0,86675000000.0,906518000000.0,,1452000000.0,,,,,,,,,-13853000000.0,,,,,1086000000.0,1521000000.0,,,-6942000000.0,,,9972000000.0,-10823000000.0,464000000.0
2017-09-30,,,,,,,,,8024000000.0,1810000000.0,6214000000.0,14.32,14.11,405600000.0,413000000.0,116610000000.0,,,,,,,,,,3665000000.0,,,930132000000.0,,,,,,,,,843840000000.0,93958000000.0,-1716000000.0,86292000000.0,930132000000.0,,1610000000.0,,,,,,,,,-11119000000.0,,,,,1848000000.0,2210000000.0,,,-18086000000.0,,,24104000000.0,-5101000000.0,671000000.0
2017-12-31,,,,,,,,,11132000000.0,6846000000.0,4286000000.0,9.12,9.01,401600000.0,409100000.0,110051000000.0,,,,3174000000.0,,,,,,3665000000.0,373000000.0,,916776000000.0,,,,,,,,,834533000000.0,91519000000.0,-1880000000.0,82243000000.0,916776000000.0,,1769000000.0,5458000000.0,,,,,,,,-17742000000.0,,,,,2383000000.0,3185000000.0,,,-29116000000.0,,,35198000000.0,-11660000000.0,1420000000.0
2018-03-31,,,,,,,,,3419000000.0,587000000.0,2832000000.0,7.02,6.95,389100000.0,393800000.0,120503000000.0,,,,,,,,,,3707000000.0,342000000.0,,973535000000.0,,,,,,,,,889956000000.0,93907000000.0,-1770000000.0,83579000000.0,973535000000.0,,1329000000.0,,,,,,,,,-964000000.0,,,,,68000000.0,1563000000.0,,,-9213000000.0,,,20629000000.0,10452000000.0,326000000.0
2018-06-30,,,,,,,,,6695000000.0,1298000000.0,5397000000.0,13.07,12.93,388400000.0,393200000.0,131417000000.0,,,,,,,,,,3757000000.0,349000000.0,,968610000000.0,,,,,,,,,882011000000.0,95941000000.0,-958000000.0,86599000000.0,968610000000.0,,1505000000.0,,,,,,,,,7634000000.0,,,,,149000000.0,3751000000.0,,,-12803000000.0,,,26535000000.0,21366000000.0,547000000.0
2018-09-30,,,,,,,,,9773000000.0,1852000000.0,7921000000.0,19.42,19.21,387400000.0,392300000.0,118871000000.0,,,,,,,,,,3754000000.0,347000000.0,,957190000000.0,,,,,,,,,870428000000.0,98083000000.0,-1839000000.0,86762000000.0,957190000000.0,,1671000000.0,,,,,,,,,2320000000.0,,,,,146000000.0,5947000000.0,,,-16835000000.0,,,23335000000.0,8820000000.0,933000000.0
2018-12-31,,,,,,,,,12481000000.0,2022000000.0,10459000000.0,25.53,25.27,385400000.0,390200000.0,130547000000.0,,,,2722000000.0,,,,,,3758000000.0,324000000.0,,931796000000.0,,,,,,,,,841611000000.0,100100000000.0,693000000.0,90185000000.0,931796000000.0,,1831000000.0,-2645000000.0,,,,,,,,20421000000.0,,,,,162000000.0,7982000000.0,,,-22677000000.0,,,22752000000.0,20496000000.0,1270000000.0
2019-03-31,,,,,,,,,2719000000.0,468000000.0,2251000000.0,5.73,5.71,379800000.0,382400000.0,87884000000.0,,,,,,,,,,3760000000.0,332000000.0,,925349000000.0,,,,,,,,,835076000000.0,101988000000.0,-613000000.0,90273000000.0,925349000000.0,,1503000000.0,,,,,,,,,-45006000000.0,,,,,,2128000000.0,,,-1501000000.0,,,3844000000.0,-42663000000.0,-109000000.0
2019-06-30,,,,,,,,,5846000000.0,1174000000.0,4672000000.0,11.59,11.52,377100000.0,380200000.0,91092000000.0,,,,,,,,,,3772000000.0,342000000.0,,944903000000.0,,,,,,,,,854011000000.0,103867000000.0,-815000000.0,90892000000.0,944903000000.0,,1695000000.0,,,,,,,,,-35567000000.0,,,,,61000000.0,4168000000.0,,,-1502000000.0,,,-2386000000.0,-39455000000.0,567000000.0
2019-09-30,,,,,,,,,8262000000.0,1713000000.0,6549000000.0,16.43,16.32,374700000.0,378200000.0,94094000000.0,,,,,,,,,,4196000000.0,690000000.0,,1007320000000.0,,,,,,,,,915308000000.0,105194000000.0,-484000000.0,92012000000.0,1007320000000.0,,1852000000.0,,,,,,,,,-27483000000.0,,,,,803000000.0,6397000000.0,,,-19396000000.0,,,10426000000.0,-36453000000.0,946000000.0
2019-12-31,,,,,,,,,10583000000.0,2117000000.0,8466000000.0,21.18,21.03,371600000.0,375500000.0,133546000000.0,,,,3842000000.0,,,,,,4196000000.0,641000000.0,,992968000000.0,,,,,,,,,902703000000.0,106465000000.0,-1484000000.0,90265000000.0,992968000000.0,,2018000000.0,-334000000.0,,,,,,,,23868000000.0,,,,,803000000.0,8443000000.0,,,-24236000000.0,,,3367000000.0,,1266000000.0
2020-03-31,,,,,,,,,1348000000.0,135000000.0,1213000000.0,3.12,3.11,358000000.0,361100000.0,105489000000.0,,,,,,,,,,4196000000.0,614000000.0,,1089756000000.0,,,,,,,,,997377000000.0,106501000000.0,1937000000.0,92379000000.0,1089756000000.0,,1395000000.0,,,,,,,,,-53031000000.0,,,,,,2843000000.0,,,-32336000000.0,,,57310000000.0,,474000000.0
2020-06-30,,,,,,,,,2639000000.0,1053000000.0,1586000000.0,3.66,3.66,356800000.0,356800000.0,132599000000.0,,,,,,,,,,4196000000.0,596000000.0,,1141523000000.0,,,,,,,,,1051494000000.0,106248000000.0,-341000000.0,90029000000.0,1141523000000.0,,1580000000.0,,,,,,,,,-64678000000.0,,,,,0.0,3908000000.0,,,-28429000000.0,,,92160000000.0,,773000000.0
2020-09-30,,,,,,,,,6938000000.0,1985000000.0,4953000000.0,12.71,12.65,356500000.0,360000000.0,153201000000.0,,,,,,,,,,4333000000.0,632000000.0,,1132059000000.0,,,,,,,,,1039409000000.0,109033000000.0,-635000000.0,92650000000.0,1132059000000.0,,1737000000.0,,,,,,,,,-29742000000.0,,,,,226000000.0,4906000000.0,,,-25433000000.0,,,74830000000.0,,1904000000.0
2020-12-31,,,,,,,,,12479000000.0,3020000000.0,9459000000.0,24.94,24.74,356400000.0,360300000.0,155842000000.0,,,,4964000000.0,,,,,,4332000000.0,630000000.0,,1163028000000.0,,,,,,,,,1067096000000.0,112947000000.0,-1434000000.0,95932000000.0,1163028000000.0,,1920000000.0,-833000000.0,,,,,,,,-13728000000.0,,,,,231000000.0,6309000000.0,,,-34356000000.0,,,70380000000.0,,2754000000.0
2021-03-31,,,,,,,,,8337000000.0,1501000000.0,6836000000.0,18.8,18.6,356600000.0,360900000.0,191155000000.0,,,,,,,,,,4332000000.0,575000000.0,,1301548000000.0,,,,,,,,,1203884000000.0,119210000000.0,-2074000000.0,97664000000.0,1301548000000.0,,1759000000.0,,,,,,,,,-5183000000.0,,,,,,1312000000.0,,,-2487000000.0,,,42983000000.0,,555000000.0
2021-06-30,,,,,,,,,15177000000.0,2855000000.0,12322000000.0,34.06,33.64,353600000.0,358400000.0,240289000000.0,,,,,,,,,,4332000000.0,523000000.0,,1387922000000.0,,,,,,,,,1286032000000.0,124051000000.0,-1889000000.0,101890000000.0,1387922000000.0,,1961000000.0,,,,,,,,,15284000000.0,,,,,,2665000000.0,,,-11708000000.0,,,80871000000.0,,3299000000.0
2021-09-30,,,,,,,,,22019000000.0,4319000000.0,17700000000.0,49.23,48.59,351800000.0,356900000.0,211830000000.0,,,,,,,,,,4326000000.0,497000000.0,,1443230000000.0,,,,,,,,,1336933000000.0,128631000000.0,-1956000000.0,106297000000.0,1443230000000.0,,2141000000.0,,,,,,,,,-23976000000.0,,,,,0.0,3548000000.0,,,-16527000000.0,,,96491000000.0,,4769000000.0
2021-12-31,,,,,,,,,27044000000.0,5409000000.0,21635000000.0,60.25,59.45,350500000.0,355800000.0,261036000000.0,,,,5420000000.0,,,,,,4285000000.0,418000000.0,,1463988000000.0,,,,,,,,,1354062000000.0,131811000000.0,-2068000000.0,109926000000.0,1463988000000.0,,2348000000.0,5000000.0,,,,,,,,921000000.0,,,,,0.0,4667000000.0,,,-30465000000.0,,,134738000000.0,,6195000000.0
2022-03-31,,,,,,,,,4656000000.0,717000000.0,3939000000.0,10.87,10.76,351200000.0,355900000.0,274164000000.0,,,,,,,,,,5272000000.0,1209000000.0,,1589441000000.0,,,,,,,,,1474202000000.0,134931000000.0,-2684000000.0,115239000000.0,1589441000000.0,,3128000000.0,,,,,,,,,-22952000000.0,,,,,13000000.0,953000000.0,,,-17021000000.0,,,53101000000.0,,435000000.0
2022-06-30,,,,,,,,,8200000000.0,1334000000.0,6866000000.0,18.67,18.47,355000000.0,360500000.0,288606000000.0,,,,,,,,,,6196000000.0,2014000000.0,,1601224000000.0,,,,,,,,,1483353000000.0,136998000000.0,-1954000000.0,117871000000.0,1601224000000.0,,3511000000.0,,,,,,,,,15522000000.0,,,,,1830000000.0,2004000000.0,,,-55509000000.0,,,67557000000.0,,1600000000.0
2022-09-30,,,,,,,,,11956000000.0,2021000000.0,9935000000.0,27.03,26.71,353000000.0,359200000.0,284251000000.0,,,,,,,,,,6288000000.0,1963000000.0,,1555994000000.0,,,,,,,,,1436704000000.0,139067000000.0,-1872000000.0,119290000000.0,1555994000000.0,,3811000000.0,,,,,,,,,23705000000.0,,,,,2113000000.0,2994000000.0,,,-69668000000.0,,,69178000000.0,,3046000000.0
2022-12-31,,,,,,,,,13486000000.0,2225000000.0,11261000000.0,30.42,30.06,352100000.0,358100000.0,241825000000.0,,,,7356000000.0,,,,,,6374000000.0,2009000000.0,,1441799000000.0,,,,,,,,,1324610000000.0,139372000000.0,-3010000000.0,117189000000.0,1441799000000.0,,4083000000.0,-2412000000.0,,,,,,,,8708000000.0,,,,,2115000000.0,3748000000.0,,,-75960000000.0,,,59602000000.0,-19211000000.0,4555000000.0
2023-03-31,,,,,,,,,3993000000.0,759000000.0,3234000000.0,8.87,8.79,346600000.0,351300000.0,229327000000.0,,,,,,,,,,6439000000.0,1965000000.0,,1538349000000.0,,,,,,,,,1420840000000.0,141591000000.0,-2601000000.0,117509000000.0,1538349000000.0,,1541000000.0,,,,,,,,,9404000000.0,,,,,0.0,597000000.0,,,-1978000000.0,,,-20544000000.0,-12498000000.0,459000000.0
2023-06-30,,,,,,,,,5729000000.0,1279000000.0,4450000000.0,12.0,11.91,344400000.0,349200000.0,270931000000.0,,,,,,,,,,5942000000.0,1921000000.0,,1571386000000.0,,,,,,,,,1454893000000.0,141798000000.0,-3237000000.0,116493000000.0,1571386000000.0,,1780000000.0,,,,,,,,,41305000000.0,,,,,8000000.0,1263000000.0,,,-5937000000.0,,,-6658000000.0,29106000000.0,1516000000.0
2023-09-30,,,,,,,,,8485000000.0,1977000000.0,6508000000.0,17.52,17.39,342500000.0,347400000.0,239879000000.0,,,,,,,,,13138000000.0,5913000000.0,1341000000.0,,1577153000000.0,,,,,,,,,1459876000000.0,142743000000.0,-2599000000.0,117277000000.0,1577153000000.0,,2008000000.0,,,,,,,,,15771000000.0,,,3161000000.0,,8000000.0,1770000000.0,,,-13970000000.0,,,-216000000.0,-1946000000.0,1815000000.0
2023-12-31,,,,,,,,,10739000000.0,2223000000.0,8516000000.0,23.05,22.87,340800000.0,345800000.0,241577000000.0,,,,8216000000.0,,,,,11244000000.0,5916000000.0,1177000000.0,,1641594000000.0,,,,,,,,,1524689000000.0,143688000000.0,-2918000000.0,116905000000.0,1641594000000.0,,2085000000.0,-1360000000.0,,,,,,,,-12587000000.0,9185000000.0,8130000000.0,3161000000.0,,-487000000.0,2316000000.0,,,-17312000000.0,,,27800000000.0,-248000000.0,2389000000.0
2024-03-31,,,,,,,,,5237000000.0,1105000000.0,4132000000.0,11.67,11.58,335600000.0,339500000.0,209385000000.0,,,,,,,,,10514000000.0,5897000000.0,1021000000.0,,1698440000000.0,,,,,,,,,1579894000000.0,146690000000.0,-3317000000.0,118546000000.0,1698440000000.0,,1844000000.0,60000000.0,,,,,,,,-28038000000.0,16850000000.0,7479000000.0,3020000000.0,,,497000000.0,,,-7980000000.0,,,7171000000.0,-32192000000.0,525000000.0
2024-06-30,,,,,,,,,9153000000.0,1978000000.0,7175000000.0,20.44,20.21,332600000.0,337500000.0,206326000000.0,,,,,,,,,9729000000.0,5893000000.0,992000000.0,,1653313000000.0,,,,,,,,,1533850000000.0,148652000000.0,-2900000000.0,119463000000.0,1653313000000.0,,2439000000.0,-451000000.0,,,,,,,,-21918000000.0,27736000000.0,9789000000.0,7691000000.0,,,1039000000.0,,,-13223000000.0,,,4800000000.0,-35251000000.0,2064000000.0
2024-09-30,,,,,,,,,13140000000.0,2975000000.0,10165000000.0,28.98,28.64,330000000.0,335300000.0,154689000000.0,,,,,,,,,8504000000.0,5909000000.0,925000000.0,,1728080000000.0,,,,,,,,,1606880000000.0,150454000000.0,-2503000000.0,121200000000.0,1728080000000.0,,2559000000.0,-653000000.0,,,,,,,,-59978000000.0,52927000000.0,12784000000.0,13387000000.0,,,1505000000.0,,,-42509000000.0,,,15140000000.0,-86888000000.0,2810000000.0
