Date,Net sales,Cost of sales,Gross margin,Research and development,"Selling, general and administrative",Total operating expenses,Operating income,"Other income/(expense), net",Income before provision for income taxes,Provision for income taxes,Net income,Earnings per share basic,Earnings per share diluted,Weighted-average basic,Weighted-average diluted,Cash and cash equivalents,Short-term marketable securities,"Accounts receivable, net",Inventories,Deferred tax assets,Vendor non-trade receivables,Other current assets,Total current assets,Long-term marketable securities,"Property, Plant and Equipment, Net",Goodwill,"Acquired intangible assets, net","Other Assets, Noncurrent",Total assets,accounts payable,Accrued expenses,Deferred revenue,Total current liabilities,Deferred revenue - non-current,deferred tax liabilities,long term taxes payable,Total other non-current liabilities,Total liabilities,Retained Earnings (Accumulated Deficit),Accumulated other comprehensive (loss)/income,Total shareholders equity,Total liabilities and shareholders' equity,"Depreciation, amortization and accretion",Stock-based compensation expense,Deferred income tax expense,"Increase (Decrease) in Accounts receivable, net",Increase (Decrease) in Inventories,Increase (Decrease) in Other Receivables,Increase (Decrease) in Other Operating Assets,Increase (Decrease) in Accounts Payable,Increase (Decrease) in Deferred Revenue,Increase (Decrease) Other liabilities,Cash generated by operating activities,Purchases of marketable securities,Proceeds from maturities of marketable securities,Proceeds from sales of marketable securities,Purchases of other long-term investments,"Business acquisitions, net of cash acquired",Cash payments for capital asset purchases,Payments for acquisition of intangible assets,Payments for (Proceeds from) Other Investing Activities,Cash used in investing activities,Proceeds from issuance of common stock,Excess tax benefits from stock-based compensation,Cash generated/used in financing activities,Increase/(decrease) in cash and cash equivalents,"Cash paid for income taxes, net"
2009-12-31,6221991000.0,3623465000.0,2598526000.0,,1933302000.0,,665224000.0,42113000.0,,276565000.0,430466000.0,5.7,5.62,73786346.0,74891852.0,459871000.0,,624910000.0,889679000.0,42023000.0,,,2131515000.0,,953271000.0,351182000.0,,207384000.0,3726332000.0,,,,776799000.0,,,,,,3966508000.0,12374000.0,2163720000.0,3726332000.0,,40407000.0,,2794000.0,175286000.0,,,,,,732396000.0,,,,,-121833000.0,-142414000.0,,,-262563000.0,,19030000.0,-413530000.0,63581000.0,235043000.0
2010-03-31,1672354000.0,966612000.0,705742000.0,,522857000.0,,182885000.0,-1895000.0,,81573000.0,99173000.0,1.34,1.31,72576633.0,73854681.0,548469000.0,,688628000.0,852521000.0,42494000.0,,,2227823000.0,,939438000.0,356159000.0,,212168000.0,3810775000.0,,,,733908000.0,,,,,,4031606000.0,31526000.0,2295071000.0,3810775000.0,,9134000.0,,-62976000.0,44520000.0,,,,,,113191000.0,,,,,-9072000.0,13819000.0,,,-22891000.0,,9193000.0,-7217000.0,88598000.0,
2010-06-30,3456050000.0,2003222000.0,1452828000.0,,1055028000.0,,397800000.0,-4014000.0,,164702000.0,228250000.0,3.1,3.04,72128117.0,73386284.0,388057000.0,,725196000.0,867303000.0,43028000.0,,,2122448000.0,,934655000.0,379146000.0,,208226000.0,3731928000.0,,,,798510000.0,,,,,,4121239000.0,10983000.0,2144818000.0,3731928000.0,,25964000.0,,-99770000.0,28396000.0,,,,,,286284000.0,,,,,-41046000.0,26942000.0,,,-67988000.0,,14317000.0,-287076000.0,-71814000.0,
2010-09-30,5355462000.0,3112910000.0,2242552000.0,,1593479000.0,,649073000.0,-5443000.0,,263249000.0,378655000.0,5.19,5.1,71384301.0,72638066.0,286508000.0,,784922000.0,935219000.0,59860000.0,,,2147557000.0,,942354000.0,374785000.0,,231577000.0,3789237000.0,,,,895260000.0,,,,,,4232761000.0,32538000.0,2068672000.0,3789237000.0,,38167000.0,,-153807000.0,-30460000.0,,,,,,491971000.0,,,,,51644000.0,64867000.0,,,-116511000.0,,19249000.0,-549616000.0,-173363000.0,
2010-12-31,7182158000.0,4176474000.0,3005684000.0,,2145209000.0,,860475000.0,-6697000.0,,340196000.0,510865000.0,7.05,6.93,70836945.0,72138858.0,313454000.0,,762895000.0,991577000.0,91839000.0,,,2238071000.0,,963672000.0,387232000.0,145300000.0,224697000.0,3904377000.0,,,,869303000.0,,-40032000.0,,,,4326761000.0,42951000.0,2205216000.0,3904377000.0,,49796000.0,-12761000.0,-127790000.0,-80545000.0,,,,,,596445000.0,,,,-13529000.0,62072000.0,,,,-169159000.0,,25650000.0,-578587000.0,-146417000.0,319754000.0
2011-03-31,1883612000.0,1053998000.0,829614000.0,,567000000.0,,262614000.0,-1450000.0,,102076000.0,157933000.0,2.23,2.18,69403432.0,70906732.0,334696000.0,,809850000.0,981367000.0,46944000.0,,,2261702000.0,,965130000.0,390358000.0,,224597000.0,3933424000.0,,,,781967000.0,,,,,,4446360000.0,57142000.0,2316626000.0,3933424000.0,,10885000.0,,-45631000.0,16212000.0,,,,,,118391000.0,,,,-442000.0,,28393000.0,,,-27951000.0,,6095000.0,-73430000.0,21242000.0,
2012-03-31,2193445000.0,1219113000.0,974332000.0,,669971000.0,,304361000.0,-1848000.0,,113055000.0,187516000.0,2.63,2.57,70132777.0,71655759.0,338755000.0,,977442000.0,1244419000.0,43412000.0,,,2706198000.0,,1071782000.0,514424000.0,,350698000.0,4751210000.0,,,,1230866000.0,,,,,,4946609000.0,-8584000.0,2781300000.0,4751210000.0,,11443000.0,,86639000.0,-36845000.0,,,,,,106238000.0,,,,-666000.0,,40636000.0,,,-39368000.0,,18185000.0,-55445000.0,3264000.0,
2012-06-30,4442720000.0,2490045000.0,1952675000.0,,1334314000.0,,618361000.0,-5119000.0,,230683000.0,378220000.0,5.3,5.2,70034142.0,71480677.0,249746000.0,,1015159000.0,1265830000.0,48392000.0,,,2698731000.0,,1077518000.0,523391000.0,,352049000.0,4761308000.0,,,,962912000.0,,,,,,5080295000.0,-34818000.0,2794687000.0,4761308000.0,,30573000.0,,128648000.0,-4918000.0,,,,,,238220000.0,,,,-63000.0,24336000.0,96378000.0,,,-116701000.0,,35502000.0,-208353000.0,-85745000.0,
2012-09-30,6723925000.0,3777290000.0,2946635000.0,,2073948000.0,,872687000.0,-8725000.0,,323599000.0,533614000.0,7.5,7.35,69896864.0,71306416.0,420803000.0,,1022185000.0,1269683000.0,49355000.0,,,2874953000.0,,1093197000.0,526634000.0,,372876000.0,4983744000.0,,,,1083201000.0,,,,,,5178930000.0,-8268000.0,2867228000.0,4983744000.0,,42815000.0,,131057000.0,-12116000.0,,,,,,576109000.0,,,,-440000.0,24384000.0,155163000.0,,,-174072000.0,,44177000.0,-322473000.0,85312000.0,
2012-12-31,8950045000.0,5033885000.0,3916160000.0,,2785035000.0,,1131125000.0,-13336000.0,,418940000.0,689881000.0,9.71,9.52,69811881.0,71181733.0,452063000.0,,940020000.0,1301935000.0,32066000.0,,,2900640000.0,,1144573000.0,543670000.0,,374179000.0,5014598000.0,,,,1080003000.0,,-75437000.0,,,,5278577000.0,53578000.0,3023912000.0,5014598000.0,,55500000.0,20000.0,45953000.0,14872000.0,,,,,,816195000.0,,,,,64808000.0,249860000.0,,-482000.0,-305656000.0,,57885000.0,-394436000.0,116572000.0,383698000.0
2013-03-31,2280435000.0,1248699000.0,1031736000.0,,688431000.0,,343305000.0,-1381000.0,,127397000.0,211838000.0,2.99,2.94,69562387.0,70774614.0,485516000.0,,1031920000.0,1230614000.0,53347000.0,,,2923428000.0,,1133406000.0,521579000.0,,379095000.0,5013728000.0,,,,989422000.0,,,,,,5433869000.0,31860000.0,3128884000.0,5013728000.0,,11547000.0,,101803000.0,-60122000.0,,,,,,176417000.0,,,,89000.0,,42962000.0,,,-41478000.0,,12650000.0,-97814000.0,33453000.0,
2013-06-30,4661996000.0,2583276000.0,2078720000.0,,1385344000.0,,693376000.0,-3932000.0,689444000.0,254164000.0,429498000.0,6.07,5.97,69664697.0,70801050.0,488741000.0,,1075592000.0,1221888000.0,56290000.0,,,2962184000.0,,1118750000.0,513545000.0,,382242000.0,5030135000.0,,,,986885000.0,,,,,,5585752000.0,365000.0,3164535000.0,5030135000.0,,31372000.0,,155887000.0,-57771000.0,,,,,,386823000.0,,,,-100000.0,8234000.0,83175000.0,,,-88781000.0,,41690000.0,-249986000.0,36678000.0,
2013-09-30,7060526000.0,3930440000.0,3130086000.0,,2089995000.0,,1040091000.0,-6787000.0,1033304000.0,384948000.0,640287000.0,9.06,8.92,69562192.0,70706688.0,539995000.0,,1082108000.0,1256852000.0,59631000.0,,,3049097000.0,,1136316000.0,568954000.0,,439128000.0,5251549000.0,,,,1074492000.0,,,,,,5731002000.0,18254000.0,3288572000.0,5251549000.0,,44028000.0,,130068000.0,-44957000.0,,,,,,740428000.0,,,,160000.0,127960000.0,148361000.0,,,-272827000.0,,53319000.0,-368493000.0,87932000.0,
2013-12-31,9437758000.0,5301275000.0,4136483000.0,,2839629000.0,,1296854000.0,-9255000.0,1287599000.0,479850000.0,797036000.0,11.31,11.13,69455507.0,70576432.0,430644000.0,,1101656000.0,1305520000.0,23597000.0,,,3044285000.0,,1208562000.0,525467000.0,,471805000.0,5266328000.0,,,,1195790000.0,,-68431000.0,,,,5822612000.0,28914000.0,3250438000.0,5266328000.0,164902000.0,55590000.0,-13546000.0,126465000.0,23636000.0,,,,,,986498000.0,,,,,153915000.0,272145000.0,,68000.0,-399427000.0,,59984000.0,-590869000.0,-21419000.0,414363000.0
2014-03-31,2385627000.0,1309656000.0,1075971000.0,,721632000.0,,354339000.0,-2726000.0,351613000.0,132558000.0,216653000.0,3.11,3.07,68699561.0,69677438.0,375564000.0,,1159556000.0,1266460000.0,64559000.0,,,2995664000.0,,1210778000.0,522063000.0,,474181000.0,5234229000.0,,,,1166137000.0,,,,,,5974519000.0,7721000.0,3248107000.0,5234229000.0,,11262000.0,,78676000.0,-30608000.0,,,,,,167518000.0,,,,,,65664000.0,,-13023000.0,-52179000.0,,6807000.0,-165557000.0,-55080000.0,
2014-06-30,4891731000.0,2735074000.0,2156657000.0,,1461567000.0,,695090000.0,-5052000.0,690038000.0,261906000.0,422568000.0,6.08,6.0,68576232.0,69509125.0,331707000.0,,1177543000.0,1317467000.0,66468000.0,,,3030553000.0,,1249088000.0,554719000.0,,460570000.0,5311312000.0,,,,1126453000.0,,,,,,6105729000.0,38687000.0,3364291000.0,5311312000.0,,28988000.0,-9605000.0,98574000.0,13497000.0,,,,,,328466000.0,,,,,-19199000.0,156210000.0,,0.0,-131595000.0,,22177000.0,-297228000.0,-98937000.0,
2014-09-30,7453994000.0,4194553000.0,3259441000.0,,2178838000.0,,1080603000.0,-7930000.0,1072673000.0,411491000.0,652890000.0,9.42,9.3,68481681.0,69375083.0,319734000.0,,1234884000.0,1306504000.0,72447000.0,,,3043663000.0,,1259264000.0,540407000.0,,463065000.0,5326416000.0,,,,1156783000.0,,,,,,6261502000.0,-24822000.0,3396137000.0,5326416000.0,147751000.0,38859000.0,-2897000.0,163072000.0,19755000.0,,,,,,662833000.0,,,,,10606000.0,240196000.0,,-6816000.0,-234924000.0,,29442000.0,-530682000.0,-110910000.0,
2014-12-31,9964953000.0,5650711000.0,4314242000.0,,2967125000.0,,1347117000.0,-12731000.0,1334386000.0,522090000.0,801729000.0,11.59,11.45,68334322.0,69205744.0,226644000.0,,1172924000.0,1356396000.0,30470000.0,,,2967549000.0,,1324346000.0,506905000.0,263930000.0,468734000.0,5284252000.0,,,,1261716000.0,,47635000.0,,,,6335990000.0,-96673000.0,3209872000.0,5284252000.0,190171000.0,49032000.0,-5845000.0,122580000.0,92443000.0,,,,,,959814000.0,,,,,30713000.0,387390000.0,,-7290000.0,-384058000.0,,33772000.0,-758123000.0,-204000000.0,509378000.0
2015-03-31,2439661000.0,1345918000.0,1093743000.0,,742496000.0,,351247000.0,-3608000.0,347639000.0,133493000.0,211015000.0,3.11,3.07,67229653.0,67982362.0,243427000.0,,1198153000.0,1328395000.0,61891000.0,,,2946641000.0,,1306962000.0,481536000.0,,462340000.0,5210972000.0,,,,1297545000.0,,,,,,6473464000.0,-172725000.0,3132985000.0,5210972000.0,,9161000.0,,50968000.0,2808000.0,,,,,,156209000.0,,,,,,99489000.0,,48000.0,-92204000.0,,4319000.0,-39996000.0,16783000.0,
2015-06-30,4962226000.0,2795052000.0,2167174000.0,,1459209000.0,,707965000.0,-11640000.0,696325000.0,256944000.0,431563000.0,6.38,6.32,66939110.0,67647689.0,819786000.0,,1197856000.0,1302977000.0,60295000.0,,,3523746000.0,,1324551000.0,486612000.0,,474640000.0,5826909000.0,,,,1047102000.0,,,,,,6615081000.0,-162721000.0,3020515000.0,5826909000.0,,27043000.0,,50586000.0,-26075000.0,,,,,,369505000.0,,,,,,170873000.0,,567000.0,-170397000.0,,17106000.0,401630000.0,593142000.0,
2015-09-30,7495126000.0,4266073000.0,3229053000.0,,2180359000.0,,1048694000.0,-32922000.0,1015772000.0,379769000.0,623764000.0,9.33,9.24,66188236.0,66849766.0,258151000.0,,1291365000.0,1367533000.0,63506000.0,,,3104686000.0,,1372992000.0,678311000.0,,627523000.0,5807153000.0,,,,1549197000.0,,,,,,6730068000.0,-217861000.0,2361251000.0,5807153000.0,,35627000.0,,69784000.0,-12627000.0,,,,,,735930000.0,,,,,463302000.0,253197000.0,,206000.0,-720041000.0,,24415000.0,36600000.0,31507000.0,
2015-12-31,9973384000.0,5741956000.0,4231428000.0,,2931108000.0,,1300320000.0,-49615000.0,1250705000.0,465531000.0,768996000.0,11.69,11.58,65156864.0,65765121.0,290136000.0,,1209641000.0,1414177000.0,226450000.0,,,3048642000.0,,1431241000.0,582336000.0,463294000.0,248246000.0,5857755000.0,,,,1788534000.0,,90501000.0,,,,6802130000.0,-221091000.0,2266634000.0,5857755000.0,206841000.0,46861000.0,-20995000.0,3085000.0,37737000.0,,,,,,989904000.0,,,,,464431000.0,373868000.0,,-466000.0,-843358000.0,,27553000.0,-62551000.0,63492000.0,442486000.0
2016-03-31,2506538000.0,1461485000.0,1045053000.0,,727961000.0,,317092000.0,-19508000.0,297584000.0,105940000.0,186713000.0,3.0,2.98,61668682.0,62099801.0,279906000.0,,1304560000.0,1420897000.0,,,,3138961000.0,,1442191000.0,595487000.0,458230000.0,263719000.0,5964839000.0,,,,1880440000.0,,,,,,6916043000.0,-176010000.0,2267299000.0,5964839000.0,,7456000.0,,84435000.0,-10831000.0,,,,,,153731000.0,,,,,,51797000.0,,206000.0,-45385000.0,,17287000.0,-131342000.0,-10230000.0,
2016-06-30,5070206000.0,2985094000.0,2085112000.0,,1462431000.0,,622681000.0,-42117000.0,580564000.0,209475000.0,359389000.0,5.81,5.77,61278981.0,61699603.0,315997000.0,,1310382000.0,1418678000.0,,,,3190262000.0,,1418705000.0,590109000.0,437521000.0,266200000.0,5964804000.0,,,,1641344000.0,,,,,,7013688000.0,-192310000.0,2133903000.0,5964804000.0,,21135000.0,,98394000.0,-8733000.0,,,,,,326389000.0,,,,,,105717000.0,,597000.0,-73535000.0,,9770000.0,-241780000.0,25861000.0,
2016-09-30,7666494000.0,4541629000.0,3124865000.0,,2179596000.0,,945269000.0,-71520000.0,873749000.0,309251000.0,545262000.0,8.88,8.82,60854548.0,61268119.0,285981000.0,,1326359000.0,1381468000.0,,,,3129192000.0,,1436938000.0,594511000.0,420087000.0,267268000.0,5885509000.0,,,,1536311000.0,,,,,,7125727000.0,-208126000.0,2042713000.0,5885509000.0,,27545000.0,,123922000.0,-41938000.0,,,,,,670383000.0,,,,,159000.0,213622000.0,,405000.0,-185396000.0,,11873000.0,-499901000.0,-4155000.0,
2016-12-31,10137204000.0,6022647000.0,4114557000.0,,2995060000.0,,1119497000.0,-100439000.0,1019058000.0,386220000.0,605928000.0,9.94,9.87,60430892.0,60839930.0,274146000.0,,1223096000.0,1406470000.0,69000.0,,,3020229000.0,,1420891000.0,527150000.0,586126000.0,75136000.0,5694307000.0,,,,1628937000.0,,,,,,7113559000.0,-272294000.0,1797935000.0,5694307000.0,222645000.0,35735000.0,12313000.0,45600000.0,4403000.0,,,,,,1002976000.0,,,,,159000.0,284249000.0,,-1224000.0,-262264000.0,,11905000.0,-754532000.0,-15990000.0,359506000.0
2017-03-31,2541129000.0,1521937000.0,1019192000.0,,723704000.0,,295488000.0,-24815000.0,270673000.0,87820000.0,174744000.0,2.95,2.93,58720066.0,59202882.0,238801000.0,,1325218000.0,1388091000.0,,,,3096183000.0,,1410312000.0,533012000.0,587418000.0,75960000.0,5782549000.0,,,,1688430000.0,,,,,,7216018000.0,-249933000.0,1794802000.0,5782549000.0,,6757000.0,,95419000.0,-27826000.0,,,,,,180946000.0,,,,,,78768000.0,,0.0,-37529000.0,,0.0,-183200000.0,-35345000.0,
2017-06-30,5156398000.0,3097250000.0,2059148000.0,,1531595000.0,,527553000.0,-49684000.0,477869000.0,188057000.0,272665000.0,4.64,4.61,58363416.0,58741262.0,275065000.0,,1369626000.0,1397804000.0,,,,3186347000.0,,1392196000.0,536580000.0,592473000.0,75021000.0,5861881000.0,,,,1410578000.0,,,,,,7239159000.0,-203604000.0,1723328000.0,5861881000.0,,20030000.0,,136844000.0,-29936000.0,,,,,,372178000.0,,,,,,131147000.0,,146000.0,-74835000.0,,0.0,-304484000.0,919000.0,
2017-09-30,7792397000.0,4716069000.0,3076328000.0,,2267605000.0,,808723000.0,-80856000.0,727867000.0,267239000.0,434671000.0,7.43,7.39,58010222.0,58329925.0,284575000.0,,1373323000.0,1391993000.0,,,,3175060000.0,,1395906000.0,543248000.0,582274000.0,72518000.0,5825060000.0,,,,1392523000.0,,,,,,7327140000.0,-134029000.0,1767497000.0,5825060000.0,,27152000.0,,145631000.0,-34851000.0,,,,,,720878000.0,,,,,,191183000.0,,-3554000.0,-99638000.0,,0.0,-619092000.0,10429000.0,
2017-12-31,10424858000.0,6327301000.0,4097557000.0,,3048895000.0,,1048662000.0,-113338000.0,935324000.0,312881000.0,585730000.0,10.07,10.02,57674977.0,57983167.0,326876000.0,,1325186000.0,1429199000.0,137460000.0,,,3205989000.0,,1391967000.0,543903000.0,569115000.0,70918000.0,5804254000.0,,,,1506661000.0,,,,,,7405192000.0,-134674000.0,1690132000.0,5804254000.0,240662000.0,32661000.0,14041000.0,103126000.0,4915000.0,,,,,,1056557000.0,,,,,0.0,237283000.0,,-5726000.0,-146083000.0,,0.0,-867148000.0,52730000.0,334647000.0
2018-03-31,2766401000.0,1674642000.0,1091759000.0,,756929000.0,,334830000.0,-27836000.0,306994000.0,66209000.0,231535000.0,4.09,4.07,56062607.0,56403246.0,302015000.0,,1428233000.0,1434609000.0,,,,3307162000.0,,1370071000.0,549418000.0,570134000.0,72726000.0,5902811000.0,,,,1504332000.0,,,,,,7564319000.0,-122353000.0,1770598000.0,5902811000.0,,11652000.0,,94221000.0,-3136000.0,,,,,,146885000.0,,,,,,49149000.0,,,-31277000.0,,,-146065000.0,-24861000.0,
2018-06-30,5626613000.0,3423913000.0,2202700000.0,,1523884000.0,,678816000.0,-48462000.0,630354000.0,141826000.0,468516000.0,8.29,8.23,56109809.0,56552644.0,312461000.0,,1462603000.0,1464181000.0,,,,3373002000.0,,1359908000.0,535121000.0,533641000.0,75281000.0,5904572000.0,,,,1424495000.0,,,,,,7724635000.0,-167109000.0,1894121000.0,5904572000.0,,27833000.0,,148148000.0,44340000.0,,,,,,394839000.0,,,,,,103083000.0,,0.0,-73789000.0,,,-331371000.0,-14415000.0,
2018-09-30,8458042000.0,5176107000.0,3281935000.0,,2413997000.0,,867938000.0,-66567000.0,801371000.0,197798000.0,572893000.0,10.12,10.04,56339630.0,56803857.0,516850000.0,,1481300000.0,1473117000.0,,,,3583344000.0,,1348914000.0,429818000.0,479521000.0,69860000.0,5932183000.0,,,,1467332000.0,,,,,,7751677000.0,-164862000.0,1937703000.0,5932183000.0,,36241000.0,,171829000.0,53270000.0,,,,,,743004000.0,,,,,,168896000.0,,0.0,-105213000.0,,,-437442000.0,189974000.0,
2018-12-31,11221000000.0,6873000000.0,4348000000.0,,3190000000.0,,1158000000.0,-77000000.0,1081000000.0,258000000.0,782000000.0,13.82,13.73,56142604.0,56534185.0,538000000.0,,1385000000.0,1541000000.0,109000000.0,,,3557000000.0,,1352000000.0,424000000.0,460000000.0,68000000.0,5873000000.0,,,,1501000000.0,,,,,,7869000000.0,-171000000.0,1921000000.0,5873000000.0,,47000000.0,13000000.0,79000000.0,129000000.0,,,,,,1057000000.0,,,,,,239000000.0,,0.0,-166000000.0,,0.0,-670000000.0,211000000.0,229000000.0
2019-03-31,2799000000.0,1704000000.0,1095000000.0,,732000000.0,,363000000.0,-12000000.0,351000000.0,89000000.0,253000000.0,4.5,4.48,55643199.0,55947628.0,392000000.0,,1485000000.0,1523000000.0,,,,3508000000.0,,1358000000.0,425000000.0,446000000.0,263000000.0,6014000000.0,,,,1462000000.0,,,,,,8045000000.0,-168000000.0,1971000000.0,6014000000.0,,5000000.0,,102000000.0,-20000000.0,,,,,,127000000.0,,,,,,60000000.0,,,-52000000.0,,,-221000000.0,-146000000.0,
2019-06-30,5692000000.0,3476000000.0,2216000000.0,,1473000000.0,,743000000.0,-26000000.0,717000000.0,183000000.0,513000000.0,9.19,9.14,55389463.0,55661005.0,315000000.0,,1503000000.0,1535000000.0,,,,3456000000.0,,1380000000.0,429000000.0,437000000.0,277000000.0,5992000000.0,,,,1452000000.0,,,,,,8226000000.0,-156000000.0,1923000000.0,5992000000.0,,23000000.0,,118000000.0,-12000000.0,,,,,,450000000.0,,,,,,107000000.0,,,-91000000.0,,,-586000000.0,-223000000.0,
2019-09-30,8639000000.0,5324000000.0,3315000000.0,,2234000000.0,,1081000000.0,-42000000.0,1039000000.0,261000000.0,746000000.0,13.46,13.4,54962699.0,55220266.0,286000000.0,,1495000000.0,1520000000.0,,,,3396000000.0,,1384000000.0,425000000.0,422000000.0,282000000.0,5922000000.0,,,,1572000000.0,,,,,,8380000000.0,-174000000.0,1871000000.0,5922000000.0,,32000000.0,,119000000.0,-18000000.0,,,,,,770000000.0,,,,,,163000000.0,,,-145000000.0,,,-875000000.0,-252000000.0,
2019-12-31,11486000000.0,7089000000.0,4397000000.0,,3135000000.0,,1262000000.0,-53000000.0,1209000000.0,314000000.0,849000000.0,15.39,15.32,54700000.0,54900000.0,360000000.0,,1425000000.0,1655000000.0,164000000.0,,,3555000000.0,,1400000000.0,429000000.0,304000000.0,306000000.0,6005000000.0,,,,1678000000.0,,,,,,8405000000.0,-154000000.0,1855000000.0,6005000000.0,,40000000.0,13000000.0,42000000.0,106000000.0,,,,,,1042000000.0,,,,,,221000000.0,,0.0,-202000000.0,,-11000000.0,-1023000000.0,-178000000.0,322000000.0
2020-03-31,3001000000.0,1880000000.0,1121000000.0,,962000000.0,,159000000.0,-17000000.0,142000000.0,-43000000.0,173000000.0,3.2,3.19,53600000.0,53800000.0,1492000000.0,,1613000000.0,1615000000.0,,,,4914000000.0,,1357000000.0,361000000.0,226000000.0,309000000.0,7177000000.0,,,,1500000000.0,,,,,,8500000000.0,-217000000.0,1810000000.0,7177000000.0,,9000000.0,,217000000.0,-19000000.0,,,,,,244000000.0,,,,,,50000000.0,,2000000.0,-52000000.0,,,955000000.0,1132000000.0,
2020-06-30,5838000000.0,3701000000.0,2137000000.0,,1773000000.0,,364000000.0,-38000000.0,326000000.0,55000000.0,287000000.0,5.31,5.29,53600000.0,53800000.0,1603000000.0,,1460000000.0,1695000000.0,,,,4918000000.0,,1365000000.0,365000000.0,223000000.0,313000000.0,7194000000.0,,,,1388000000.0,,,,,,8536000000.0,-151000000.0,1929000000.0,7194000000.0,,26000000.0,,113000000.0,144000000.0,,,,,,476000000.0,,,,,,93000000.0,,2000000.0,-82000000.0,,,864000000.0,1243000000.0,
2020-09-30,8856000000.0,5645000000.0,3211000000.0,,2467000000.0,,744000000.0,-56000000.0,688000000.0,118000000.0,527000000.0,9.74,9.7,53600000.0,53900000.0,859000000.0,,1485000000.0,1780000000.0,,,,4273000000.0,,1394000000.0,369000000.0,224000000.0,312000000.0,6583000000.0,,,,1441000000.0,,,,,,8694000000.0,-134000000.0,2131000000.0,6583000000.0,,36000000.0,,145000000.0,222000000.0,,,,,,787000000.0,,,,,,152000000.0,,2000000.0,-132000000.0,,,-147000000.0,499000000.0,
2020-12-31,11797000000.0,7559000000.0,4238000000.0,,3219000000.0,,1019000000.0,-72000000.0,947000000.0,192000000.0,695000000.0,12.88,12.82,53500000.0,53700000.0,585000000.0,,1474000000.0,1733000000.0,169000000.0,,,3919000000.0,,1395000000.0,391000000.0,228000000.0,348000000.0,6295000000.0,,,,1441000000.0,,,,,,8779000000.0,-61000000.0,1828000000.0,6295000000.0,,46000000.0,-20000000.0,121000000.0,158000000.0,,,,,,1123000000.0,,,,,,197000000.0,,2000000.0,-179000000.0,,-18000000.0,-726000000.0,225000000.0,180000000.0
2021-03-31,3084000000.0,1991000000.0,1093000000.0,,735000000.0,,358000000.0,-15000000.0,343000000.0,88000000.0,238000000.0,4.51,4.48,52300000.0,52600000.0,562000000.0,,1576000000.0,1675000000.0,,,,3934000000.0,,1441000000.0,388000000.0,224000000.0,346000000.0,6333000000.0,,,,1531000000.0,,,,,,8948000000.0,-81000000.0,1816000000.0,6333000000.0,,8000000.0,,121000000.0,-52000000.0,,,,,,294000000.0,,,,,,73000000.0,,0.0,-58000000.0,,,-250000000.0,-23000000.0,
2021-06-30,6291000000.0,4074000000.0,2217000000.0,,1525000000.0,,692000000.0,-30000000.0,662000000.0,164000000.0,463000000.0,8.8,8.76,52200000.0,52500000.0,547000000.0,,1634000000.0,1707000000.0,,,,4057000000.0,,1436000000.0,390000000.0,232000000.0,347000000.0,6462000000.0,,,,1589000000.0,,,,,,9089000000.0,-74000000.0,1868000000.0,6462000000.0,,25000000.0,,180000000.0,-22000000.0,,,,,,563000000.0,,,,,,147000000.0,,0.0,-130000000.0,,,-463000000.0,-38000000.0,
2021-09-30,9663000000.0,6196000000.0,3467000000.0,,2337000000.0,,1130000000.0,-46000000.0,1084000000.0,271000000.0,760000000.0,14.48,14.4,52100000.0,52400000.0,328000000.0,,1742000000.0,1786000000.0,,,,4005000000.0,,1429000000.0,387000000.0,233000000.0,336000000.0,6390000000.0,,,,1550000000.0,,,,,,9301000000.0,-94000000.0,1827000000.0,6390000000.0,,33000000.0,,298000000.0,64000000.0,,,,,,724000000.0,,,,,,197000000.0,,0.0,-180000000.0,,,-790000000.0,-257000000.0,
2021-12-31,13022000000.0,8302000000.0,4720000000.0,,3173000000.0,,1547000000.0,-62000000.0,1485000000.0,371000000.0,1043000000.0,19.94,19.84,51900000.0,52200000.0,241000000.0,,1754000000.0,1870000000.0,235000000.0,,,4011000000.0,,1424000000.0,384000000.0,238000000.0,142000000.0,6592000000.0,,,,1528000000.0,,,,,,9500000000.0,-96000000.0,1874000000.0,6592000000.0,173000000.0,42000000.0,23000000.0,324000000.0,152000000.0,,,,,,937000000.0,,,,,,255000000.0,,0.0,-226000000.0,,,-1039000000.0,-344000000.0,
2022-03-31,3647000000.0,2264000000.0,1383000000.0,,849000000.0,,534000000.0,-17000000.0,517000000.0,132000000.0,366000000.0,7.11,7.07,51100000.0,51400000.0,364000000.0,,2001000000.0,1929000000.0,,,,4439000000.0,,1434000000.0,384000000.0,229000000.0,146000000.0,6993000000.0,,,,1742000000.0,,,,,,9782000000.0,-109000000.0,2081000000.0,6993000000.0,,9000000.0,,263000000.0,65000000.0,,,,,,343000000.0,,,,,,57000000.0,,,-57000000.0,,,-159000000.0,123000000.0,
2022-06-30,7484000000.0,4660000000.0,2824000000.0,,1756000000.0,,1068000000.0,-34000000.0,1034000000.0,260000000.0,737000000.0,14.33,14.26,51100000.0,51400000.0,262000000.0,,2099000000.0,1990000000.0,,,,4513000000.0,,1438000000.0,374000000.0,227000000.0,160000000.0,7049000000.0,,,,1750000000.0,,,,,,10066000000.0,-165000000.0,2201000000.0,7049000000.0,,27000000.0,,398000000.0,149000000.0,,,,,,593000000.0,,,,,,163000000.0,,11000000.0,-172000000.0,,,-388000000.0,21000000.0,
2022-09-30,11426000000.0,7083000000.0,4343000000.0,,2672000000.0,,1671000000.0,-50000000.0,1621000000.0,405000000.0,1163000000.0,22.64,22.52,51000000.0,51300000.0,315000000.0,,2158000000.0,2071000000.0,,,,4686000000.0,,1409000000.0,363000000.0,222000000.0,161000000.0,7201000000.0,,,,1785000000.0,,,,,,10402000000.0,-225000000.0,2308000000.0,7201000000.0,,38000000.0,,487000000.0,253000000.0,,,,,,973000000.0,,,,,,208000000.0,,11000000.0,-212000000.0,,,-668000000.0,74000000.0,
2022-12-31,15228000000.0,9379000000.0,5849000000.0,,3634000000.0,,2215000000.0,-69000000.0,2146000000.0,533000000.0,1547000000.0,30.22,30.06,50900000.0,51100000.0,325000000.0,,2133000000.0,2253000000.0,241000000.0,,,4977000000.0,,1461000000.0,371000000.0,232000000.0,180000000.0,7588000000.0,,,,2010000000.0,,,,,,10700000000.0,-180000000.0,2440000000.0,7588000000.0,206000000.0,48000000.0,4000000.0,436000000.0,412000000.0,,,,,,1333000000.0,,,,,,256000000.0,,35000000.0,-263000000.0,,,-972000000.0,84000000.0,
2023-03-31,4091000000.0,2457000000.0,1634000000.0,,954000000.0,,680000000.0,-18000000.0,662000000.0,154000000.0,488000000.0,9.66,9.61,50200000.0,50500000.0,461000000.0,,2294000000.0,2252000000.0,,,,5190000000.0,,1468000000.0,370000000.0,234000000.0,177000000.0,7825000000.0,,,,1924000000.0,,,,,,11101000000.0,-176000000.0,2735000000.0,7825000000.0,,12000000.0,,162000000.0,-4000000.0,,,,,,454000000.0,,,,,,98000000.0,,,-96000000.0,,,-224000000.0,136000000.0,
2023-06-30,8273000000.0,4995000000.0,3278000000.0,,1937000000.0,,1341000000.0,-34000000.0,1307000000.0,309000000.0,958000000.0,18.98,18.89,50200000.0,50400000.0,515000000.0,,2418000000.0,2223000000.0,,,,5343000000.0,,1485000000.0,368000000.0,237000000.0,170000000.0,8031000000.0,,,,1920000000.0,,,,,,11477000000.0,-184000000.0,2935000000.0,8031000000.0,,31000000.0,,303000000.0,-28000000.0,,,,,,904000000.0,,,,,,193000000.0,,0.0,-191000000.0,,,-521000000.0,190000000.0,
2023-09-30,12481000000.0,7548000000.0,4933000000.0,,2925000000.0,,2008000000.0,-49000000.0,1959000000.0,468000000.0,1434000000.0,28.45,28.32,50100000.0,50300000.0,601000000.0,,2444000000.0,2196000000.0,,,,5412000000.0,,1543000000.0,364000000.0,238000000.0,170000000.0,8140000000.0,,,,1898000000.0,,,,,,11859000000.0,-219000000.0,3090000000.0,8140000000.0,,49000000.0,,351000000.0,-42000000.0,,,,,,1427000000.0,,,,,,318000000.0,,0.0,-307000000.0,,,-839000000.0,276000000.0,
2023-12-31,16478000000.0,9982000000.0,6496000000.0,,3931000000.0,,2565000000.0,-65000000.0,2500000000.0,597000000.0,1829000000.0,36.39,36.23,49900000.0,50100000.0,660000000.0,,2192000000.0,2266000000.0,271000000.0,,,5274000000.0,,1658000000.0,370000000.0,234000000.0,182000000.0,8147000000.0,,,,1831000000.0,,,,,,12162000000.0,-172000000.0,3115000000.0,8147000000.0,277000000.0,62000000.0,-15000000.0,98000000.0,16000000.0,,,,,,2031000000.0,,,,,,445000000.0,,-2000000.0,-422000000.0,,,-1278000000.0,335000000.0,
2024-03-31,4235000000.0,2567000000.0,1668000000.0,,999000000.0,,669000000.0,-14000000.0,655000000.0,158000000.0,478000000.0,9.65,9.62,49200000.0,49400000.0,804000000.0,,2330000000.0,2178000000.0,,,,5540000000.0,,1667000000.0,364000000.0,236000000.0,185000000.0,8400000000.0,,,,2528000000.0,,,,,,12548000000.0,-207000000.0,3199000000.0,8400000000.0,,11000000.0,,163000000.0,-76000000.0,,,,,,661000000.0,,,,,,119000000.0,,,-118000000.0,,,-391000000.0,144000000.0,
2024-06-30,8547000000.0,5185000000.0,3362000000.0,,2044000000.0,,1318000000.0,-27000000.0,1291000000.0,304000000.0,948000000.0,19.2,19.13,49100000.0,49300000.0,769000000.0,,2344000000.0,2169000000.0,,,,5521000000.0,,1667000000.0,360000000.0,237000000.0,171000000.0,8352000000.0,,,,2397000000.0,,,,,,12917000000.0,-248000000.0,3277000000.0,8352000000.0,,34000000.0,,205000000.0,-71000000.0,,,,,,1072000000.0,,,,,,195000000.0,,-17000000.0,-177000000.0,,,-763000000.0,109000000.0,
2024-09-30,12935000000.0,7853000000.0,5082000000.0,,3078000000.0,,2004000000.0,-42000000.0,1962000000.0,470000000.0,1434000000.0,29.1,29.0,49000000.0,49200000.0,1448000000.0,,2346000000.0,2170000000.0,,,,6183000000.0,,1746000000.0,366000000.0,247000000.0,172000000.0,9114000000.0,,,,2383000000.0,,,,,,13302000000.0,-210000000.0,3503000000.0,9114000000.0,,48000000.0,,183000000.0,-86000000.0,,,,,,1683000000.0,,,,,,283000000.0,,-19000000.0,-262000000.0,,,-615000000.0,788000000.0,
