Date,Net sales,Cost of sales,Gross margin,Research and development,"Selling, general and administrative",Total operating expenses,Operating income,"Other income/(expense), net",Income before provision for income taxes,Provision for income taxes,Net income,Earnings per share basic,Earnings per share diluted,Weighted-average basic,Weighted-average diluted,Cash and cash equivalents,Short-term marketable securities,"Accounts receivable, net",Inventories,Deferred tax assets,Vendor non-trade receivables,Other current assets,Total current assets,Long-term marketable securities,"Property, Plant and Equipment, Net",Goodwill,"Acquired intangible assets, net","Other Assets, Noncurrent",Total assets,accounts payable,Accrued expenses,Deferred revenue,Total current liabilities,Deferred revenue - non-current,deferred tax liabilities,long term taxes payable,Total other non-current liabilities,Total liabilities,Retained Earnings (Accumulated Deficit),Accumulated other comprehensive (loss)/income,Total shareholders equity,Total liabilities and shareholders' equity,"Depreciation, amortization and accretion",Stock-based compensation expense,Deferred income tax expense,"Increase (Decrease) in Accounts receivable, net",Increase (Decrease) in Inventories,Increase (Decrease) in Other Receivables,Increase (Decrease) in Other Operating Assets,Increase (Decrease) in Accounts Payable,Increase (Decrease) in Deferred Revenue,Increase (Decrease) Other liabilities,Cash generated by operating activities,Purchases of marketable securities,Proceeds from maturities of marketable securities,Proceeds from sales of marketable securities,Purchases of other long-term investments,"Business acquisitions, net of cash acquired",Cash payments for capital asset purchases,Payments for acquisition of intangible assets,Payments for (Proceeds from) Other Investing Activities,Cash used in investing activities,Proceeds from issuance of common stock,Excess tax benefits from stock-based compensation,Cash generated/used in financing activities,Increase/(decrease) in cash and cash equivalents,"Cash paid for income taxes, net"
2010-06-30,,,,,,,,,63727000.0,-24774000.0,88501000.0,0.04,0.04,716580.0,719387.0,1125776000.0,,,,,,,,,492859000.0,444268000.0,,,51770838000.0,,,,,,,,,46332402000.0,-2910115000.0,-84398000.0,5438436000.0,51770838000.0,,,,,,,,,,,784649000.0,3985907000.0,1691002000.0,2303397000.0,,,32121000.0,,-1442000.0,-563222000.0,0.0,,-616995000.0,-395568000.0,148210000.0
2010-09-30,,,,,,,,,194362000.0,29690000.0,189447000.0,0.14,0.14,716911.0,719567.0,1139226000.0,,,,,,,,,489349000.0,444268000.0,,,53246776000.0,,,,,,,,,47679373000.0,-2846392000.0,-28396000.0,5567403000.0,53246776000.0,,,,,,,,,,,866116000.0,6610248000.0,2639403000.0,3120777000.0,,,45951000.0,,-1917000.0,-1834516000.0,0.0,,586282000.0,-382118000.0,148518000.0
2010-12-31,,,,,,,,,352311000.0,39964000.0,312347000.0,0.19,0.19,726934000.0,729532000.0,847888000.0,,,,,,,,,491602000.0,444268000.0,,,53819642000.0,,,,,,,,,48839100000.0,-2814433000.0,-197496000.0,4980542000.0,53819642000.0,,,,,,,,,,,840823000.0,8769767000.0,3288714000.0,4280518000.0,,,68200000.0,,-3770000.0,-2776784000.0,886172000.0,,1262505000.0,-673456000.0,-121401000.0
2011-03-31,,,,,,,,,161191000.0,34745000.0,126446000.0,0.14,0.14,863359000.0,867237000.0,1208820000.0,,,,,,,,,500736000.0,444268000.0,,,52948509000.0,,,,,,,,,47909910000.0,-2704350000.0,-203921000.0,5038599000.0,52948509000.0,,,,,,,,,,,754961000.0,1287517000.0,449045000.0,1457057000.0,,,26587000.0,,-92000.0,341684000.0,,,-735713000.0,360932000.0,12033000.0
2011-06-30,,,,,,,,,356089000.0,83725000.0,272364000.0,0.3,0.3,863358000.0,867469000.0,983882000.0,,,,,,,,,528590000.0,444268000.0,,,53050039000.0,,,,,,,,,47797396000.0,-2574855000.0,-122543000.0,5252643000.0,53050039000.0,,,,,,,,,,,1190355000.0,2342790000.0,1054306000.0,2697629000.0,,,71827000.0,,-122000.0,-74953000.0,,,-979408000.0,135994000.0,42817000.0
2011-09-30,,,,,,,,,538422000.0,122667000.0,415755000.0,0.45,0.45,863911.0,867633.0,,,,,,,,,,543324000.0,444268000.0,,,54978707000.0,,,,,,,,,49578228000.0,-2474205000.0,-80404000.0,5400479000.0,54978707000.0,,,,,,,,,,,1386714000.0,3578931000.0,1596552000.0,2804769000.0,,,102431000.0,,59763000.0,-617962000.0,,,573636000.0,1342388000.0,68366000.0
2011-12-31,,,,,,,,,707234000.0,164621000.0,542613000.0,0.59,0.59,863691000.0,867624000.0,,,,,364826000.0,,,,,564429000.0,444268000.0,,,54450652000.0,,,,,,,,,49032552000.0,-2389639000.0,-173763000.0,5418100000.0,54450652000.0,,,159193000.0,,,,,,,,1594787000.0,4283866000.0,2489049000.0,3205884000.0,,,143763000.0,,59558000.0,-1304706000.0,0.0,,-22001000.0,268080000.0,80065000.0
2012-03-31,,,,,,,,,205447000.0,52177000.0,153270000.0,0.17,0.17,864499.0,869164.0,1111217000.0,,,,,,,,,577538000.0,444268000.0,,,55876654000.0,,,,,,,,,50326826000.0,-2279137000.0,-157816000.0,5549828000.0,55876654000.0,,,,,,,,,,,277270000.0,1416630000.0,496689000.0,145938000.0,,,29342000.0,,0.0,-803279000.0,,,521258000.0,-4751000.0,3117000.0
2012-06-30,,,,,,,,,407439000.0,101463000.0,305976000.0,0.34,0.33,863380.0,868357.0,1218588000.0,,,,,,,,,583057000.0,444268000.0,,,56622959000.0,,,,,,,,,50973728000.0,-2168768000.0,-135977000.0,5649231000.0,56622959000.0,,,,,,,,,,,560775000.0,1779203000.0,949026000.0,307160000.0,,,55477000.0,,-2205000.0,-1504160000.0,,,1046005000.0,102620000.0,4703000.0
2012-09-30,,,,,,,,,603497000.0,129754000.0,473743000.0,0.52,0.52,861543000.0,866768000.0,797601000.0,,,,,,,,,590750000.0,444268000.0,,,56443000000.0,,,,,,,,,50635396000.0,-2043405000.0,-84542000.0,5807604000.0,56443000000.0,,,,,,,,,,,674678000.0,2074313000.0,1389995000.0,830528000.0,,,82862000.0,,-3497000.0,-1612535000.0,,,619490000.0,-318367000.0,5581000.0
2012-12-31,,,,,,,,,825117000.0,184095000.0,641022000.0,0.71,0.71,857962000.0,863402000.0,,,,,203875000.0,,,,,617257000.0,444268000.0,,,56153185000.0,,,,,,,,,50362974000.0,-1917933000.0,-150817000.0,5790211000.0,56153185000.0,,,153123000.0,,,,,,,,1002130000.0,2384824000.0,1776594000.0,957930000.0,,,129641000.0,,-4698000.0,-1082978000.0,0.0,,227686000.0,146838000.0,6389000.0
2013-03-31,,,,,,,,,203994000.0,52214000.0,151780000.0,0.17,0.17,841103000.0,848708000.0,828688000.0,,,,,,,,,620833000.0,444268000.0,,,56054966000.0,,,,,,,,,50187828000.0,-1807746000.0,-159955000.0,5867138000.0,56054966000.0,,8021000.0,49939000.0,,,,,,,,211909000.0,618975000.0,438838000.0,230038000.0,,,23942000.0,,-401000.0,-515681000.0,,,-130346000.0,-434118000.0,3254000.0
2013-06-30,,,,,,,,,406999000.0,104568000.0,302431000.0,0.34,0.34,837917000.0,846274000.0,993906000.0,,,,,,,,,626745000.0,444268000.0,,,56113687000.0,,,,,,,,,50330172000.0,-1706673000.0,-283736000.0,5783515000.0,56113687000.0,,17896000.0,72943000.0,,,,,,,,409088000.0,777389000.0,772700000.0,328031000.0,,,49127000.0,,-2015000.0,-605923000.0,,,-72065000.0,-268900000.0,49699000.0
2013-09-30,,,,,,,,,647618000.0,166700000.0,480918000.0,0.55,0.54,835410000.0,844524000.0,1107658000.0,,,,,,,,,639632000.0,444268000.0,,,56648251000.0,,,,,,,,,50686672000.0,-1578401000.0,-230767000.0,5961579000.0,56648251000.0,,27643000.0,54008000.0,,,,,,,,813294000.0,830992000.0,1161018000.0,362434000.0,,,89100000.0,,-2550000.0,-1212768000.0,,,244326000.0,-155148000.0,99538000.0
2013-12-31,,,,,,,,,854555000.0,215814000.0,638741000.0,0.73,0.72,834205000.0,843974000.0,1001132000.0,,,,137568000.0,,,,,634657000.0,444268000.0,,,59476344000.0,,,,,,,,,53377021000.0,-1470154000.0,-214009000.0,6099323000.0,59476344000.0,,37007000.0,97440000.0,,,,,,,,1013245000.0,1416795000.0,1414114000.0,410106000.0,,,102208000.0,,-4345000.0,-4240333000.0,,,2965414000.0,-261674000.0,109432000.0
2014-03-31,,,,,,,,,201240000.0,52097000.0,149143000.0,0.17,0.17,829659000.0,842677000.0,973264000.0,,,,,,,,,628966000.0,505448000.0,,,61145753000.0,,,,,,,,,54969519000.0,-1379832000.0,-201747000.0,6176234000.0,61145753000.0,,9418000.0,-17054000.0,,,,,,,,155964000.0,1655751000.0,265286000.0,1063118000.0,,,10613000.0,,-1704000.0,-956518000.0,2597000.0,,772686000.0,-27868000.0,114000.0
2014-06-30,,,,,,,,,423334000.0,109572000.0,313762000.0,0.36,0.36,825603000.0,838546000.0,1218453000.0,,,,,,,,,622289000.0,505448000.0,,,63797113000.0,,,,,,,,,57556322000.0,-1264129000.0,-159727000.0,6240791000.0,63797113000.0,,22792000.0,-10280000.0,,,,,,,,382599000.0,2603602000.0,498227000.0,1070305000.0,,,22595000.0,223000.0,-2552000.0,-3347255000.0,2597000.0,,3181977000.0,217321000.0,57750000.0
2014-09-30,,,,,,,,,632220000.0,163442000.0,468778000.0,0.54,0.53,820884000.0,833927000.0,879862000.0,,,,,,,,,613214000.0,522541000.0,,,64330629000.0,,,,,,,,,58046419000.0,-1159168000.0,-182016000.0,6284210000.0,64330629000.0,,33656000.0,12266000.0,,,,,,,,629226000.0,3436111000.0,1056833000.0,1093176000.0,,,31559000.0,946000.0,-3495000.0,-3533590000.0,2597000.0,,2783094000.0,-121270000.0,87454000.0
2014-12-31,,,,,,,,,852985000.0,220593000.0,632392000.0,0.73,0.72,819917000.0,833081000.0,1220565000.0,,,,117447000.0,,,,,616407000.0,522541000.0,,,66298010000.0,,,,,,,,,59969840000.0,-1052324000.0,-222292000.0,6328170000.0,66298010000.0,,43666000.0,35174000.0,,,,,,,,888786000.0,4553857000.0,1480505000.0,1152907000.0,,,58862000.0,946000.0,-6074000.0,-5004781000.0,2597000.0,,4335428000.0,219433000.0,139918000.0
2015-03-31,,,,,,,,,219860000.0,54006000.0,165854000.0,0.19,0.19,809778000.0,823809000.0,899876000.0,,,,,,,,,607263000.0,678369000.0,,,68002661000.0,,,,,,,,,61540707000.0,-943525000.0,-160832000.0,6461954000.0,68002661000.0,,11095000.0,-14467000.0,,,,,,,,-18257000.0,878256000.0,397406000.0,0.0,,,13094000.0,0.0,-1278000.0,-1168806000.0,0.0,,866374000.0,-320689000.0,353000.0
2015-06-30,,,,,,,,,480123000.0,118063000.0,362060000.0,0.43,0.42,808335000.0,822023000.0,1379969000.0,,,,,,,,,615436000.0,678369000.0,,,68845648000.0,,,,,,,,,62349390000.0,-804884000.0,-185650000.0,6496258000.0,68845648000.0,,25573000.0,24138000.0,,,,,,,,86095000.0,1798749000.0,916486000.0,20126000.0,,,43093000.0,0.0,-1327000.0,-1521903000.0,0.0,,1595212000.0,159404000.0,87986000.0
2015-09-30,,,,,,,,,679713000.0,165065000.0,514648000.0,0.61,0.6,805851000.0,819458000.0,1024358000.0,,,,,,,,,620515000.0,676869000.0,,,70210178000.0,,,,,,,,,63627541000.0,-708341000.0,-139739000.0,6582637000.0,70210178000.0,,39136000.0,10957000.0,,,,,,,,400826000.0,3272586000.0,1477446000.0,151326000.0,,,69021000.0,0.0,-581000.0,-3259672000.0,0.0,,2662639000.0,-196207000.0,117225000.0
2015-12-31,,,,,,,,,913605000.0,220648000.0,692957000.0,0.82,0.81,803412000.0,817129000.0,847156000.0,,,,50723000.0,,,,,620540000.0,676869000.0,,,71044551000.0,,,,,,,,,64449945000.0,-594067000.0,-226158000.0,6594606000.0,71044551000.0,,51415000.0,68776000.0,,,,,,,,1033362000.0,4506764000.0,1907669000.0,163224000.0,,457836000.0,93097000.0,0.0,-7802000.0,-4928654000.0,0.0,,3521883000.0,-373409000.0,153590000.0
2016-03-31,,,,,,,,,226271000.0,54957000.0,171314000.0,0.21,0.2,795755000.0,808349000.0,816248000.0,,,,,,,,,611603000.0,676869000.0,,,72644967000.0,,,,,,,,,65487297000.0,-487717000.0,-167286000.0,7157670000.0,72644967000.0,,11268000.0,-4366000.0,,,,,,,,191790000.0,691607000.0,217015000.0,,,0.0,12157000.0,,-920000.0,-1589443000.0,386348000.0,,1366745000.0,-30908000.0,1051000.0
2016-06-30,,,,,,,,,455094000.0,109240000.0,345854000.0,0.4,0.39,798167000.0,810371000.0,867180000.0,,,,,,,,,596642000.0,676869000.0,,,73954017000.0,,,,,,,,,66446713000.0,-390838000.0,-134042000.0,7507304000.0,73954017000.0,,27799000.0,-6864000.0,,,,,,,,286638000.0,1405035000.0,467633000.0,170986000.0,,0.0,19846000.0,,-2698000.0,-2595993000.0,584987000.0,,2329379000.0,20024000.0,3099000.0
2016-09-30,,,,,,,,,606847000.0,133989000.0,472858000.0,0.51,0.5,938578000.0,952081000.0,1661939000.0,,,,,,,,,828440000.0,2004348000.0,,,100765412000.0,,,,,,,,,90378647000.0,-359380000.0,-172175000.0,10386765000.0,100765412000.0,,48568000.0,-18094000.0,,,,,,,,685806000.0,5434332000.0,1266031000.0,3893482000.0,,133218000.0,63688000.0,,249000.0,-2859987000.0,584936000.0,,2988964000.0,814783000.0,3869000.0
2016-12-31,,,,,,,,,919762000.0,207941000.0,711821000.0,0.72,0.7,904438000.0,918790000.0,1384770000.0,,,,117095000.0,,,,,815508000.0,1992849000.0,,,99714097000.0,,,,,,,,,89405951000.0,-226844000.0,-401016000.0,10308146000.0,99714097000.0,,65608000.0,164747000.0,,,,,,,,1215302000.0,10887582000.0,2113383000.0,6154326000.0,,133218000.0,120438000.0,0.0,456000.0,-3445353000.0,0.0,,2767665000.0,537614000.0,4979000.0
2017-03-31,,,,,,,,,267378000.0,59284000.0,208094000.0,0.17,0.17,1086374000.0,1108617000.0,1308813000.0,,,,,,,,,852582000.0,1992849000.0,,,100045506000.0,,,,,,,,,89608359000.0,-126244000.0,-390860000.0,10437147000.0,100045506000.0,,-1885000.0,-20271000.0,,,,,,,,395751000.0,887880000.0,116261000.0,165364000.0,,,55485000.0,,6094000.0,-737067000.0,,,265359000.0,-75957000.0,1059000.0
2017-06-30,,,,,,,,,617766000.0,137931000.0,479835000.0,0.41,0.4,1088934000.0,1108572000.0,1515476000.0,,,,,,,,,855347000.0,1992849000.0,,,101406779000.0,,,,,,,,,90752597000.0,33557000.0,-350357000.0,10654182000.0,101406779000.0,,52045000.0,11725000.0,,,,,,,,558744000.0,1891781000.0,715893000.0,411763000.0,,,112566000.0,,-8343000.0,-1580141000.0,,,1152103000.0,130706000.0,54434000.0
2017-09-30,,,,,,,,,982278000.0,227875000.0,754403000.0,0.64,0.63,1087115000.0,1107878000.0,1193738000.0,,,,,,,,,853290000.0,1992849000.0,,,101988126000.0,,,,,,,,,91289277000.0,201215000.0,-369963000.0,10698849000.0,101988126000.0,,72747000.0,36244000.0,,,,,,,,1106295000.0,3208608000.0,1081091000.0,1255152000.0,,0.0,144637000.0,,-11556000.0,-2701959000.0,,,1404632000.0,-191032000.0,71165000.0
2017-12-31,,,,,,,,,1394000000.0,208000000.0,1186000000.0,1.02,1.0,1084686000.0,1136186000.0,1520000000.0,,,,,,,,,864000000.0,1993000000.0,,,104185000000.0,,,,,,,,,93371000000.0,588000000.0,-528000000.0,10814000000.0,104185000000.0,,92000000.0,168000000.0,,,,,,,,1954000000.0,5418000000.0,1946000000.0,2490000000.0,,0.0,194000000.0,,-17000000.0,-4866000000.0,,,3047000000.0,135000000.0,84000000.0
2018-03-31,214000000.0,,,,,,,,385000000.0,59000000.0,326000000.0,0.29,0.28,1083836000.0,1124778000.0,1069000000.0,,,,,,,,,847000000.0,1993000000.0,,,104246000000.0,,,,,,,,,92938000000.0,780000000.0,-677000000.0,11308000000.0,104246000000.0,,15000000.0,93000000.0,,,,,,,,294000000.0,507000000.0,462000000.0,203000000.0,,,16000000.0,,-9000000.0,-776000000.0,,,31000000.0,-451000000.0,11000000.0
2018-06-30,431000000.0,,,,,,,,797000000.0,116000000.0,681000000.0,0.59,0.58,1103337000.0,1124000000.0,1382000000.0,,,,,,,,,840000000.0,1993000000.0,,,105358000000.0,,,,,,,,,93886000000.0,990000000.0,-730000000.0,11472000000.0,105358000000.0,,44000000.0,139000000.0,,,,,,,,602000000.0,771000000.0,1014000000.0,381000000.0,,,38000000.0,,-18000000.0,-1458000000.0,,,718000000.0,-138000000.0,-113000000.0
2018-09-30,654000000.0,,,,,,,,1237000000.0,178000000.0,1059000000.0,0.92,0.9,1091000000.0,1117000000.0,1299000000.0,,,,,,,,,827000000.0,1993000000.0,,,105652000000.0,,,,,,,,,94718000000.0,1196000000.0,-790000000.0,10934000000.0,105652000000.0,,59000000.0,125000000.0,,,,,,,,1144000000.0,1044000000.0,1539000000.0,381000000.0,,,62000000.0,,-50000000.0,-1977000000.0,,,612000000.0,-221000000.0,-112000000.0
2018-12-31,881000000.0,,,,,,,,1628000000.0,235000000.0,1393000000.0,1.22,1.2,1081542000.0,1105985000.0,2672000000.0,,,,,,,,,790000000.0,1989000000.0,,,108781000000.0,,,,,,,,,97679000000.0,1361000000.0,-609000000.0,11102000000.0,108781000000.0,,78000000.0,63000000.0,,,,,,,,1726000000.0,2485000000.0,2109000000.0,1419000000.0,,15000000.0,110000000.0,0.0,-67000000.0,-3663000000.0,,,3089000000.0,1152000000.0,-52000000.0
2019-03-31,222000000.0,,,,,,,,421000000.0,63000000.0,358000000.0,0.32,0.32,1047000000.0,1066000000.0,1336000000.0,,,,,,,,,784000000.0,1990000000.0,,,108203000000.0,,,,,,,,,96771000000.0,1551000000.0,-455000000.0,11432000000.0,108203000000.0,,17000000.0,15000000.0,,,,,,,,497000000.0,354000000.0,335000000.0,0.0,,,24000000.0,,-14000000.0,-515000000.0,,,-1318000000.0,-1336000000.0,1000000.0
2019-06-30,457000000.0,,,,,,,,848000000.0,126000000.0,722000000.0,0.66,0.64,1045899000.0,1062959000.0,1598000000.0,,,,,,,,,774000000.0,1990000000.0,,,108247000000.0,,,,,,,,,96579000000.0,1750000000.0,-273000000.0,11668000000.0,108247000000.0,,48000000.0,29000000.0,,,,,,,,852000000.0,1890000000.0,768000000.0,1546000000.0,,,51000000.0,,-29000000.0,-579000000.0,,,-1347000000.0,-1074000000.0,-19000000.0
2019-09-30,697000000.0,,,,,,,,1287000000.0,193000000.0,1094000000.0,1.0,0.98,1042246000.0,1059064000.0,1636000000.0,,,,,,,,,775000000.0,1990000000.0,,,108735000000.0,,,,,,,,,96826000000.0,1946000000.0,-175000000.0,11909000000.0,108735000000.0,,64000000.0,-6000000.0,,,,,,,,898000000.0,3174000000.0,1338000000.0,1746000000.0,,,82000000.0,,-49000000.0,-763000000.0,,,-1171000000.0,-1036000000.0,54000000.0
2019-12-31,939000000.0,,,,,,,,1659000000.0,248000000.0,1411000000.0,1.29,1.27,1038840000.0,1056079000.0,,,,,,,,,,763000000.0,1990000000.0,,,109002000000.0,,,,,,,,,97207000000.0,2088000000.0,-256000000.0,11795000000.0,109002000000.0,,83000000.0,23000000.0,,,,,,,,1574000000.0,6036000000.0,2124000000.0,3903000000.0,,0.0,107000000.0,,-228000000.0,-1877000000.0,,,-1199000000.0,-1502000000.0,111000000.0
2020-03-31,227000000.0,,,,,,,,58000000.0,10000000.0,48000000.0,0.03,0.03,1017643000.0,1034576000.0,,,,,,,,,,743000000.0,1990000000.0,,,113897000000.0,,,,,,,,,102128000000.0,1657000000.0,227000000.0,11769000000.0,113897000000.0,,15000000.0,-37000000.0,,,,,,,,498000000.0,2476000000.0,669000000.0,19000000.0,,,11000000.0,,-35000000.0,-4322000000.0,,,4421000000.0,597000000.0,2000000.0
2020-06-30,428000000.0,,,,,,,,239000000.0,41000000.0,198000000.0,0.16,0.16,1016951000.0,1031629000.0,,,,,,,,,,751000000.0,1990000000.0,,,118425000000.0,,,,,,,,,106111000000.0,1633000000.0,290000000.0,12314000000.0,118425000000.0,,40000000.0,-66000000.0,,,,,,,,710000000.0,2744000000.0,1947000000.0,390000000.0,,,49000000.0,,-21000000.0,-4369000000.0,,,8782000000.0,5123000000.0,10000000.0
2020-09-30,652000000.0,,,,,,,,597000000.0,96000000.0,501000000.0,0.43,0.42,1017253000.0,1031573000.0,,,,,,,,,,752000000.0,1990000000.0,,,120116000000.0,,,,,,,,,107199000000.0,1752000000.0,257000000.0,12917000000.0,120116000000.0,,60000000.0,-123000000.0,,,,,,,,1259000000.0,5988000000.0,3657000000.0,392000000.0,,,82000000.0,,-34000000.0,-6152000000.0,,,9998000000.0,5105000000.0,48000000.0
2020-12-31,884000000.0,,,,,,,,972000000.0,155000000.0,817000000.0,0.71,0.69,1017117000.0,1032683000.0,,,,,,,,,,757000000.0,1990000000.0,,,123038000000.0,,,,,,,,,110045000000.0,1878000000.0,192000000.0,12993000000.0,123038000000.0,,77000000.0,-93000000.0,,,,,,,,1323000000.0,11104000000.0,5697000000.0,392000000.0,,0.0,119000000.0,,-67000000.0,-8639000000.0,,,12741000000.0,5425000000.0,81000000.0
2021-03-31,222000000.0,,,,,,,,634000000.0,102000000.0,532000000.0,0.49,0.48,1017512000.0,1041003000.0,,,,,,,,,,747000000.0,1990000000.0,,,125768000000.0,,,,,,,,,112168000000.0,2223000000.0,-56000000.0,13600000000.0,125768000000.0,,28000000.0,61000000.0,,,,,,,,-111000000.0,4857000000.0,1758000000.0,10000000.0,,,22000000.0,,-21000000.0,-376000000.0,,,2481000000.0,1994000000.0,3000000.0
2021-06-30,479000000.0,,,,,,,,633000000.0,116000000.0,517000000.0,0.41,0.4,1125039000.0,1125039000.0,,,,,,,,,,1128000000.0,5316000000.0,,,175172000000.0,,,,,,,,,154641000000.0,1939000000.0,-19000000.0,20511000000.0,175172000000.0,,66000000.0,34000000.0,,,,,,,,988000000.0,10285000000.0,3683000000.0,5838000000.0,,,99000000.0,,-118000000.0,3986000000.0,,,1686000000.0,6660000000.0,200000000.0
2021-09-30,794000000.0,,,,,,,,1101000000.0,206000000.0,894000000.0,0.65,0.63,1462736000.0,1487335000.0,,,,,,,,,,1126000000.0,5316000000.0,,,173878000000.0,,,,,,,,,154379000000.0,2051000000.0,-125000000.0,19479000000.0,173878000000.0,,97000000.0,40000000.0,,,,,,,,1565000000.0,14995000000.0,5408000000.0,5860000000.0,,,157000000.0,,-98000000.0,789000000.0,,,796000000.0,3150000000.0,262000000.0
2021-12-31,1113000000.0,,,,,,,,1591000000.0,294000000.0,1295000000.0,0.91,0.9,1262435000.0,1286733000.0,,,,,1000000.0,,,,,1164000000.0,5349000000.0,,,174064000000.0,,,,,,,,,154746000000.0,2202000000.0,-229000000.0,19297000000.0,174064000000.0,,129000000.0,-76000000.0,,,,,,,,2062000000.0,19936000000.0,7275000000.0,5892000000.0,,,247000000.0,,-91000000.0,-3962000000.0,,,827000000.0,-1073000000.0,269000000.0
2022-03-31,308000000.0,,,,,,,,567000000.0,105000000.0,460000000.0,0.3,0.29,1438427000.0,1464327000.0,,,,,,,,,,1173000000.0,5349000000.0,,,176856000000.0,,,,,,,,,158375000000.0,2408000000.0,-1314000000.0,18452000000.0,176856000000.0,,40000000.0,52000000.0,,,,,,,,849000000.0,3866000000.0,1376000000.0,0.0,,,73000000.0,,-50000000.0,-5355000000.0,,,3508000000.0,-998000000.0,-18000000.0
2022-06-30,630000000.0,,,,,,,,1228000000.0,225000000.0,999000000.0,0.65,0.64,1441200000.0,1463810000.0,,,,,,,,,,1175000000.0,5571000000.0,,,178782000000.0,,,,,,,,,160803000000.0,2691000000.0,-2098000000.0,17950000000.0,178782000000.0,,63000000.0,108000000.0,,,,,,,,1824000000.0,5246000000.0,2401000000.0,0.0,,223000000.0,123000000.0,,-62000000.0,-9205000000.0,,,5767000000.0,-1614000000.0,-110000000.0
2022-09-30,975000000.0,,,,,,,,1971000000.0,371000000.0,1593000000.0,1.05,1.03,1442591000.0,1465083000.0,,,,,,,,,,1171000000.0,5571000000.0,,,179402000000.0,,,,,,,,,162231000000.0,3029000000.0,-3276000000.0,17136000000.0,179402000000.0,,82000000.0,164000000.0,,,,,,,,2670000000.0,6365000000.0,3298000000.0,0.0,,223000000.0,165000000.0,,-63000000.0,-10346000000.0,,,6530000000.0,-1146000000.0,-113000000.0
2022-12-31,1318000000.0,,,,,,,,2764000000.0,515000000.0,2238000000.0,1.47,1.45,1441279000.0,1465220000.0,,,,,534000000.0,,,,,1156000000.0,5571000000.0,,,182906000000.0,,,,,,,,,165137000000.0,3419000000.0,-3098000000.0,17731000000.0,182906000000.0,,105000000.0,319000000.0,,,,,,,,4027000000.0,7107000000.0,4053000000.0,0.0,,223000000.0,214000000.0,,-192000000.0,-11609000000.0,,,8764000000.0,1182000000.0,-109000000.0
2023-03-31,377000000.0,,,,,,,,750000000.0,144000000.0,602000000.0,0.4,0.39,1443268000.0,1469279000.0,,,,,,,,,,1136000000.0,5561000000.0,,,189070000000.0,,,,,,,,,170259000000.0,3764000000.0,-2755000000.0,18758000000.0,189070000000.0,,25000000.0,55000000.0,,,,,,,,130000000.0,1168000000.0,432000000.0,435000000.0,,,25000000.0,,-169000000.0,-2299000000.0,,,5834000000.0,3665000000.0,-59000000.0
2023-06-30,709000000.0,,,,,,,,1449000000.0,278000000.0,1161000000.0,0.76,0.74,1446372000.0,1467500000.0,,,,,,,,,,1128000000.0,5561000000.0,,,188505000000.0,,,,,,,,,169667000000.0,4052000000.0,-3006000000.0,18788000000.0,188505000000.0,,48000000.0,38000000.0,,,,,,,,760000000.0,1549000000.0,1060000000.0,736000000.0,,0.0,57000000.0,,-43000000.0,-1132000000.0,,,4747000000.0,4375000000.0,93000000.0
2023-09-30,1047000000.0,,,,,,,,2137000000.0,414000000.0,1708000000.0,1.11,1.09,1447993000.0,1467611000.0,,,,,,,,,,1096000000.0,5561000000.0,,,186650000000.0,,,,,,,,,168120000000.0,4334000000.0,-3622000000.0,18483000000.0,186650000000.0,,73000000.0,12000000.0,,,,,,,,1759000000.0,1710000000.0,1743000000.0,738000000.0,,0.0,80000000.0,,-65000000.0,312000000.0,,,2660000000.0,4731000000.0,6000000.0
2023-12-31,1400000000.0,,,,,,,,2384000000.0,413000000.0,1951000000.0,1.26,1.24,1446449000.0,1468016000.0,,,,,710000000.0,,,,,1109000000.0,5561000000.0,,,189368000000.0,,,,,,,,,169970000000.0,4322000000.0,-2676000000.0,19353000000.0,189368000000.0,,97000000.0,-302000000.0,,,,,,,,2657000000.0,4965000000.0,2689000000.0,767000000.0,,,140000000.0,,-88000000.0,-2997000000.0,,,3765000000.0,3425000000.0,90000000.0
2024-03-31,336000000.0,,,,,,,,510000000.0,86000000.0,419000000.0,0.26,0.26,1448492000.0,1473335000.0,,,,,,,,,,1095000000.0,5561000000.0,,,193519000000.0,,,,,,,,,174146000000.0,4476000000.0,-2879000000.0,19322000000.0,193519000000.0,,20000000.0,-29000000.0,,,,,,,,464000000.0,3303000000.0,1589000000.0,0.0,,,32000000.0,,-18000000.0,-2262000000.0,,,3849000000.0,2051000000.0,47000000.0
2024-06-30,696000000.0,,,,,,,,1096000000.0,192000000.0,893000000.0,0.57,0.56,1451207000.0,1474259000.0,,,,,,,,,,1095000000.0,5561000000.0,,,196310000000.0,,,,,,,,,176747000000.0,4682000000.0,-2911000000.0,19515000000.0,196310000000.0,,53000000.0,-27000000.0,,,,,,,,769000000.0,7058000000.0,4677000000.0,0.0,,,74000000.0,,-41000000.0,-4454000000.0,,,6102000000.0,2417000000.0,92000000.0
2024-09-30,1058000000.0,,,,,,,,1734000000.0,308000000.0,1410000000.0,0.9,0.88,1452682000.0,1476982000.0,,,,,,,,,,1093000000.0,5561000000.0,,,200535000000.0,,,,,,,,,179883000000.0,4935000000.0,-2104000000.0,20606000000.0,200535000000.0,,81000000.0,-55000000.0,,,,,,,,331000000.0,10678000000.0,8166000000.0,10000000.0,,,116000000.0,,-60000000.0,-7335000000.0,,,9460000000.0,2456000000.0,104000000.0
,,,,,,,,,,,,,,,,,,,,,,,,,,,,,,,,,,,,,,,,,,,,,,,,,,,,,,,,,,,,,,,,,,,
,,,,,,,,,,,,,,,,,,,,,,,,,,,,,,,,,,,,,,,,,,,,,,,,,,,,,,,,,,,,,,,,,,,
