Date,Net sales,Cost of sales,Gross margin,Research and development,"Selling, general and administrative",Total operating expenses,Operating income,"Other income/(expense), net",Income before provision for income taxes,Provision for income taxes,Net income,Earnings per share basic,Earnings per share diluted,Weighted-average basic,Weighted-average diluted,Cash and cash equivalents,Short-term marketable securities,"Accounts receivable, net",Inventories,Deferred tax assets,Vendor non-trade receivables,Other current assets,Total current assets,Long-term marketable securities,"Property, Plant and Equipment, Net",Goodwill,"Acquired intangible assets, net","Other Assets, Noncurrent",Total assets,accounts payable,Accrued expenses,Deferred revenue,Total current liabilities,Deferred revenue - non-current,deferred tax liabilities,long term taxes payable,Total other non-current liabilities,Total liabilities,Retained Earnings (Accumulated Deficit),Accumulated other comprehensive (loss)/income,Total shareholders equity,Total liabilities and shareholders' equity,"Depreciation, amortization and accretion",Stock-based compensation expense,Deferred income tax expense,"Increase (Decrease) in Accounts receivable, net",Increase (Decrease) in Inventories,Increase (Decrease) in Other Receivables,Increase (Decrease) in Other Operating Assets,Increase (Decrease) in Accounts Payable,Increase (Decrease) in Deferred Revenue,Increase (Decrease) Other liabilities,Cash generated by operating activities,Purchases of marketable securities,Proceeds from maturities of marketable securities,Proceeds from sales of marketable securities,Purchases of other long-term investments,"Business acquisitions, net of cash acquired",Cash payments for capital asset purchases,Payments for acquisition of intangible assets,Payments for (Proceeds from) Other Investing Activities,Cash used in investing activities,Proceeds from issuance of common stock,Excess tax benefits from stock-based compensation,Cash generated/used in financing activities,Increase/(decrease) in cash and cash equivalents,"Cash paid for income taxes, net"
2011-03-31,,,,,,,,,,183000000.0,240000000.0,0.54,0.52,444202000.0,461969000.0,553000000.0,,4060000000.0,881000000.0,916000000.0,,576000000.0,6986000000.0,590000000.0,11347000000.0,2705000000.0,,975000000.0,23809000000.0,1348000000.0,,,4267000000.0,,,,,,-11648000000.0,-344000000.0,-8930000000.0,23809000000.0,358000000.0,8000000.0,,,,,,,,,918000000.0,,,,,,329000000.0,,-3000000.0,-273000000.0,2506000000.0,,-503000000.0,142000000.0,-160000000.0
2011-06-30,,,,,,,,,,330000000.0,469000000.0,0.98,0.94,516448000.0,538557000.0,539000000.0,,3946000000.0,887000000.0,894000000.0,,625000000.0,6891000000.0,515000000.0,11584000000.0,2719000000.0,,993000000.0,23877000000.0,1297000000.0,,,4278000000.0,,,,,,-11419000000.0,-339000000.0,-8681000000.0,23877000000.0,716000000.0,16000000.0,,,,,,,,,1666000000.0,,,,,,776000000.0,,-2000000.0,-812000000.0,2506000000.0,,-726000000.0,128000000.0,-36000000.0
2011-09-30,,,,,,,,,,307000000.0,530000000.0,1.08,1.04,508417000.0,527515000.0,359000000.0,,3925000000.0,891000000.0,643000000.0,,875000000.0,6693000000.0,545000000.0,11645000000.0,2701000000.0,,1038000000.0,23756000000.0,1334000000.0,,,4271000000.0,,,,,,-11358000000.0,-424000000.0,-10194000000.0,23756000000.0,1078000000.0,24000000.0,,,,,,,,,2546000000.0,,,,,,1170000000.0,,-4000000.0,-1240000000.0,2506000000.0,,-1358000000.0,-52000000.0,-95000000.0
2011-12-31,,,,,,,,,,719000000.0,2465000000.0,5.17,4.97,476609000.0,495943000.0,373000000.0,80000000.0,4533000000.0,1054000000.0,1957000000.0,,679000000.0,7233000000.0,548000000.0,12834000000.0,,,641000000.0,26898000000.0,1597000000.0,,,5554000000.0,,,,,,-9423000000.0,-440000000.0,8258000000.0,26898000000.0,1465000000.0,26000000.0,,-3248000000.0,,,,,,,3933000000.0,,,,,,1679000000.0,,5000000.0,-2995000000.0,2506000000.0,,-976000000.0,-38000000.0,-256000000.0
2012-03-31,,,,,,,,,,324000000.0,540000000.0,1.23,1.18,437936000.0,458312000.0,471000000.0,74000000.0,4878000000.0,1046000000.0,226000000.0,,661000000.0,7282000000.0,536000000.0,12787000000.0,,,736000000.0,27139000000.0,1412000000.0,,,5615000000.0,,,,,34463000000.0,-9854000000.0,-411000000.0,-8613000000.0,27139000000.0,417000000.0,9000000.0,,,,,,,,,797000000.0,,,,,,335000000.0,,-3000000.0,-437000000.0,,,-262000000.0,98000000.0,-25000000.0
2012-09-30,,,,,,,,,,760000000.0,1291000000.0,2.94,2.81,440899000.0,459515000.0,472000000.0,61000000.0,4598000000.0,1052000000.0,322000000.0,,828000000.0,7272000000.0,473000000.0,12960000000.0,,,768000000.0,27302000000.0,1585000000.0,,,5861000000.0,,,,,33865000000.0,-9103000000.0,-440000000.0,-7859000000.0,27302000000.0,1254000000.0,39000000.0,,,,,,,,,2912000000.0,,,,,,1268000000.0,,-5000000.0,-1340000000.0,,,-1473000000.0,99000000.0,428000000.0
2012-12-31,,,,,,,,,,888000000.0,1605000000.0,3.65,3.49,440178000.0,459403000.0,705000000.0,55000000.0,4672000000.0,1086000000.0,1741000000.0,,915000000.0,7763000000.0,515000000.0,13185000000.0,,,679000000.0,28075000000.0,1768000000.0,,,6172000000.0,,,,,36416000000.0,-10960000000.0,-457000000.0,-9660000000.0,28075000000.0,1679000000.0,56000000.0,,3896000000.0,,,,,,,4175000000.0,,,,,,1862000000.0,,-11000000.0,-2063000000.0,,,-1780000000.0,332000000.0,618000000.0
2013-03-31,,,,,,,,,,201000000.0,344000000.0,0.77,0.74,444401000.0,462368000.0,594000000.0,125000000.0,4877000000.0,1104000000.0,385000000.0,,827000000.0,7787000000.0,423000000.0,13144000000.0,,,606000000.0,27882000000.0,1691000000.0,,,5991000000.0,,,,,35894000000.0,-10616000000.0,-475000000.0,-9323000000.0,27882000000.0,424000000.0,23000000.0,,,,,,,,,740000000.0,,,,,,404000000.0,,-1000000.0,-373000000.0,,,-478000000.0,-111000000.0,-185000000.0
2013-06-30,,,,,,,,,,470000000.0,767000000.0,1.72,1.66,446612000.0,463184000.0,462000000.0,-66000000.0,4915000000.0,1152000000.0,401000000.0,,861000000.0,7791000000.0,405000000.0,13229000000.0,,,591000000.0,27934000000.0,1657000000.0,,,6020000000.0,,,,,35419000000.0,-10193000000.0,-426000000.0,-8823000000.0,27934000000.0,849000000.0,51000000.0,,,,,,,,,1554000000.0,,,,,,896000000.0,,4000000.0,-790000000.0,,,-1007000000.0,-243000000.0,226000000.0
2013-09-30,,,,,,,,,,704000000.0,1132000000.0,2.54,2.44,447329000.0,463569000.0,484000000.0,63000000.0,4924000000.0,1135000000.0,400000000.0,,828000000.0,7771000000.0,402000000.0,13322000000.0,,,691000000.0,28393000000.0,1582000000.0,,,5419000000.0,,,,,35437000000.0,-9827000000.0,-374000000.0,-8376000000.0,28393000000.0,1292000000.0,81000000.0,,,,,,,,,2454000000.0,,,,,,1347000000.0,,-8000000.0,-1674000000.0,,70000000.0,-1001000000.0,-221000000.0,476000000.0
2013-12-31,,,,,,,,,,950000000.0,1556000000.0,3.5,3.37,445066000.0,461913000.0,414000000.0,62000000.0,5208000000.0,1179000000.0,1666000000.0,,747000000.0,8037000000.0,448000000.0,13619000000.0,,,466000000.0,28831000000.0,1803000000.0,,,5695000000.0,,,,,35759000000.0,-9403000000.0,-257000000.0,-8270000000.0,28831000000.0,1753000000.0,113000000.0,,4395000000.0,,,,,,,3680000000.0,,,,,,1943000000.0,,-9000000.0,-2346000000.0,,113000000.0,-1625000000.0,-291000000.0,694000000.0
2014-03-31,,,,,,,,,,226000000.0,347000000.0,0.78,0.76,442150000.0,457449000.0,850000000.0,72000000.0,5489000000.0,1187000000.0,492000000.0,,859000000.0,8877000000.0,453000000.0,13612000000.0,,,544000000.0,29809000000.0,1735000000.0,,,5891000000.0,,,,,36276000000.0,-9055000000.0,-232000000.0,-7828000000.0,29809000000.0,447000000.0,37000000.0,,,,,,,,,443000000.0,,,,,,400000000.0,,,-409000000.0,,50000000.0,402000000.0,436000000.0,32000000.0
2014-06-30,,,,,,,,,,498000000.0,830000000.0,1.88,1.82,440482000.0,455220000.0,658000000.0,69000000.0,5472000000.0,1211000000.0,500000000.0,,931000000.0,8772000000.0,426000000.0,13721000000.0,,,614000000.0,29822000000.0,1717000000.0,,,5895000000.0,,,,,36410000000.0,-8572000000.0,-199000000.0,-7990000000.0,29822000000.0,901000000.0,77000000.0,,,,,,,,,1693000000.0,,,,,,913000000.0,,-1000000.0,-864000000.0,,75000000.0,-585000000.0,244000000.0,517000000.0
2014-09-30,,,,,,,,,,816000000.0,1348000000.0,3.08,2.98,437832000.0,452538000.0,515000000.0,66000000.0,5524000000.0,1258000000.0,320000000.0,,910000000.0,8527000000.0,441000000.0,13878000000.0,,,692000000.0,29825000000.0,1787000000.0,,,5632000000.0,,,,,35843000000.0,-8054000000.0,-206000000.0,-7384000000.0,29825000000.0,1361000000.0,118000000.0,,,,,,,,,2821000000.0,,,,,,1482000000.0,,-7000000.0,-1512000000.0,,119000000.0,-1208000000.0,101000000.0,758000000.0
2014-12-31,,,,,,,,,,1108000000.0,1875000000.0,4.3,4.16,435668000.0,450352000.0,566000000.0,64000000.0,5694000000.0,1279000000.0,1772000000.0,,1025000000.0,8930000000.0,494000000.0,14355000000.0,,,620000000.0,31199000000.0,2035000000.0,,,5480000000.0,,,,,37697000000.0,-7575000000.0,-323000000.0,-7894000000.0,31199000000.0,1820000000.0,163000000.0,,3645000000.0,,,,,,,4448000000.0,,,,,,2176000000.0,,-10000000.0,-2918000000.0,,134000000.0,-1378000000.0,152000000.0,1057000000.0
2015-03-31,,,,,,,,,,358000000.0,591000000.0,1.41,1.36,420148000.0,435309000.0,586000000.0,95000000.0,5928000000.0,1287000000.0,304000000.0,,1025000000.0,9130000000.0,435000000.0,14392000000.0,,,735000000.0,31288000000.0,1973000000.0,,,7172000000.0,,,,,37510000000.0,-7280000000.0,-344000000.0,-7620000000.0,31288000000.0,473000000.0,48000000.0,,895000000.0,,,,,,,1018000000.0,,,,,,446000000.0,,-5000000.0,-432000000.0,,38000000.0,-566000000.0,20000000.0,-118000000.0
2015-06-30,,,,,,,,,,677000000.0,1098000000.0,2.63,2.54,418267000.0,432329000.0,673000000.0,77000000.0,5804000000.0,1348000000.0,376000000.0,,1092000000.0,9293000000.0,404000000.0,14560000000.0,,,787000000.0,31710000000.0,1884000000.0,,,6310000000.0,,,,,37665000000.0,-7120000000.0,-290000000.0,-7406000000.0,31710000000.0,942000000.0,103000000.0,,1784000000.0,,,,,,,2075000000.0,,,,,,1004000000.0,,-1000000.0,-1009000000.0,,197000000.0,-959000000.0,107000000.0,581000000.0
2015-09-30,,,,,,,,,2905000000.0,947000000.0,1547000000.0,3.71,3.6,417146000.0,430354000.0,588000000.0,51000000.0,5827000000.0,1379000000.0,412000000.0,,1015000000.0,9221000000.0,409000000.0,14704000000.0,,,836000000.0,31896000000.0,1877000000.0,,,6313000000.0,,,,,37708000000.0,-6989000000.0,-309000000.0,-7294000000.0,31896000000.0,1424000000.0,171000000.0,,2976000000.0,,,,,,,3176000000.0,,,,,,1571000000.0,,-3000000.0,-1631000000.0,,231000000.0,-1523000000.0,22000000.0,864000000.0
2015-12-31,,,,,,,,,3957000000.0,1261000000.0,2129000000.0,5.14,4.99,414193000.0,426721000.0,741000000.0,50000000.0,5889000000.0,1439000000.0,1985000000.0,,1163000000.0,9232000000.0,432000000.0,15014000000.0,,,1157000000.0,32744000000.0,2170000000.0,,,5516000000.0,,,,,38790000000.0,-7338000000.0,-265000000.0,-7599000000.0,32744000000.0,1904000000.0,239000000.0,,4114000000.0,,,,,,,4734000000.0,,,,,,2375000000.0,,-7000000.0,-2583000000.0,,235000000.0,-1976000000.0,175000000.0,1186000000.0
2016-03-31,,,,,,,,,1095000000.0,284000000.0,694000000.0,1.75,1.69,396397000.0,410575000.0,852000000.0,52000000.0,5880000000.0,1415000000.0,,,1054000000.0,9201000000.0,425000000.0,15057000000.0,,,1206000000.0,32776000000.0,1944000000.0,,,5398000000.0,,,,,38775000000.0,-7266000000.0,-294000000.0,-7556000000.0,32776000000.0,479000000.0,65000000.0,,789000000.0,,,,,,,1399000000.0,,,,,,509000000.0,,-7000000.0,-496000000.0,,,-792000000.0,111000000.0,
2016-06-30,,,,,,,,,2227000000.0,625000000.0,1352000000.0,3.45,3.34,391401000.0,404617000.0,691000000.0,126000000.0,5669000000.0,1481000000.0,,,1254000000.0,9095000000.0,341000000.0,15624000000.0,,,1250000000.0,33205000000.0,1934000000.0,,,5396000000.0,,,,,39703000000.0,-7767000000.0,-344000000.0,-8107000000.0,33205000000.0,968000000.0,129000000.0,,1364000000.0,,,,,,,2748000000.0,,,,,,1172000000.0,,-15000000.0,-1555000000.0,,,-1243000000.0,-50000000.0,-558000000.0
2016-09-30,,,,,,,,,3245000000.0,898000000.0,1970000000.0,5.09,4.93,386968000.0,399577000.0,677000000.0,49000000.0,5503000000.0,1503000000.0,,,1160000000.0,8843000000.0,354000000.0,15875000000.0,,,1148000000.0,33127000000.0,1950000000.0,,,5155000000.0,,,,,39290000000.0,-7426000000.0,-341000000.0,-7763000000.0,33127000000.0,1463000000.0,196000000.0,,2044000000.0,,,,,,,3954000000.0,,,,,,1884000000.0,,-17000000.0,-2234000000.0,,,-1784000000.0,-64000000.0,890000000.0
2016-12-31,,,,,,,,,4810000000.0,1378000000.0,2890000000.0,7.53,7.3,383591000.0,395851000.0,646000000.0,49000000.0,5826000000.0,1503000000.0,1999000000.0,,1111000000.0,9086000000.0,336000000.0,16352000000.0,,,1074000000.0,33758000000.0,2318000000.0,,,5834000000.0,,,,,39391000000.0,-6968000000.0,-338000000.0,-7302000000.0,33758000000.0,1966000000.0,251000000.0,,3247000000.0,,,,,,,5653000000.0,,,,,,2760000000.0,,-6000000.0,-3240000000.0,,,-2508000000.0,-95000000.0,1255000000.0
2017-03-31,,,,,,,,,1066000000.0,289000000.0,659000000.0,1.78,1.74,370289000.0,379980000.0,753000000.0,50000000.0,5664000000.0,1501000000.0,,,1119000000.0,9037000000.0,349000000.0,16462000000.0,,,999000000.0,33795000000.0,2233000000.0,,,5463000000.0,,,,,39152000000.0,-6701000000.0,-320000000.0,-7017000000.0,33795000000.0,521000000.0,73000000.0,,592000000.0,,,,,,,1280000000.0,,,,,,571000000.0,,-7000000.0,-669000000.0,,,-504000000.0,107000000.0,
2017-06-30,,,,,,,,,2226000000.0,654000000.0,1316000000.0,3.58,3.48,368056000.0,377647000.0,705000000.0,49000000.0,5782000000.0,1544000000.0,,,1306000000.0,9337000000.0,352000000.0,16768000000.0,,,1141000000.0,34566000000.0,2245000000.0,,,5771000000.0,,,,,39645000000.0,-6503000000.0,-293000000.0,-6792000000.0,34566000000.0,1042000000.0,140000000.0,,1752000000.0,,,,,,,2684000000.0,,,,,,1304000000.0,,-5000000.0,-1591000000.0,,,-1034000000.0,59000000.0,387000000.0
2017-09-30,,,,,,,,,3004000000.0,902000000.0,1742000000.0,4.77,4.64,365398000.0,375013000.0,718000000.0,53000000.0,5980000000.0,1546000000.0,,,1204000000.0,9448000000.0,368000000.0,17329000000.0,,,1028000000.0,35731000000.0,2314000000.0,,,5611000000.0,,,,,40797000000.0,-6516000000.0,-268000000.0,-6780000000.0,35731000000.0,1581000000.0,195000000.0,,3174000000.0,,,,,,,3692000000.0,,,,,,2033000000.0,,6000000.0,-3172000000.0,,,-448000000.0,72000000.0,911000000.0
2017-12-31,,,,,,,,,4381000000.0,1638000000.0,2216000000.0,6.12,5.95,362305000.0,372221000.0,732000000.0,54000000.0,6501000000.0,1573000000.0,1271000000.0,,1171000000.0,9977000000.0,418000000.0,17895000000.0,,,710000000.0,36593000000.0,2606000000.0,,,6158000000.0,,,,,41588000000.0,-6532000000.0,-278000000.0,-6806000000.0,36593000000.0,2131000000.0,270000000.0,,4640000000.0,,,,,,,5426000000.0,,,,,,3015000000.0,,4000000.0,-4279000000.0,,,-1061000000.0,86000000.0,1205000000.0
2018-03-31,,,,,,,,,1539000000.0,257000000.0,1144000000.0,3.26,3.18,350850000.0,359749000.0,1086000000.0,44000000.0,6332000000.0,1677000000.0,,,1296000000.0,10391000000.0,417000000.0,18124000000.0,,,665000000.0,37299000000.0,2538000000.0,,,7478000000.0,,,,,41733000000.0,-6051000000.0,-197000000.0,-6244000000.0,37299000000.0,553000000.0,60000000.0,,4000000.0,,,,,,,1300000000.0,,,,,,694000000.0,,40000000.0,-335000000.0,,,-611000000.0,354000000.0,11000000.0
2018-06-30,,,,,,20175000000.0,,,2777000000.0,529000000.0,1964000000.0,5.62,5.5,349726000.0,357388000.0,868000000.0,45000000.0,6592000000.0,1636000000.0,,,1298000000.0,10394000000.0,414000000.0,18544000000.0,,,697000000.0,37742000000.0,2457000000.0,,,7625000000.0,,,,,41867000000.0,-5731000000.0,-261000000.0,-5989000000.0,37742000000.0,1115000000.0,134000000.0,,233000000.0,,,,,,,2865000000.0,,,,,,1574000000.0,,25000000.0,-1315000000.0,,,-1408000000.0,136000000.0,411000000.0
2018-09-30,,,,,,30557000000.0,,,3846000000.0,702000000.0,2723000000.0,7.82,7.65,348411000.0,356124000.0,578000000.0,46000000.0,6532000000.0,1634000000.0,,,1266000000.0,10010000000.0,367000000.0,19041000000.0,,,629000000.0,38044000000.0,2414000000.0,,,6231000000.0,,,,,41774000000.0,-5342000000.0,-266000000.0,-5605000000.0,38044000000.0,1697000000.0,204000000.0,,161000000.0,,,,,,,4586000000.0,,,,,,2420000000.0,,6000000.0,-2615000000.0,,,-2114000000.0,-154000000.0,702000000.0
2018-12-31,,,,,,41342000000.0,,,5335000000.0,946000000.0,3787000000.0,10.9,10.66,347297000.0,355303000.0,502000000.0,47000000.0,6789000000.0,1732000000.0,1309000000.0,,1190000000.0,10213000000.0,362000000.0,19757000000.0,,,690000000.0,39207000000.0,2577000000.0,,,7569000000.0,,,,,42125000000.0,-4572000000.0,-381000000.0,-4950000000.0,39207000000.0,2278000000.0,268000000.0,,423000000.0,,,,,,,6761000000.0,,,,,,3573000000.0,,-60000000.0,-3901000000.0,,,-3075000000.0,-230000000.0,872000000.0
2019-03-31,,,,,,11057000000.0,,,1460000000.0,279000000.0,1039000000.0,3.03,2.97,342876000.0,350316000.0,531000000.0,90000000.0,7420000000.0,1778000000.0,,,1379000000.0,11108000000.0,338000000.0,21128000000.0,,,588000000.0,43379000000.0,2693000000.0,,,10531000000.0,,,,,45634000000.0,-3983000000.0,-374000000.0,-4354000000.0,43379000000.0,619000000.0,62000000.0,,369000000.0,,,,,,,974000000.0,,,,,,781000000.0,,-24000000.0,-2165000000.0,,,1216000000.0,29000000.0,10000000.0
2019-06-30,,,,,,22461000000.0,,,2658000000.0,550000000.0,1822000000.0,5.32,5.22,342513000.0,349334000.0,2430000000.0,113000000.0,7219000000.0,1826000000.0,,,1394000000.0,12869000000.0,342000000.0,21467000000.0,,,597000000.0,45449000000.0,2609000000.0,,,8961000000.0,,,,,47219000000.0,-3474000000.0,-431000000.0,-3902000000.0,45449000000.0,1255000000.0,158000000.0,,174000000.0,,,,,,,2971000000.0,,,,,,1745000000.0,,-36000000.0,-3113000000.0,,,2070000000.0,1928000000.0,523000000.0
2019-09-30,,,,,,34176000000.0,,,3637000000.0,765000000.0,2434000000.0,7.12,6.98,341932000.0,348712000.0,559000000.0,96000000.0,7131000000.0,1769000000.0,,,1310000000.0,10769000000.0,357000000.0,22002000000.0,,,611000000.0,43912000000.0,2610000000.0,,,7124000000.0,,,,,45359000000.0,-3107000000.0,-461000000.0,-3565000000.0,43912000000.0,1902000000.0,263000000.0,,93000000.0,,,,,,,5097000000.0,,,,,,2884000000.0,,-17000000.0,-4375000000.0,,,-661000000.0,57000000.0,714000000.0
2019-12-31,,,,,,46092000000.0,,,5244000000.0,1099000000.0,3505000000.0,10.27,10.07,341210000.0,348226000.0,621000000.0,147000000.0,7380000000.0,1849000000.0,1805000000.0,,1346000000.0,11196000000.0,315000000.0,22715000000.0,,,480000000.0,45058000000.0,2905000000.0,,,7757000000.0,,,,,45623000000.0,-2351000000.0,-460000000.0,-2808000000.0,45058000000.0,2596000000.0,347000000.0,,326000000.0,,,,,,,7602000000.0,,,,,,4158000000.0,,-34000000.0,-5720000000.0,,,-1771000000.0,119000000.0,849000000.0
2020-03-31,,,,,,12051000000.0,,,810000000.0,112000000.0,581000000.0,1.72,1.69,338242000.0,344096000.0,731000000.0,113000000.0,6890000000.0,1953000000.0,,,1442000000.0,11016000000.0,325000000.0,22985000000.0,,,442000000.0,45421000000.0,2750000000.0,,,7019000000.0,,,,,,-2394000000.0,-571000000.0,-2962000000.0,45421000000.0,674000000.0,82000000.0,,-464000000.0,,,,,,,1375000000.0,,,,,,853000000.0,,-2000000.0,-1145000000.0,,,-109000000.0,110000000.0,-9000000.0
2020-06-30,,,,,,21559000000.0,,,2370000000.0,456000000.0,1660000000.0,4.91,4.84,338001000.0,342848000.0,4638000000.0,105000000.0,6139000000.0,1834000000.0,,,1420000000.0,14031000000.0,364000000.0,23071000000.0,,,527000000.0,48709000000.0,2882000000.0,,4999000000.0,12856000000.0,,,,,,-1315000000.0,-562000000.0,-1786000000.0,48709000000.0,1365000000.0,148000000.0,,-1215000000.0,,,,,4999000000.0,,10098000000.0,,,,,,1598000000.0,,37000000.0,-1953000000.0,,,-4116000000.0,4017000000.0,-16000000.0
2020-09-30,,,,,,33882000000.0,,,3358000000.0,665000000.0,2328000000.0,6.89,6.79,338168000.0,343346000.0,6588000000.0,96000000.0,6433000000.0,1950000000.0,,,1295000000.0,16266000000.0,390000000.0,22941000000.0,,,542000000.0,51016000000.0,3270000000.0,,,14379000000.0,,,,,,-647000000.0,-515000000.0,-974000000.0,51016000000.0,2059000000.0,229000000.0,,-930000000.0,,,,,,,12815000000.0,,,,,,2087000000.0,,44000000.0,-2483000000.0,,,-4361000000.0,5967000000.0,779000000.0
2020-12-31,,,,,,46103000000.0,,,5430000000.0,1043000000.0,3754000000.0,11.1,10.93,338274000.0,343605000.0,1793000000.0,116000000.0,7051000000.0,2025000000.0,2078000000.0,,1464000000.0,12333000000.0,388000000.0,23199000000.0,,,546000000.0,47490000000.0,3535000000.0,,,8704000000.0,,,,,,777000000.0,-502000000.0,572000000.0,47490000000.0,2721000000.0,362000000.0,,-327000000.0,,,,,,,9232000000.0,,,,,,2835000000.0,,38000000.0,-3393000000.0,,,-4677000000.0,1172000000.0,1002000000.0
2021-03-31,,,,,,12004000000.0,,,1973000000.0,393000000.0,1423000000.0,4.21,4.14,338123000.0,343321000.0,1030000000.0,108000000.0,7424000000.0,2068000000.0,,,1514000000.0,12036000000.0,393000000.0,23188000000.0,,,575000000.0,47277000000.0,3524000000.0,,,8642000000.0,,,,,,735000000.0,-491000000.0,247000000.0,47277000000.0,697000000.0,97000000.0,,371000000.0,,,,,,,1988000000.0,,,,,,654000000.0,,-9000000.0,-649000000.0,,,-2104000000.0,-763000000.0,-13000000.0
2021-06-30,,,,,,24322000000.0,,,4090000000.0,846000000.0,2873000000.0,8.62,8.5,333119000.0,337940000.0,1120000000.0,115000000.0,7636000000.0,2027000000.0,,,1692000000.0,12475000000.0,410000000.0,23471000000.0,,,628000000.0,48164000000.0,3531000000.0,,,8615000000.0,,,,,,-121000000.0,-475000000.0,-593000000.0,48164000000.0,1409000000.0,226000000.0,,567000000.0,,,,,0.0,,4239000000.0,,,,,,1496000000.0,,-7000000.0,-1569000000.0,,,-3346000000.0,-673000000.0,844000000.0
2021-09-30,,,,,,36441000000.0,,,7247000000.0,1531000000.0,5142000000.0,15.67,15.43,328048000.0,333248000.0,1027000000.0,112000000.0,8433000000.0,2019000000.0,,,1769000000.0,13248000000.0,418000000.0,23547000000.0,,,685000000.0,49562000000.0,3759000000.0,,,9624000000.0,,,,,,-206000000.0,-492000000.0,-695000000.0,49562000000.0,2125000000.0,341000000.0,,1312000000.0,,,,,0.0,,6516000000.0,,,,,,2385000000.0,,-2000000.0,-929000000.0,,,-6349000000.0,-766000000.0,1346000000.0
2021-12-31,58752000000.0,,,,,48919000000.0,,,9833000000.0,2112000000.0,6956000000.0,21.52,21.16,323315000.0,328752000.0,1451000000.0,103000000.0,8095000000.0,1986000000.0,2203000000.0,,2010000000.0,13542000000.0,438000000.0,24063000000.0,,,598000000.0,50742000000.0,4111000000.0,,,9582000000.0,,,,,,-532000000.0,-404000000.0,-933000000.0,50742000000.0,2853000000.0,440000000.0,,962000000.0,,,,,,,8959000000.0,,,,,,3577000000.0,,4000000.0,-2643000000.0,,,-6655000000.0,-342000000.0,2182000000.0
2022-03-31,14945000000.0,,,,,13131000000.0,,,1814000000.0,349000000.0,1273000000.0,4.21,4.14,302446000.0,307374000.0,2371000000.0,,8520000000.0,2003000000.0,,,2112000000.0,15006000000.0,408000000.0,24228000000.0,,,462000000.0,52208000000.0,4010000000.0,,,10518000000.0,,,,,,-1589000000.0,-447000000.0,-2033000000.0,52208000000.0,732000000.0,86000000.0,,427000000.0,,,,,,,1345000000.0,,,,,,861000000.0,,6000000.0,-845000000.0,,,425000000.0,920000000.0,3000000.0
2022-06-30,29765000000.0,,,,,26191000000.0,,,3574000000.0,730000000.0,2428000000.0,8.16,8.05,297459000.0,301690000.0,858000000.0,,8628000000.0,2043000000.0,,,2408000000.0,13937000000.0,379000000.0,24587000000.0,,,514000000.0,51584000000.0,3742000000.0,,,8999000000.0,,,,,,-3168000000.0,-515000000.0,-3680000000.0,51584000000.0,1470000000.0,171000000.0,,547000000.0,,,,,,,2975000000.0,,,,,,1941000000.0,,11000000.0,-2050000000.0,,,-1501000000.0,-593000000.0,609000000.0
2022-09-30,44736000000.0,,,,,39458000000.0,,,5278000000.0,1090000000.0,3562000000.0,12.13,11.97,293583000.0,297702000.0,999000000.0,121000000.0,8552000000.0,2009000000.0,,,1921000000.0,13481000000.0,372000000.0,24978000000.0,,,461000000.0,51484000000.0,4161000000.0,,,9784000000.0,,,,,,-2781000000.0,-592000000.0,-3370000000.0,51484000000.0,2219000000.0,258000000.0,,487000000.0,,,,,,,5995000000.0,,,,,,3072000000.0,,10000000.0,-2596000000.0,,,-3818000000.0,-452000000.0,931000000.0
2022-12-31,60233000000.0,,,,,51653000000.0,,,8580000000.0,1746000000.0,5643000000.0,19.43,19.15,290348000.0,294666000.0,908000000.0,,8891000000.0,2068000000.0,2187000000.0,,1776000000.0,13643000000.0,381000000.0,25575000000.0,,,298000000.0,52438000000.0,4239000000.0,,,9902000000.0,,,,,,-2280000000.0,-490000000.0,-2767000000.0,52438000000.0,2969000000.0,341000000.0,,797000000.0,,,,,,,8522000000.0,,,,,,4395000000.0,,21000000.0,-3389000000.0,,,-5656000000.0,-543000000.0,1175000000.0
2023-03-31,15591000000.0,,,,,13669000000.0,,,1922000000.0,379000000.0,1363000000.0,4.92,4.85,276910000.0,280961000.0,842000000.0,,8657000000.0,2085000000.0,,,1957000000.0,13541000000.0,390000000.0,26053000000.0,,,319000000.0,52711000000.0,3769000000.0,,,11028000000.0,,,,,,-2028000000.0,-470000000.0,-2495000000.0,52711000000.0,756000000.0,77000000.0,,-238000000.0,,,,,,,1803000000.0,,,,,,1197000000.0,,-9000000.0,-1151000000.0,,,-725000000.0,-66000000.0,7000000.0
2023-06-30,31452000000.0,,,,,27721000000.0,,,3731000000.0,776000000.0,2556000000.0,9.27,9.14,275695000.0,279573000.0,862000000.0,,8713000000.0,2050000000.0,,,2263000000.0,13888000000.0,384000000.0,26644000000.0,,,196000000.0,53594000000.0,3823000000.0,,,11545000000.0,,,,,,-1850000000.0,-456000000.0,-2303000000.0,53594000000.0,1519000000.0,133000000.0,,-306000000.0,,,,,,,4278000000.0,,,,,,2438000000.0,,2000000.0,-2408000000.0,,,-1923000000.0,-46000000.0,773000000.0
2023-09-30,47665000000.0,,,,,42304000000.0,,,5361000000.0,1131000000.0,3635000000.0,13.26,13.07,274171000.0,278173000.0,891000000.0,,9182000000.0,2030000000.0,,,2191000000.0,14294000000.0,382000000.0,27117000000.0,,,200000000.0,54589000000.0,4139000000.0,,,12407000000.0,,,,,,-1989000000.0,-491000000.0,-2477000000.0,54589000000.0,2288000000.0,205000000.0,,168000000.0,,,,,,,6757000000.0,,,,,,3585000000.0,,7000000.0,-3720000000.0,,,-3055000000.0,-17000000.0,1070000000.0
2023-12-31,64968000000.0,,,,,57262000000.0,,,7706000000.0,1615000000.0,5242000000.0,19.25,18.97,272404000.0,276412000.0,935000000.0,,9958000000.0,2021000000.0,2221000000.0,,2013000000.0,14927000000.0,477000000.0,27715000000.0,,,184000000.0,56211000000.0,4233000000.0,,,12655000000.0,,,,,,-1352000000.0,-425000000.0,-1774000000.0,56211000000.0,3077000000.0,262000000.0,,935000000.0,,,,,,,9431000000.0,,,,,,4744000000.0,,19000000.0,-5317000000.0,,,-4094000000.0,27000000.0,1386000000.0
2024-03-31,17339000000.0,,,,,15092000000.0,,,2247000000.0,445000000.0,1591000000.0,6.01,5.93,264435000.0,268016000.0,1284000000.0,,10044000000.0,1903000000.0,,,2051000000.0,15282000000.0,471000000.0,28096000000.0,,,199000000.0,56962000000.0,4735000000.0,,,13141000000.0,,,,,,-1185000000.0,-433000000.0,-1615000000.0,56962000000.0,795000000.0,87000000.0,,90000000.0,,,,,,,2469000000.0,,,,,,1118000000.0,,1000000.0,-903000000.0,,,-1216000000.0,349000000.0,1000000.0
2024-06-30,34831000000.0,,,,,30347000000.0,,,4484000000.0,995000000.0,3052000000.0,11.61,11.47,262795000.0,266044000.0,831000000.0,,10239000000.0,1800000000.0,,,2303000000.0,15173000000.0,483000000.0,28639000000.0,,,240000000.0,57379000000.0,4029000000.0,,,14301000000.0,,,,,,-1170000000.0,-433000000.0,-1600000000.0,57379000000.0,1614000000.0,199000000.0,,285000000.0,,,,,,,4440000000.0,,,,,,2399000000.0,,2000000.0,-2235000000.0,,,-2309000000.0,-104000000.0,999000000.0
2024-09-30,52318000000.0,,,,,45928000000.0,,,6390000000.0,1419000000.0,4322000000.0,16.57,16.37,260770000.0,263987000.0,2888000000.0,,9915000000.0,1776000000.0,,,2083000000.0,16662000000.0,553000000.0,29047000000.0,,,309000000.0,59459000000.0,4235000000.0,,,14900000000.0,,,,,,-1807000000.0,-378000000.0,-2182000000.0,59459000000.0,2456000000.0,275000000.0,,-55000000.0,,,,,,,7955000000.0,,,,,,3590000000.0,,0.0,-3587000000.0,,,-2419000000.0,1953000000.0,1486000000.0
,,,,,,,,,,,,,,,,,,,,,,,,,,,,,,,,,,,,,,,,,,,,,,,,,,,,,,,,,,,,,,,,,,,
,,,,,,,,,,,,,,,,,,,,,,,,,,,,,,,,,,,,,,,,,,,,,,,,,,,,,,,,,,,,,,,,,,,
,,,,,,,,,,,,,,,,,,,,,,,,,,,,,,,,,,,,,,,,,,,,,,,,,,,,,,,,,,,,,,,,,,,
,,,,,,,,,,,,,,,,,,,,,,,,,,,,,,,,,,,,,,,,,,,,,,,,,,,,,,,,,,,,,,,,,,,
,,,,,,,,,,,,,,,,,,,,,,,,,,,,,,,,,,,,,,,,,,,,,,,,,,,,,,,,,,,,,,,,,,,
