Date,Net sales,Cost of sales,Gross margin,Research and development,"Selling, general and administrative",Total operating expenses,Operating income,"Other income/(expense), net",Income before provision for income taxes,Provision for income taxes,Net income,Earnings per share basic,Earnings per share diluted,Weighted-average basic,Weighted-average diluted,Cash and cash equivalents,Short-term marketable securities,"Accounts receivable, net",Inventories,Deferred tax assets,Vendor non-trade receivables,Other current assets,Total current assets,Long-term marketable securities,"Property, Plant and Equipment, Net",Goodwill,"Acquired intangible assets, net","Other Assets, Noncurrent",Total assets,accounts payable,Accrued expenses,Deferred revenue,Total current liabilities,Deferred revenue - non-current,deferred tax liabilities,long term taxes payable,Total other non-current liabilities,Total liabilities,Retained Earnings (Accumulated Deficit),Accumulated other comprehensive (loss)/income,Total shareholders equity,Total liabilities and shareholders' equity,"Depreciation, amortization and accretion",Stock-based compensation expense,Deferred income tax expense,"Increase (Decrease) in Accounts receivable, net",Increase (Decrease) in Inventories,Increase (Decrease) in Other Receivables,Increase (Decrease) in Other Operating Assets,Increase (Decrease) in Accounts Payable,Increase (Decrease) in Deferred Revenue,Increase (Decrease) Other liabilities,Cash generated by operating activities,Purchases of marketable securities,Proceeds from maturities of marketable securities,Proceeds from sales of marketable securities,Purchases of other long-term investments,"Business acquisitions, net of cash acquired",Cash payments for capital asset purchases,Payments for acquisition of intangible assets,Payments for (Proceeds from) Other Investing Activities,Cash used in investing activities,Proceeds from issuance of common stock,Excess tax benefits from stock-based compensation,Cash generated/used in financing activities,Increase/(decrease) in cash and cash equivalents,"Cash paid for income taxes, net"
2010-01-31,66176000000.0,43764000000.0,22412000000.0,,15902000000.0,17609000000.0,4803000000.0,,3982000000.0,1362000000.0,2661000000.0,1.58,1.57,1683000000.0,1692000000.0,1421000000.0,6000000.0,964000000.0,,,,1321000000.0,13900000000.0,,25550000000.0,1171000000.0,,223000000.0,40877000000.0,4863000000.0,,1158000000.0,10363000000.0,,319000000.0,,2140000000.0,21484000000.0,13226000000.0,362000000.0,19393000000.0,40877000000.0,1806000000.0,201000000.0,,23000000.0,,,-4000000.0,,-21000000.0,-19000000.0,5125000000.0,,,,,0.0,966000000.0,,,-755000000.0,73000000.0,,-3503000000.0,867000000.0,
2010-05-02,16863000000.0,11069000000.0,5794000000.0,,4078000000.0,4489000000.0,1305000000.0,,1116000000.0,391000000.0,725000000.0,0.43,0.43,1677000000.0,1688000000.0,2436000000.0,6000000.0,1342000000.0,,,,1383000000.0,16646000000.0,,25404000000.0,1192000000.0,,377000000.0,43619000000.0,7051000000.0,,1225000000.0,13977000000.0,,239000000.0,,2356000000.0,24248000000.0,13552000000.0,506000000.0,19371000000.0,43619000000.0,438000000.0,64000000.0,,367000000.0,,,66000000.0,,61000000.0,,2039000000.0,,,,,,167000000.0,,,-140000000.0,11000000.0,,-893000000.0,1006000000.0,
2010-08-01,36273000000.0,23897000000.0,12376000000.0,,8205000000.0,9022000000.0,3354000000.0,,3017000000.0,1100000000.0,1917000000.0,1.15,1.14,1666000000.0,1676000000.0,2395000000.0,,1218000000.0,,,,1385000000.0,15757000000.0,,25190000000.0,1187000000.0,,401000000.0,42535000000.0,5919000000.0,,1150000000.0,12739000000.0,,196000000.0,,2428000000.0,23090000000.0,14350000000.0,392000000.0,19445000000.0,42535000000.0,866000000.0,112000000.0,,246000000.0,,,47000000.0,,-13000000.0,,3363000000.0,,,,,,407000000.0,,,-363000000.0,52000000.0,,-2030000000.0,970000000.0,
2010-10-31,52871000000.0,34810000000.0,18061000000.0,,12042000000.0,13259000000.0,4802000000.0,,4323000000.0,1572000000.0,2751000000.0,1.66,1.65,1657000000.0,1667000000.0,1425000000.0,,1295000000.0,,,,1363000000.0,15076000000.0,,25050000000.0,1180000000.0,,435000000.0,41741000000.0,5714000000.0,,1161000000.0,11360000000.0,,184000000.0,,2330000000.0,22626000000.0,14793000000.0,375000000.0,19115000000.0,41741000000.0,1292000000.0,161000000.0,,319000000.0,,,10000000.0,,-3000000.0,,3986000000.0,,,,,,689000000.0,,,-624000000.0,56000000.0,,-3366000000.0,-4000000.0,
2011-01-30,67997000000.0,44693000000.0,23304000000.0,,15849000000.0,17465000000.0,5839000000.0,,5273000000.0,1935000000.0,3338000000.0,2.03,2.01,1648000000.0,1658000000.0,545000000.0,,1085000000.0,,297000000.0,,1224000000.0,13479000000.0,,25060000000.0,1187000000.0,,260000000.0,40125000000.0,4717000000.0,,1177000000.0,10122000000.0,,272000000.0,,2135000000.0,21236000000.0,14995000000.0,445000000.0,18889000000.0,40125000000.0,1718000000.0,214000000.0,125000000.0,102000000.0,,,-12000000.0,,10000000.0,-61000000.0,4585000000.0,,,,,,1096000000.0,,,-1012000000.0,104000000.0,,-4451000000.0,-878000000.0,
2011-05-01,16823000000.0,10995000000.0,5828000000.0,,4009000000.0,4406000000.0,1422000000.0,,1283000000.0,471000000.0,812000000.0,0.51,0.5,1599000000.0,1611000000.0,1806000000.0,,1456000000.0,,,,1205000000.0,16161000000.0,,24993000000.0,1209000000.0,,434000000.0,42797000000.0,6543000000.0,,1248000000.0,11458000000.0,,237000000.0,,2184000000.0,24599000000.0,15404000000.0,613000000.0,18198000000.0,42797000000.0,424000000.0,60000000.0,,360000000.0,,,23000000.0,,65000000.0,,2098000000.0,,,,,,199000000.0,,,-184000000.0,34000000.0,,-664000000.0,1250000000.0,
2011-07-31,37055000000.0,24351000000.0,12704000000.0,,8195000000.0,8988000000.0,3716000000.0,,3431000000.0,1256000000.0,2175000000.0,1.37,1.36,1585000000.0,1595000000.0,2551000000.0,,1332000000.0,,,,1218000000.0,15857000000.0,,24798000000.0,1177000000.0,,445000000.0,42277000000.0,5890000000.0,,1178000000.0,10947000000.0,,230000000.0,,2136000000.0,24044000000.0,16372000000.0,603000000.0,18233000000.0,42277000000.0,849000000.0,108000000.0,,238000000.0,,,40000000.0,,-4000000.0,,4487000000.0,,,,,,469000000.0,,,-442000000.0,83000000.0,,-2040000000.0,2005000000.0,
2012-01-29,70395000000.0,46133000000.0,24262000000.0,,16028000000.0,17601000000.0,6661000000.0,-593000000.0,6068000000.0,2185000000.0,3883000000.0,2.49,2.47,1562000000.0,1570000000.0,1987000000.0,,1245000000.0,,136000000.0,,963000000.0,14520000000.0,,24448000000.0,1120000000.0,,295000000.0,40518000000.0,4856000000.0,,1147000000.0,9376000000.0,,340000000.0,,2146000000.0,22620000000.0,17246000000.0,293000000.0,17898000000.0,40518000000.0,1682000000.0,215000000.0,235000000.0,170000000.0,,,,,-29000000.0,-2000000.0,6651000000.0,,,,,65000000.0,1221000000.0,,,-1129000000.0,306000000.0,,-4048000000.0,1474000000.0,
2012-04-29,17808000000.0,11625000000.0,6183000000.0,,4086000000.0,4469000000.0,1714000000.0,-84000000.0,1630000000.0,595000000.0,1035000000.0,0.68,0.68,1522000000.0,1531000000.0,3191000000.0,,1519000000.0,,,,1060000000.0,17352000000.0,,24371000000.0,1139000000.0,,438000000.0,43300000000.0,7135000000.0,,1219000000.0,12099000000.0,,322000000.0,,2112000000.0,25325000000.0,17837000000.0,453000000.0,17975000000.0,43300000000.0,410000000.0,58000000.0,,254000000.0,,,,,69000000.0,,2490000000.0,,,,,,228000000.0,,,-221000000.0,412000000.0,,-1083000000.0,1186000000.0,
2012-07-29,38378000000.0,25169000000.0,13209000000.0,,8152000000.0,8926000000.0,4283000000.0,-235000000.0,4048000000.0,1481000000.0,2567000000.0,1.7,1.68,1513000000.0,1525000000.0,2810000000.0,,1505000000.0,,,,1006000000.0,16231000000.0,,24154000000.0,1157000000.0,,441000000.0,41983000000.0,6137000000.0,,1256000000.0,11234000000.0,,298000000.0,,2046000000.0,24349000000.0,18933000000.0,315000000.0,17634000000.0,41983000000.0,833000000.0,107000000.0,,255000000.0,,,,,109000000.0,,4261000000.0,,,,,45000000.0,551000000.0,,,-581000000.0,553000000.0,,-2851000000.0,829000000.0,
2012-10-28,56508000000.0,37032000000.0,19476000000.0,,12291000000.0,13460000000.0,6016000000.0,-385000000.0,5631000000.0,2117000000.0,3514000000.0,2.33,2.32,1505000000.0,1517000000.0,2554000000.0,,1645000000.0,,,,796000000.0,15955000000.0,,24124000000.0,1141000000.0,,441000000.0,41661000000.0,6010000000.0,,1195000000.0,10666000000.0,,371000000.0,,2107000000.0,23923000000.0,19448000000.0,411000000.0,17738000000.0,41661000000.0,1257000000.0,158000000.0,,388000000.0,,,,,47000000.0,,5384000000.0,,,,,121000000.0,887000000.0,,,-987000000.0,697000000.0,,-3835000000.0,562000000.0,
2013-02-03,74754000000.0,48912000000.0,25842000000.0,,16508000000.0,18076000000.0,7766000000.0,-545000000.0,7221000000.0,2686000000.0,4535000000.0,3.03,3.0,1499000000.0,1511000000.0,2494000000.0,,1395000000.0,10710000000.0,22000000.0,,773000000.0,15372000000.0,,24069000000.0,1170000000.0,,333000000.0,41084000000.0,5376000000.0,,1270000000.0,11462000000.0,,319000000.0,,2051000000.0,23307000000.0,20038000000.0,397000000.0,17777000000.0,41084000000.0,1684000000.0,218000000.0,94000000.0,143000000.0,,,,,121000000.0,-180000000.0,6975000000.0,,,,,170000000.0,1312000000.0,,,-1432000000.0,784000000.0,,-5034000000.0,509000000.0,
2013-05-05,19124000000.0,12445000000.0,6679000000.0,,4183000000.0,4585000000.0,2094000000.0,-161000000.0,1933000000.0,707000000.0,1226000000.0,0.84,0.83,1468000000.0,1478000000.0,4337000000.0,,1658000000.0,,,,800000000.0,18620000000.0,,23906000000.0,1187000000.0,,482000000.0,44195000000.0,7384000000.0,,1377000000.0,14018000000.0,,270000000.0,,2054000000.0,27802000000.0,20687000000.0,433000000.0,16393000000.0,44195000000.0,435000000.0,65000000.0,,259000000.0,,,,,107000000.0,,2697000000.0,,,,,13000000.0,278000000.0,,,-276000000.0,64000000.0,,-589000000.0,1832000000.0,
2013-08-04,41646000000.0,27246000000.0,14400000000.0,,8477000000.0,9288000000.0,5112000000.0,-333000000.0,4779000000.0,1758000000.0,3021000000.0,2.08,2.07,1452000000.0,1462000000.0,3419000000.0,,1542000000.0,,,,848000000.0,16895000000.0,,23650000000.0,1170000000.0,,477000000.0,42192000000.0,6585000000.0,,1379000000.0,12995000000.0,,290000000.0,,1979000000.0,26714000000.0,21916000000.0,281000000.0,15478000000.0,42192000000.0,877000000.0,116000000.0,,153000000.0,,,,,114000000.0,,4718000000.0,,,,,13000000.0,599000000.0,,,-596000000.0,150000000.0,,-3208000000.0,914000000.0,
2013-11-03,61116000000.0,39918000000.0,21198000000.0,,12573000000.0,13793000000.0,7405000000.0,-521000000.0,6884000000.0,2512000000.0,4372000000.0,3.04,3.02,1438000000.0,1448000000.0,4853000000.0,,1606000000.0,11348000000.0,,,791000000.0,18598000000.0,,23557000000.0,1172000000.0,,487000000.0,43814000000.0,6366000000.0,,1292000000.0,12529000000.0,,360000000.0,,2019000000.0,29600000000.0,22711000000.0,254000000.0,14214000000.0,43814000000.0,1317000000.0,169000000.0,,219000000.0,,,,,26000000.0,,5981000000.0,,,,,15000000.0,964000000.0,,,-945000000.0,164000000.0,,-2680000000.0,2356000000.0,
2014-02-02,78812000000.0,51422000000.0,27390000000.0,,16597000000.0,18224000000.0,9166000000.0,-699000000.0,8467000000.0,3082000000.0,5385000000.0,3.78,3.76,1425000000.0,1434000000.0,1929000000.0,,1398000000.0,11057000000.0,15000000.0,,895000000.0,15279000000.0,,23348000000.0,1289000000.0,,602000000.0,40518000000.0,5797000000.0,,1337000000.0,10749000000.0,,514000000.0,,2042000000.0,27996000000.0,23180000000.0,46000000.0,12522000000.0,40518000000.0,1757000000.0,228000000.0,-32000000.0,15000000.0,,,,,75000000.0,13000000.0,7628000000.0,,,,,206000000.0,1389000000.0,,,-1507000000.0,241000000.0,,-6652000000.0,-531000000.0,
2014-05-04,19687000000.0,12802000000.0,6885000000.0,,4194000000.0,4608000000.0,2277000000.0,-91000000.0,2186000000.0,807000000.0,1379000000.0,1.01,1.0,1367000000.0,1376000000.0,2511000000.0,,1831000000.0,12343000000.0,,,830000000.0,17515000000.0,,23238000000.0,1293000000.0,,583000000.0,42629000000.0,7739000000.0,,1441000000.0,13265000000.0,,498000000.0,,2013000000.0,30483000000.0,23913000000.0,88000000.0,12146000000.0,42629000000.0,447000000.0,67000000.0,,433000000.0,,,,,102000000.0,,2568000000.0,,,,,0.0,287000000.0,,,-280000000.0,69000000.0,,-1706000000.0,582000000.0,
2014-08-03,43498000000.0,28452000000.0,15046000000.0,,8492000000.0,9321000000.0,5725000000.0,-282000000.0,5443000000.0,2014000000.0,3429000000.0,2.53,2.51,1358000000.0,1365000000.0,4216000000.0,,1637000000.0,11665000000.0,,,973000000.0,18491000000.0,,23126000000.0,1295000000.0,,567000000.0,43479000000.0,7165000000.0,,1503000000.0,12839000000.0,,528000000.0,,1953000000.0,32022000000.0,25324000000.0,91000000.0,11457000000.0,43479000000.0,896000000.0,119000000.0,,239000000.0,,,,,164000000.0,,5285000000.0,,,,,0.0,631000000.0,,,-503000000.0,148000000.0,,-2496000000.0,2286000000.0,
2014-11-02,64014000000.0,41783000000.0,22231000000.0,,12709000000.0,13953000000.0,8278000000.0,-395000000.0,7883000000.0,2917000000.0,4966000000.0,3.68,3.66,1348000000.0,1356000000.0,2181000000.0,,1611000000.0,12008000000.0,,,949000000.0,16749000000.0,,22940000000.0,1283000000.0,,540000000.0,41512000000.0,6897000000.0,,1424000000.0,12260000000.0,,512000000.0,,1937000000.0,31402000000.0,26234000000.0,-18000000.0,10110000000.0,41512000000.0,1345000000.0,174000000.0,,221000000.0,,,,,88000000.0,,6247000000.0,,,,,0.0,999000000.0,,,-767000000.0,178000000.0,,-5211000000.0,269000000.0,
2015-02-01,83176000000.0,54222000000.0,28954000000.0,,16834000000.0,18485000000.0,10469000000.0,-493000000.0,9976000000.0,3631000000.0,6345000000.0,4.74,4.71,1338000000.0,1346000000.0,1723000000.0,,1484000000.0,11079000000.0,-148000000.0,,1016000000.0,15302000000.0,,22720000000.0,1353000000.0,,571000000.0,39946000000.0,5807000000.0,,1468000000.0,11269000000.0,,642000000.0,,1844000000.0,30624000000.0,26995000000.0,-452000000.0,9322000000.0,39946000000.0,1786000000.0,225000000.0,116000000.0,81000000.0,,,,,146000000.0,-152000000.0,8242000000.0,,,,,200000000.0,1442000000.0,,,-1271000000.0,252000000.0,,-7071000000.0,-100000000.0,
2015-05-03,20891000000.0,13712000000.0,7179000000.0,,4163000000.0,4582000000.0,2597000000.0,-193000000.0,2404000000.0,825000000.0,1579000000.0,1.22,1.21,1298000000.0,1305000000.0,2827000000.0,,1839000000.0,12306000000.0,,,1023000000.0,17995000000.0,,22562000000.0,1359000000.0,,594000000.0,42510000000.0,8070000000.0,,1603000000.0,17005000000.0,,600000000.0,,1883000000.0,33306000000.0,27805000000.0,-327000000.0,9204000000.0,42510000000.0,454000000.0,69000000.0,,347000000.0,,,,,131000000.0,,3404000000.0,,,,,,322000000.0,,,-317000000.0,47000000.0,,-2001000000.0,1086000000.0,
2015-08-02,45720000000.0,30176000000.0,15544000000.0,,8462000000.0,9300000000.0,6244000000.0,-277000000.0,5967000000.0,2154000000.0,3813000000.0,2.95,2.94,1291000000.0,1298000000.0,4936000000.0,,1696000000.0,11859000000.0,,,1040000000.0,19531000000.0,,22302000000.0,1340000000.0,,625000000.0,43798000000.0,7495000000.0,,1652000000.0,16399000000.0,,560000000.0,,1884000000.0,35161000000.0,29275000000.0,-582000000.0,8637000000.0,43798000000.0,915000000.0,122000000.0,,232000000.0,,,,,187000000.0,,5934000000.0,,,,,,705000000.0,,,-553000000.0,134000000.0,,-2140000000.0,3241000000.0,
2015-11-01,67539000000.0,44430000000.0,23109000000.0,,12623000000.0,13884000000.0,9225000000.0,-517000000.0,8708000000.0,3170000000.0,5538000000.0,4.31,4.29,1284000000.0,1290000000.0,3040000000.0,,1942000000.0,12495000000.0,,,1129000000.0,18606000000.0,,22194000000.0,2111000000.0,,1241000000.0,44152000000.0,7236000000.0,,1513000000.0,15976000000.0,,793000000.0,,1949000000.0,36533000000.0,30246000000.0,-662000000.0,7619000000.0,44152000000.0,1384000000.0,177000000.0,,220000000.0,,,,,50000000.0,,7366000000.0,,,,,1662000000.0,1083000000.0,,,-2577000000.0,149000000.0,,-3423000000.0,1366000000.0,
2016-01-31,88519000000.0,58254000000.0,30265000000.0,,16801000000.0,18491000000.0,11774000000.0,-753000000.0,11021000000.0,4012000000.0,7009000000.0,5.49,5.46,1277000000.0,1283000000.0,2216000000.0,,1890000000.0,11809000000.0,509000000.0,,1078000000.0,16993000000.0,,22191000000.0,2102000000.0,,1263000000.0,42549000000.0,6565000000.0,,1566000000.0,12526000000.0,,854000000.0,,1965000000.0,36233000000.0,30973000000.0,-898000000.0,6316000000.0,42549000000.0,1863000000.0,244000000.0,22000000.0,181000000.0,,,,,109000000.0,,9373000000.0,,,,,1666000000.0,1503000000.0,,,-2982000000.0,228000000.0,,-5787000000.0,604000000.0,
2016-05-01,22762000000.0,14971000000.0,7791000000.0,,4281000000.0,4714000000.0,3077000000.0,-237000000.0,2840000000.0,1037000000.0,1803000000.0,1.45,1.44,1247000000.0,1252000000.0,3257000000.0,,1989000000.0,13219000000.0,,,545000000.0,19010000000.0,,22243000000.0,2123000000.0,,1200000000.0,44576000000.0,8711000000.0,,1607000000.0,15149000000.0,,303000000.0,,1885000000.0,38241000000.0,31907000000.0,-578000000.0,6335000000.0,44576000000.0,486000000.0,72000000.0,,57000000.0,,,,,30000000.0,,3636000000.0,,,,,,325000000.0,,,-321000000.0,29000000.0,,-2338000000.0,977000000.0,
2016-07-31,49234000000.0,32516000000.0,16718000000.0,,8669000000.0,9538000000.0,7180000000.0,-465000000.0,6715000000.0,2471000000.0,4244000000.0,3.42,3.4,1242000000.0,1247000000.0,4018000000.0,,1995000000.0,12323000000.0,,,605000000.0,18941000000.0,,21975000000.0,2106000000.0,,1225000000.0,44247000000.0,8273000000.0,,1666000000.0,14525000000.0,,291000000.0,,1874000000.0,37590000000.0,33492000000.0,-778000000.0,6657000000.0,44247000000.0,978000000.0,133000000.0,,91000000.0,,,,,94000000.0,,6877000000.0,,,,,,697000000.0,,,-674000000.0,121000000.0,,-4421000000.0,1782000000.0,
2016-10-30,72388000000.0,47628000000.0,24760000000.0,,12949000000.0,14260000000.0,10500000000.0,-701000000.0,9799000000.0,3586000000.0,6213000000.0,5.03,5.0,1236000000.0,1242000000.0,3589000000.0,,1995000000.0,13241000000.0,,,523000000.0,19348000000.0,,21840000000.0,2095000000.0,,1219000000.0,44502000000.0,8054000000.0,,1632000000.0,14431000000.0,,255000000.0,,1856000000.0,38880000000.0,34612000000.0,-883000000.0,5622000000.0,44502000000.0,1474000000.0,199000000.0,,108000000.0,,,,,64000000.0,,7919000000.0,,,,,0.0,1145000000.0,,,-1115000000.0,136000000.0,,-5424000000.0,1380000000.0,
2017-01-29,94595000000.0,62282000000.0,32313000000.0,,17132000000.0,18886000000.0,13427000000.0,-936000000.0,12491000000.0,4534000000.0,7957000000.0,6.47,6.45,1229000000.0,1234000000.0,2538000000.0,,2029000000.0,12549000000.0,1502000000.0,,608000000.0,17724000000.0,,21914000000.0,2093000000.0,,1235000000.0,42966000000.0,7000000000.0,,1669000000.0,14133000000.0,,296000000.0,,1855000000.0,38633000000.0,35519000000.0,-867000000.0,4333000000.0,42966000000.0,1973000000.0,267000000.0,-113000000.0,138000000.0,,,,,99000000.0,,9783000000.0,,,,,0.0,1621000000.0,,,-1583000000.0,218000000.0,,-7870000000.0,330000000.0,
2017-04-30,23887000000.0,15733000000.0,8154000000.0,,4361000000.0,4805000000.0,3349000000.0,-241000000.0,3108000000.0,1094000000.0,2014000000.0,1.68,1.67,1198000000.0,1204000000.0,3565000000.0,,2164000000.0,13609000000.0,,,558000000.0,19896000000.0,,21789000000.0,2095000000.0,,1164000000.0,44944000000.0,9138000000.0,,1832000000.0,16438000000.0,,235000000.0,,1916000000.0,40982000000.0,36461000000.0,-923000000.0,3962000000.0,44944000000.0,505000000.0,81000000.0,,145000000.0,,,,,166000000.0,,4564000000.0,,,,,,458000000.0,,,-445000000.0,31000000.0,,-3081000000.0,1038000000.0,
2017-07-30,51995000000.0,34380000000.0,17615000000.0,,8910000000.0,9803000000.0,7812000000.0,-490000000.0,7322000000.0,2636000000.0,4686000000.0,3.93,3.91,1191000000.0,1197000000.0,4830000000.0,,2187000000.0,12868000000.0,,,626000000.0,20511000000.0,,22035000000.0,2235000000.0,,1178000000.0,45959000000.0,8541000000.0,,1931000000.0,15823000000.0,,237000000.0,,1923000000.0,42405000000.0,38073000000.0,-482000000.0,3554000000.0,45959000000.0,1015000000.0,148000000.0,,96000000.0,,,,,254000000.0,,7862000000.0,,,,,268000000.0,846000000.0,,,-1091000000.0,137000000.0,,-4649000000.0,2122000000.0,
2017-10-29,77021000000.0,50758000000.0,26263000000.0,,13424000000.0,14771000000.0,11492000000.0,-737000000.0,10755000000.0,3904000000.0,6851000000.0,5.79,5.76,1184000000.0,1190000000.0,3549000000.0,,2166000000.0,13419000000.0,,,548000000.0,19682000000.0,,21960000000.0,2217000000.0,,1164000000.0,45023000000.0,8570000000.0,,1788000000.0,16002000000.0,,244000000.0,,1968000000.0,42480000000.0,39193000000.0,-629000000.0,2543000000.0,45023000000.0,1533000000.0,214000000.0,,95000000.0,,,,,115000000.0,,9741000000.0,,,,,260000000.0,1354000000.0,,,-1576000000.0,157000000.0,,-7253000000.0,912000000.0,
2018-01-28,100904000000.0,66548000000.0,34356000000.0,,17864000000.0,19675000000.0,14681000000.0,-983000000.0,13698000000.0,5068000000.0,8630000000.0,7.33,7.29,1178000000.0,1184000000.0,3595000000.0,,1952000000.0,12748000000.0,952000000.0,,638000000.0,18933000000.0,,22075000000.0,2275000000.0,,1246000000.0,44529000000.0,7244000000.0,,1805000000.0,16194000000.0,,440000000.0,,2174000000.0,43075000000.0,39935000000.0,-566000000.0,1454000000.0,44529000000.0,2062000000.0,273000000.0,110000000.0,-139000000.0,,,,,128000000.0,,12031000000.0,,,,,374000000.0,1897000000.0,,4000000.0,-2228000000.0,255000000.0,,-8870000000.0,933000000.0,
2018-04-29,24947000000.0,16330000000.0,8617000000.0,,4779000000.0,5236000000.0,3381000000.0,-239000000.0,3142000000.0,738000000.0,2404000000.0,2.09,2.08,1152000000.0,1158000000.0,3599000000.0,,2296000000.0,14432000000.0,,,887000000.0,21214000000.0,,21928000000.0,2281000000.0,,1227000000.0,46650000000.0,9726000000.0,,1911000000.0,18133000000.0,,,,2586000000.0,44963000000.0,41221000000.0,-596000000.0,1687000000.0,46650000000.0,532000000.0,84000000.0,,319000000.0,,,,,208000000.0,,3981000000.0,,,,,,556000000.0,,,-548000000.0,14000000.0,,-3400000000.0,33000000.0,
2018-07-29,55410000000.0,36428000000.0,18982000000.0,,9783000000.0,10700000000.0,8282000000.0,-485000000.0,7797000000.0,1887000000.0,5910000000.0,5.15,5.12,1148000000.0,1154000000.0,3490000000.0,,2164000000.0,14044000000.0,,,1104000000.0,20802000000.0,,21909000000.0,2251000000.0,,1270000000.0,46232000000.0,9407000000.0,,1989000000.0,18426000000.0,,,,2502000000.0,44223000000.0,43543000000.0,-774000000.0,2009000000.0,46232000000.0,1062000000.0,144000000.0,,192000000.0,,,,,287000000.0,,7907000000.0,,,,,0.0,1091000000.0,,,-1075000000.0,125000000.0,,-6814000000.0,18000000.0,
2018-10-28,81712000000.0,53579000000.0,28133000000.0,,14591000000.0,15981000000.0,12152000000.0,-709000000.0,11443000000.0,2666000000.0,8777000000.0,7.67,7.63,1144000000.0,1150000000.0,1764000000.0,,2171000000.0,14754000000.0,,,1120000000.0,19809000000.0,,22054000000.0,2258000000.0,,1079000000.0,45200000000.0,9054000000.0,,1858000000.0,18196000000.0,,,,2352000000.0,43880000000.0,45235000000.0,-717000000.0,1320000000.0,45200000000.0,1603000000.0,204000000.0,,196000000.0,,,,,156000000.0,,10036000000.0,,,,,0.0,1711000000.0,,3000000.0,-1693000000.0,140000000.0,,-10180000000.0,,
2019-02-03,108203000000.0,71043000000.0,37160000000.0,,19513000000.0,21630000000.0,15530000000.0,-974000000.0,14556000000.0,3435000000.0,11121000000.0,9.78,9.73,1137000000.0,1143000000.0,1778000000.0,,1936000000.0,13925000000.0,941000000.0,,890000000.0,18529000000.0,,22375000000.0,2252000000.0,,847000000.0,44003000000.0,7755000000.0,,1782000000.0,16716000000.0,,491000000.0,,1867000000.0,45881000000.0,46423000000.0,-772000000.0,-1878000000.0,44003000000.0,2152000000.0,282000000.0,24000000.0,-33000000.0,,,,,80000000.0,,13038000000.0,,,,,21000000.0,2442000000.0,,-14000000.0,-2416000000.0,236000000.0,,-12420000000.0,,
2019-05-05,26381000000.0,17364000000.0,9017000000.0,,4940000000.0,5420000000.0,3597000000.0,-273000000.0,3324000000.0,811000000.0,2513000000.0,2.28,2.27,1101000000.0,1106000000.0,1882000000.0,,2317000000.0,15495000000.0,,,859000000.0,20553000000.0,,22270000000.0,2250000000.0,,813000000.0,51515000000.0,10311000000.0,,2015000000.0,19673000000.0,,,,2036000000.0,53658000000.0,47459000000.0,-835000000.0,-2143000000.0,51515000000.0,547000000.0,86000000.0,,391000000.0,,,,,236000000.0,,4575000000.0,,,,,,681000000.0,,13000000.0,-688000000.0,34000000.0,,-3775000000.0,,
2019-08-04,57220000000.0,37771000000.0,19449000000.0,,9984000000.0,10956000000.0,8493000000.0,-556000000.0,7937000000.0,1945000000.0,5992000000.0,5.46,5.43,1098000000.0,1103000000.0,2547000000.0,,2274000000.0,14741000000.0,,,1137000000.0,20699000000.0,,22387000000.0,2254000000.0,,881000000.0,52010000000.0,9494000000.0,,2233000000.0,18798000000.0,,,,2045000000.0,53170000000.0,49446000000.0,-776000000.0,-1160000000.0,52010000000.0,1107000000.0,139000000.0,,338000000.0,,,,,452000000.0,,8497000000.0,,,,,,1246000000.0,,14000000.0,-1249000000.0,157000000.0,,-6488000000.0,,
2019-11-03,84443000000.0,55607000000.0,28836000000.0,,14926000000.0,16396000000.0,12440000000.0,-836000000.0,11604000000.0,2843000000.0,8761000000.0,7.99,7.96,1096000000.0,1100000000.0,2193000000.0,,2231000000.0,15711000000.0,,,1039000000.0,21174000000.0,,22472000000.0,2253000000.0,,772000000.0,52309000000.0,9240000000.0,,2121000000.0,19565000000.0,,,,2116000000.0,53391000000.0,50729000000.0,-801000000.0,-1082000000.0,52309000000.0,1701000000.0,197000000.0,,298000000.0,,,,,340000000.0,,10664000000.0,,,,,,1891000000.0,,10000000.0,-1880000000.0,185000000.0,,-8478000000.0,,
2020-02-02,110225000000.0,72653000000.0,37572000000.0,,19740000000.0,21729000000.0,15843000000.0,-1128000000.0,14715000000.0,3473000000.0,11242000000.0,10.29,10.25,1093000000.0,1097000000.0,2133000000.0,,2106000000.0,14531000000.0,2451000000.0,,1040000000.0,19810000000.0,,,2254000000.0,,807000000.0,51236000000.0,7787000000.0,,2116000000.0,18375000000.0,,,,1535000000.0,54352000000.0,51729000000.0,-739000000.0,-3116000000.0,51236000000.0,2296000000.0,251000000.0,191000000.0,170000000.0,,,,,334000000.0,,13723000000.0,,,,,0.0,2678000000.0,,12000000.0,-2653000000.0,280000000.0,,-10834000000.0,,
2020-05-03,28260000000.0,18635000000.0,9625000000.0,,5829000000.0,6349000000.0,3276000000.0,-307000000.0,2969000000.0,724000000.0,2245000000.0,2.09,2.08,1073000000.0,1077000000.0,8696000000.0,,2610000000.0,14989000000.0,,,982000000.0,27277000000.0,,22697000000.0,2220000000.0,,909000000.0,58737000000.0,10056000000.0,157000000.0,2179000000.0,23348000000.0,,,,2182000000.0,62227000000.0,52354000000.0,-1148000000.0,-3490000000.0,58737000000.0,607000000.0,88000000.0,,534000000.0,,,,,71000000.0,,5737000000.0,,,,,,586000000.0,,0.0,-578000000.0,18000000.0,,1450000000.0,,
2020-08-02,66313000000.0,43747000000.0,22566000000.0,,12184000000.0,13223000000.0,9343000000.0,-644000000.0,8699000000.0,2122000000.0,6577000000.0,6.13,6.11,1073000000.0,1077000000.0,14139000000.0,,2562000000.0,13498000000.0,,,1162000000.0,31361000000.0,,23387000000.0,2233000000.0,,932000000.0,63349000000.0,11691000000.0,158000000.0,2511000000.0,24199000000.0,,,,2299000000.0,63763000000.0,55074000000.0,-1012000000.0,-414000000.0,63349000000.0,1222000000.0,155000000.0,,477000000.0,,,,,397000000.0,,14829000000.0,,,,,,1032000000.0,,0.0,-1020000000.0,164000000.0,,-1797000000.0,,
2020-11-01,99849000000.0,65827000000.0,34022000000.0,,18260000000.0,19827000000.0,14195000000.0,-973000000.0,13222000000.0,3213000000.0,10009000000.0,9.32,9.28,1074000000.0,1078000000.0,14652000000.0,,2666000000.0,16155000000.0,,,1032000000.0,34505000000.0,,23848000000.0,2236000000.0,,897000000.0,66919000000.0,12899000000.0,141000000.0,2664000000.0,25395000000.0,,,,2278000000.0,65384000000.0,56892000000.0,-965000000.0,1535000000.0,66919000000.0,1853000000.0,234000000.0,,580000000.0,,,,,549000000.0,,17415000000.0,,,,,,1503000000.0,,3000000.0,-1451000000.0,185000000.0,,-3425000000.0,,
2021-01-31,132110000000.0,87257000000.0,44853000000.0,,24447000000.0,26575000000.0,18278000000.0,-1300000000.0,16978000000.0,4112000000.0,12866000000.0,11.98,11.94,1074000000.0,1078000000.0,7895000000.0,,2992000000.0,16627000000.0,3016000000.0,,963000000.0,28477000000.0,,24705000000.0,7126000000.0,,4311000000.0,70581000000.0,11606000000.0,,1900000000.0,23166000000.0,,,,1807000000.0,67282000000.0,58134000000.0,-671000000.0,3299000000.0,70581000000.0,2519000000.0,310000000.0,-607000000.0,465000000.0,,,,,702000000.0,,18839000000.0,,,,,7780000000.0,2463000000.0,,-73000000.0,-10170000000.0,326000000.0,,-2983000000.0,,
2021-05-02,37500000000.0,24758000000.0,12742000000.0,,6374000000.0,6961000000.0,5781000000.0,-333000000.0,5448000000.0,1303000000.0,4145000000.0,3.87,3.86,1071000000.0,1075000000.0,6648000000.0,,3624000000.0,19178000000.0,,,1222000000.0,30672000000.0,,24673000000.0,7137000000.0,,4221000000.0,72567000000.0,14494000000.0,,2500000000.0,27758000000.0,,,,3085000000.0,70819000000.0,60504000000.0,-608000000.0,1748000000.0,72567000000.0,703000000.0,146000000.0,,640000000.0,,,,,586000000.0,,6310000000.0,,,,,,524000000.0,,4000000.0,-528000000.0,13000000.0,,-7070000000.0,,
2021-08-01,78618000000.0,52211000000.0,26407000000.0,,12807000000.0,13987000000.0,12420000000.0,-654000000.0,11766000000.0,2814000000.0,8952000000.0,8.41,8.38,1064000000.0,1068000000.0,4566000000.0,,3322000000.0,18909000000.0,,,1465000000.0,28262000000.0,,24750000000.0,7454000000.0,,4343000000.0,70769000000.0,12817000000.0,,2600000000.0,26666000000.0,,,,2928000000.0,68700000000.0,63560000000.0,-585000000.0,2069000000.0,70769000000.0,1414000000.0,226000000.0,,321000000.0,,,,,671000000.0,,9947000000.0,,,,,416000000.0,1042000000.0,,0.0,-1458000000.0,167000000.0,,-11834000000.0,,
2021-10-31,115438000000.0,76468000000.0,38970000000.0,,18975000000.0,20755000000.0,18215000000.0,-980000000.0,17235000000.0,4154000000.0,13081000000.0,12.35,12.31,1059000000.0,1063000000.0,5067000000.0,,3533000000.0,20582000000.0,,,1284000000.0,30466000000.0,,24935000000.0,7445000000.0,,4282000000.0,73031000000.0,13375000000.0,,2500000000.0,26903000000.0,,,,3091000000.0,71996000000.0,65951000000.0,-602000000.0,1035000000.0,73031000000.0,2128000000.0,312000000.0,,533000000.0,,,,,672000000.0,,13386000000.0,,,,,416000000.0,1737000000.0,,-21000000.0,-2132000000.0,190000000.0,,-14109000000.0,,
2022-01-30,151157000000.0,100325000000.0,50832000000.0,,25406000000.0,27792000000.0,23040000000.0,-1303000000.0,21737000000.0,5304000000.0,16433000000.0,15.59,15.53,1054000000.0,1058000000.0,2343000000.0,,3426000000.0,22068000000.0,2987000000.0,,1218000000.0,29055000000.0,,25199000000.0,7449000000.0,,4205000000.0,71876000000.0,13462000000.0,,2600000000.0,28693000000.0,,,,2013000000.0,73572000000.0,67580000000.0,-704000000.0,-1696000000.0,71876000000.0,2862000000.0,399000000.0,-254000000.0,435000000.0,,,,,775000000.0,,16571000000.0,,,,,421000000.0,2566000000.0,,-18000000.0,-2969000000.0,337000000.0,,-19120000000.0,,
2022-05-01,38908000000.0,25763000000.0,13145000000.0,,6610000000.0,7216000000.0,5929000000.0,-369000000.0,5560000000.0,1329000000.0,4231000000.0,4.11,4.09,1030000000.0,1034000000.0,2844000000.0,,3936000000.0,25297000000.0,,,1790000000.0,33867000000.0,,25166000000.0,7450000000.0,,4104000000.0,76567000000.0,15367000000.0,,2700000000.0,30387000000.0,,,,3396000000.0,78276000000.0,69849000000.0,-683000000.0,-1709000000.0,76567000000.0,727000000.0,115000000.0,,489000000.0,,,,,79000000.0,,3789000000.0,,,,,,704000000.0,,-3000000.0,-701000000.0,5000000.0,,-2579000000.0,,
2022-07-31,82700000000.0,55072000000.0,27628000000.0,,13267000000.0,14489000000.0,13139000000.0,-748000000.0,12391000000.0,2987000000.0,9404000000.0,9.17,9.13,1026000000.0,1030000000.0,1259000000.0,,3725000000.0,26088000000.0,,,1869000000.0,32941000000.0,,25247000000.0,7451000000.0,,4054000000.0,75825000000.0,14348000000.0,,2600000000.0,27834000000.0,,,,3052000000.0,75588000000.0,73074000000.0,-672000000.0,237000000.0,75825000000.0,1473000000.0,196000000.0,,295000000.0,,,,,-57000000.0,,7182000000.0,,,,,0.0,1447000000.0,,14000000.0,-1461000000.0,142000000.0,,-6798000000.0,,
2022-10-30,121572000000.0,80720000000.0,40852000000.0,,19735000000.0,21565000000.0,19287000000.0,-1154000000.0,18133000000.0,4390000000.0,13743000000.0,13.42,13.37,1024000000.0,1028000000.0,2462000000.0,,3732000000.0,25719000000.0,,,1768000000.0,33681000000.0,,25240000000.0,7434000000.0,,3988000000.0,76866000000.0,12402000000.0,,2200000000.0,24280000000.0,,,,3741000000.0,75568000000.0,75467000000.0,-856000000.0,1298000000.0,76866000000.0,2216000000.0,286000000.0,,312000000.0,,,,,-413000000.0,,10021000000.0,,,,,0.0,2216000000.0,,29000000.0,-2245000000.0,146000000.0,,-7547000000.0,,
2023-01-29,157403000000.0,104625000000.0,52778000000.0,,26284000000.0,28739000000.0,24039000000.0,-1562000000.0,22477000000.0,5372000000.0,17105000000.0,16.74,16.69,1022000000.0,1025000000.0,2757000000.0,,3317000000.0,24886000000.0,3202000000.0,,1511000000.0,32471000000.0,,25631000000.0,7444000000.0,3323000000.0,3958000000.0,76445000000.0,11443000000.0,,2000000000.0,23110000000.0,,,,2566000000.0,74883000000.0,76896000000.0,-718000000.0,1562000000.0,76445000000.0,2975000000.0,366000000.0,138000000.0,-111000000.0,,,,,-526000000.0,,14615000000.0,,,,,0.0,3119000000.0,,21000000.0,-3140000000.0,264000000.0,,-10993000000.0,,
2023-04-30,37257000000.0,24700000000.0,12557000000.0,,6355000000.0,7006000000.0,5551000000.0,-441000000.0,5110000000.0,1237000000.0,3873000000.0,3.83,3.82,1010000000.0,1013000000.0,1260000000.0,,4213000000.0,25371000000.0,,,1579000000.0,32423000000.0,,25674000000.0,7447000000.0,,3911000000.0,76386000000.0,12630000000.0,,2100000000.0,25446000000.0,,,,2500000000.0,76024000000.0,78651000000.0,-637000000.0,362000000.0,76386000000.0,793000000.0,124000000.0,,893000000.0,,,,,57000000.0,,5614000000.0,,,,,,905000000.0,,-2000000.0,-903000000.0,15000000.0,,-6188000000.0,,
2023-07-30,80173000000.0,53459000000.0,26714000000.0,,13270000000.0,14574000000.0,12140000000.0,-869000000.0,11271000000.0,2739000000.0,8532000000.0,8.49,8.46,1005000000.0,1008000000.0,2814000000.0,,3836000000.0,23265000000.0,,,1915000000.0,31830000000.0,,25879000000.0,7664000000.0,,3875000000.0,76387000000.0,12104000000.0,,2100000000.0,24227000000.0,,,,2739000000.0,75052000000.0,81213000000.0,-467000000.0,1335000000.0,76387000000.0,1588000000.0,215000000.0,,492000000.0,,,,,10000000.0,,12205000000.0,,,,,215000000.0,1697000000.0,,-10000000.0,-1902000000.0,175000000.0,,-10266000000.0,,
2023-10-29,117883000000.0,78431000000.0,39452000000.0,,19919000000.0,21906000000.0,17546000000.0,-1307000000.0,16239000000.0,3897000000.0,12342000000.0,12.32,12.28,1002000000.0,1005000000.0,2058000000.0,,3932000000.0,22805000000.0,,,1887000000.0,30682000000.0,,25735000000.0,7937000000.0,,4152000000.0,75577000000.0,11478000000.0,,1800000000.0,23572000000.0,,,,2955000000.0,74147000000.0,82934000000.0,-662000000.0,1430000000.0,75577000000.0,2415000000.0,300000000.0,,538000000.0,,,,,-276000000.0,,16439000000.0,,,,,795000000.0,2368000000.0,,-15000000.0,-3148000000.0,192000000.0,,-13923000000.0,,
2024-01-28,152669000000.0,101709000000.0,50960000000.0,,26598000000.0,29271000000.0,21689000000.0,-1765000000.0,19924000000.0,4781000000.0,15143000000.0,15.16,15.11,999000000.0,1002000000.0,3760000000.0,,3328000000.0,20976000000.0,3591000000.0,,1711000000.0,29775000000.0,,26154000000.0,8455000000.0,3606000000.0,4262000000.0,76530000000.0,10037000000.0,,1700000000.0,22015000000.0,,,,2783000000.0,75486000000.0,83656000000.0,-477000000.0,1044000000.0,76530000000.0,3247000000.0,380000000.0,-230000000.0,-134000000.0,,,,,-318000000.0,,21172000000.0,,,,,1514000000.0,3226000000.0,,-11000000.0,-4729000000.0,323000000.0,,-15443000000.0,,
2024-04-28,36418000000.0,23985000000.0,12433000000.0,,6667000000.0,7354000000.0,5079000000.0,-428000000.0,4651000000.0,1051000000.0,3600000000.0,3.64,3.63,989000000.0,992000000.0,4264000000.0,,4105000000.0,22416000000.0,,,1837000000.0,32622000000.0,,25997000000.0,8464000000.0,,4234000000.0,79230000000.0,12563000000.0,,1800000000.0,24359000000.0,,,,2938000000.0,77410000000.0,85027000000.0,-478000000.0,1820000000.0,79230000000.0,837000000.0,124000000.0,,795000000.0,,,,,81000000.0,,5497000000.0,,,,,,847000000.0,,-17000000.0,-830000000.0,62000000.0,,-4146000000.0,,
2024-07-28,79593000000.0,52744000000.0,26849000000.0,,13811000000.0,15236000000.0,11613000000.0,-917000000.0,10696000000.0,2535000000.0,8161000000.0,8.25,8.23,990000000.0,992000000.0,1613000000.0,,5503000000.0,23060000000.0,,,2097000000.0,32273000000.0,,26640000000.0,19414000000.0,9214000000.0,692000000.0,96846000000.0,13206000000.0,,1800000000.0,28123000000.0,,,,2725000000.0,92426000000.0,87357000000.0,-787000000.0,4420000000.0,96846000000.0,1615000000.0,222000000.0,,391000000.0,,,,,-31000000.0,,10906000000.0,,,,,17570000000.0,1566000000.0,,-38000000.0,-19098000000.0,210000000.0,,6113000000.0,,
2024-10-27,119810000000.0,79536000000.0,40274000000.0,,21023000000.0,23243000000.0,17031000000.0,-1512000000.0,15519000000.0,3710000000.0,11809000000.0,11.93,11.9,991000000.0,993000000.0,1531000000.0,,5782000000.0,23897000000.0,,,1739000000.0,32949000000.0,,26573000000.0,19428000000.0,9112000000.0,681000000.0,97264000000.0,13506000000.0,,1600000000.0,29092000000.0,,,,2707000000.0,91478000000.0,88771000000.0,-939000000.0,5786000000.0,97264000000.0,2472000000.0,328000000.0,,668000000.0,,,,,-188000000.0,,15139000000.0,,,,,17613000000.0,2384000000.0,,-85000000.0,-19912000000.0,231000000.0,,2637000000.0,,
