Date,Net sales,Cost of sales,Gross margin,Research and development,"Selling, general and administrative",Total operating expenses,Operating income,"Other income/(expense), net",Income before provision for income taxes,Provision for income taxes,Net income,Earnings per share basic,Earnings per share diluted,Weighted-average basic,Weighted-average diluted,Cash and cash equivalents,Short-term marketable securities,"Accounts receivable, net",Inventories,Deferred tax assets,Vendor non-trade receivables,Other current assets,Total current assets,Long-term marketable securities,"Property, Plant and Equipment, Net",Goodwill,"Acquired intangible assets, net","Other Assets, Noncurrent",Total assets,accounts payable,Accrued expenses,Deferred revenue,Total current liabilities,Deferred revenue - non-current,deferred tax liabilities,long term taxes payable,Total other non-current liabilities,Total liabilities,Retained Earnings (Accumulated Deficit),Accumulated other comprehensive (loss)/income,Total shareholders equity,Total liabilities and shareholders' equity,"Depreciation, amortization and accretion",Stock-based compensation expense,Deferred income tax expense,"Increase (Decrease) in Accounts receivable, net",Increase (Decrease) in Inventories,Increase (Decrease) in Other Receivables,Increase (Decrease) in Other Operating Assets,Increase (Decrease) in Accounts Payable,Increase (Decrease) in Deferred Revenue,Increase (Decrease) Other liabilities,Cash generated by operating activities,Purchases of marketable securities,Proceeds from maturities of marketable securities,Proceeds from sales of marketable securities,Purchases of other long-term investments,"Business acquisitions, net of cash acquired",Cash payments for capital asset purchases,Payments for acquisition of intangible assets,Payments for (Proceeds from) Other Investing Activities,Cash used in investing activities,Proceeds from issuance of common stock,Excess tax benefits from stock-based compensation,Cash generated/used in financing activities,Increase/(decrease) in cash and cash equivalents,"Cash paid for income taxes, net"
2009-12-31,24701000000.0,,,,,,-1728000000.0,,,-841000000.0,-887000000.0,-2.93,-2.93,346300000.0,346300000.0,,,,,3940000000.0,,,,,1026000000.0,1204000000.0,,,307717000000.0,,,,,,,,,289823000000.0,11164000000.0,-3312000000.0,17865000000.0,307717000000.0,470000000.0,,,,,,,,,,2974000000.0,54346000000.0,,,,,,,18000000.0,-3123000000.0,,,523000000.0,,-243000000.0
2010-03-31,6319000000.0,,,,,,535000000.0,,,216000000.0,319000000.0,-0.42,-0.42,393700000.0,393700000.0,,,,,3322000000.0,,,,,1032000000.0,1204000000.0,,,317282000000.0,,,,,,,,,299442000000.0,11006000000.0,-2377000000.0,17840000000.0,317282000000.0,144000000.0,,,,,,,,,,488000000.0,11973000000.0,,,,,,,58000000.0,99000000.0,,,-652000000.0,,87000000.0
2010-06-30,9655000000.0,,,,,,528000000.0,,,133000000.0,395000000.0,-0.24,-0.24,,,,,,,2828000000.0,,,,,1150000000.0,1051000000.0,,,314150000000.0,,,,,,,,,295259000000.0,11049000000.0,-1379000000.0,18891000000.0,314150000000.0,315000000.0,,,,,,,,,,1200000000.0,23796000000.0,,,,,,,-44000000.0,1600000000.0,,,-1967000000.0,,248000000.0
2010-09-30,16328000000.0,,,,,,1450000000.0,,,389000000.0,1061000000.0,1.48,1.34,,,,,,,1721000000.0,,,,,1143000000.0,1051000000.0,,,313926000000.0,,,,,,,,,293017000000.0,11488000000.0,194000000.0,20909000000.0,313926000000.0,449000000.0,,,,,,,,,,2245000000.0,39485000000.0,,,,,,,105000000.0,-286000000.0,,,-2395000000.0,,249000000.0
2011-03-31,6308000000.0,,,,,,,,410000000.0,59000000.0,511000000.0,1.13,1.01,444600000.0,508200000.0,,,,,3401000000.0,,,,,1132000000.0,1051000000.0,,,322538000000.0,,,,,,,,,301539000000.0,12533000000.0,-764000000.0,20999000000.0,322538000000.0,128000000.0,,,,,,,,,,474000000.0,7588000000.0,,7500000000.0,,,,,46000000.0,254000000.0,,,-451000000.0,,26000000.0
2011-06-30,11701000000.0,,,,,,,,242000000.0,-269000000.0,535000000.0,1.16,1.06,445100000.0,505600000.0,,,,,3400000000.0,,,,,1020000000.0,1036000000.0,,,317469000000.0,,,,,,,,,295794000000.0,12503000000.0,-77000000.0,21675000000.0,317469000000.0,384000000.0,,,,,,,,,,964000000.0,17295000000.0,,17500000000.0,,,,,87000000.0,-807000000.0,,,-319000000.0,,246000000.0
2011-09-30,16221000000.0,,,,,3403000000.0,,,138000000.0,-312000000.0,535000000.0,1.13,1.05,445300000.0,481000000.0,,,,,,,,,,1029000000.0,1036000000.0,,,305598000000.0,,,,,,,,,282817000000.0,12447000000.0,1065000000.0,22781000000.0,305598000000.0,532000000.0,,,,,,,,,,1624000000.0,26513000000.0,,26300000000.0,,,,,119000000.0,-896000000.0,,,-239000000.0,,245000000.0
2011-12-31,21859000000.0,,,,,4398000000.0,,,230000000.0,-346000000.0,662000000.0,1.39,1.3,445000000.0,478000000.0,,,,,1398000000.0,,,,,1029000000.0,1006000000.0,,,304064000000.0,,,,,,,,,281154000000.0,12519000000.0,1157000000.0,22910000000.0,304064000000.0,668000000.0,,127000000.0,,,,,,,,2274000000.0,37627000000.0,,0.0,,,,,157000000.0,-1182000000.0,,,-609000000.0,,179000000.0
2012-03-31,7661000000.0,,,,,1312000000.0,,,2000000.0,-95000000.0,96000000.0,0.2,0.18,440700000.0,469000000.0,,,,,2400000000.0,,,,,1017000000.0,1006000000.0,,,310548000000.0,,,,,,482000000.0,,,289274000000.0,11042000000.0,1328000000.0,21274000000.0,310548000000.0,98000000.0,,,,,,,,,,1140000000.0,13048000000.0,,12700000000.0,,,,,4000000.0,-1367000000.0,,,-233000000.0,,-548000000.0
2012-06-30,12235000000.0,,,,,2621000000.0,,,-249000000.0,-244000000.0,-101000000.0,-0.26,-0.26,439400000.0,439400000.0,,,,,,,,,,1001000000.0,1006000000.0,,,303977000000.0,,,,,,1000000000.0,,,282016000000.0,10887000000.0,2256000000.0,21961000000.0,303977000000.0,250000000.0,,,,,,,,,,1236000000.0,24484000000.0,,23400000000.0,,,,,28000000.0,-1551000000.0,,,109000000.0,,-446000000.0
2012-09-30,18677000000.0,,,,,3896000000.0,,,511000000.0,-136000000.0,401000000.0,0.9,0.83,438200000.0,482700000.0,,,,,1248000000.0,,,,,979000000.0,1006000000.0,,,308918000000.0,,,,,,,,,285548000000.0,11235000000.0,3295000000.0,23370000000.0,308918000000.0,366000000.0,,,,,,,,,,2212000000.0,34556000000.0,,34200000000.0,,,,,51000000.0,-1862000000.0,,,-217000000.0,,-448000000.0
2012-12-31,26412000000.0,,,,,5237000000.0,,,-527000000.0,-494000000.0,-38000000.0,-0.18,-0.18,437700000.0,437700000.0,,,,,1942000000.0,,,,,977000000.0,654000000.0,,,298513000000.0,,,,,,,,,276066000000.0,10745000000.0,2843000000.0,22447000000.0,298513000000.0,467000000.0,,-520000000.0,,,,,,,,2681000000.0,42578000000.0,,,,,,,81000000.0,-2557000000.0,,,-228000000.0,,-486000000.0
2013-03-31,9178000000.0,,,,,1032000000.0,,,-449000000.0,-208000000.0,-241000000.0,-0.58,-0.58,436300000.0,436300000.0,,,,,2667000000.0,,,,,921000000.0,498000000.0,,,297021000000.0,,,,,,,,,276101000000.0,10449000000.0,1649000000.0,20920000000.0,297021000000.0,52000000.0,,,,,,,,,,186000000.0,8770000000.0,,8700000000.0,,,,,-10000000.0,307000000.0,,,-852000000.0,,21000000.0
2013-06-30,14508000000.0,,,,,2144000000.0,,,-657000000.0,-353000000.0,-431000000.0,-0.99,-0.99,451400000.0,451400000.0,,,,,3732000000.0,,,,,911000000.0,498000000.0,,,294833000000.0,,,,,,,,,275820000000.0,10213000000.0,74000000.0,19013000000.0,294833000000.0,57000000.0,,,,,,,,,,408000000.0,17623000000.0,,19500000000.0,,,,,-32000000.0,1519000000.0,,,-2371000000.0,,142000000.0
2013-09-30,20149000000.0,,,,,3137000000.0,,,343000000.0,-308000000.0,293000000.0,0.65,0.6,452100000.0,490600000.0,,,,,3893000000.0,,,,,895000000.0,498000000.0,,,283947000000.0,,,,,,,,,265019000000.0,10439000000.0,-17000000.0,18928000000.0,283947000000.0,140000000.0,,,,,,,,,,903000000.0,22857000000.0,,25500000000.0,,,,,-1000000.0,1688000000.0,,,-3454000000.0,,140000000.0
2013-12-31,26236000000.0,,,,,4280000000.0,,,63000000.0,-247000000.0,176000000.0,0.37,0.34,447700000.0,484400000.0,,,,,3840000000.0,,,,,877000000.0,498000000.0,,,277884000000.0,,,,,,,,,258979000000.0,10683000000.0,-79000000.0,18905000000.0,277884000000.0,189000000.0,1.0,-555000000.0,,,,,,,,1237000000.0,35446000000.0,,,,,,,-6000000.0,3745000000.0,,,-5820000000.0,,69000000.0
2014-03-31,4461000000.0,,,,,947000000.0,,,655000000.0,160000000.0,495000000.0,1.1,1.03,449800000.0,478600000.0,,,,,3211000000.0,,,,,870000000.0,498000000.0,,,272923000000.0,,,,,,,,,253149000000.0,11111000000.0,659000000.0,19774000000.0,272923000000.0,60000000.0,,,,,,,,,,349000000.0,7654000000.0,,8600000000.0,,,33000000.0,,2000000.0,196000000.0,,,-685000000.0,,-126000000.0
2014-06-30,9228000000.0,,,,,1913000000.0,,,759000000.0,143000000.0,-467000000.0,-1.04,-1.0,450600000.0,473300000.0,,,,,3036000000.0,,,,,807000000.0,498000000.0,,,254713000000.0,,,,,,,,,235285000000.0,10577000000.0,1162000000.0,19428000000.0,254713000000.0,60000000.0,,,,,,,,,,510000000.0,12612000000.0,,5800000000.0,,,14000000.0,,5000000.0,1729000000.0,,,-2040000000.0,,-79000000.0
2014-09-30,13997000000.0,,,,,2889000000.0,,,1255000000.0,251000000.0,416000000.0,0.93,0.89,445900000.0,465900000.0,,,,,2890000000.0,,,,,816000000.0,498000000.0,,,247100000000.0,,,,,,,,,228265000000.0,10886000000.0,1077000000.0,18835000000.0,247100000000.0,152000000.0,,,,,,,,,,895000000.0,17247000000.0,,19600000000.0,,,57000000.0,,13000000.0,1919000000.0,,,-3676000000.0,,-78000000.0
2014-12-31,18614000000.0,,,,,4028000000.0,,,1699000000.0,350000000.0,798000000.0,1.81,1.73,441800000.0,460200000.0,,,,,2897000000.0,,,,,831000000.0,498000000.0,,,245013000000.0,,,,,,,,,226293000000.0,11191000000.0,928000000.0,18720000000.0,245013000000.0,276000000.0,4000000.0,,,,,,,,,1886000000.0,22545000000.0,,25309000000.0,,,121000000.0,,18000000.0,1696000000.0,,,-4476000000.0,,-313000000.0
2015-03-31,4617000000.0,,,,,948000000.0,,,625000000.0,158000000.0,467000000.0,1.11,1.08,422600000.0,433700000.0,,,,,2636000000.0,,,,,848000000.0,498000000.0,,,246960000000.0,,,,,,,,,227883000000.0,11583000000.0,1150000000.0,19077000000.0,246960000000.0,101000000.0,,,,,,,,,,447000000.0,7375000000.0,,6200000000.0,,,58000000.0,,-1000000.0,295000000.0,,,-619000000.0,,47000000.0
2015-06-30,9302000000.0,,,,,1858000000.0,,,1095000000.0,215000000.0,880000000.0,2.09,2.04,420600000.0,430900000.0,,,,,3056000000.0,,,,,874000000.0,498000000.0,,,241020000000.0,,,,,,,,,222793000000.0,11921000000.0,188000000.0,18227000000.0,241020000000.0,173000000.0,,,,,,,,,,1109000000.0,148000000.0,,11800000000.0,,,102000000.0,,-1000000.0,468000000.0,,,-1468000000.0,,47000000.0
2015-09-30,13864000000.0,,,,,2829000000.0,,,1474000000.0,222000000.0,1261000000.0,3.01,2.94,418400000.0,428300000.0,,,,,3062000000.0,,,,,932000000.0,498000000.0,,,231453000000.0,,,,,,,,,213249000000.0,12215000000.0,140000000.0,18204000000.0,231453000000.0,245000000.0,,,,,,,,,,2000000000.0,180000000.0,,16300000000.0,,,194000000.0,,1000000.0,603000000.0,,,-2306000000.0,,80000000.0
2015-12-31,18377000000.0,,,,,3772000000.0,,,1978000000.0,305000000.0,1682000000.0,4.05,3.96,415500000.0,425200000.0,,,,,3206000000.0,,,,,974000000.0,498000000.0,,,228348000000.0,,,,,,,,,210706000000.0,12550000000.0,-329000000.0,17642000000.0,228348000000.0,373000000.0,7000000.0,,,,,,,,,2756000000.0,251000000.0,,25946000000.0,,,307000000.0,,-1000000.0,485000000.0,,,-3144000000.0,,80000000.0
2016-03-31,4391000000.0,,,,,909000000.0,,,381000000.0,58000000.0,323000000.0,0.81,0.79,398500000.0,406300000.0,,,,,2868000000.0,,,,,995000000.0,498000000.0,,,227493000000.0,,,,,,,,,209381000000.0,12789000000.0,254000000.0,18112000000.0,227493000000.0,95000000.0,,,,,,,,,,398000000.0,38000000.0,,4900000000.0,,,84000000.0,,-10000000.0,194000000.0,,,-565000000.0,,0.0
2016-06-30,9068000000.0,,,,,1821000000.0,,,551000000.0,-46000000.0,539000000.0,1.36,1.34,395200000.0,402400000.0,,,,,2562000000.0,,,,,1005000000.0,498000000.0,,,227616000000.0,,,,,,,,,209057000000.0,12923000000.0,900000000.0,18559000000.0,227616000000.0,184000000.0,,,,,,,,,,816000000.0,76000000.0,,9000000000.0,,,137000000.0,,-27000000.0,341000000.0,,,-1132000000.0,,-130000000.0
2016-09-30,13763000000.0,,,,,2719000000.0,,,1079000000.0,102000000.0,977000000.0,2.5,2.45,391400000.0,398500000.0,,,,,2439000000.0,,,,,1001000000.0,567000000.0,,,228430000000.0,,,,,,,,,209772000000.0,13282000000.0,987000000.0,18658000000.0,228430000000.0,296000000.0,,,,,,,,,,1405000000.0,94000000.0,,13300000000.0,,175000000.0,183000000.0,,-32000000.0,945000000.0,,,-1967000000.0,,-131000000.0
2016-12-31,18300000000.0,,,,,3633000000.0,,,804000000.0,-92000000.0,896000000.0,2.31,2.27,387700000.0,394800000.0,,,,,3281000000.0,,,,,991000000.0,567000000.0,,,223432000000.0,,,,,,,,,206529000000.0,13114000000.0,-337000000.0,16903000000.0,223432000000.0,398000000.0,,-104000000.0,,,,,,,,2066000000.0,94000000.0,,24486000000.0,,175000000.0,224000000.0,,131000000.0,949000000.0,,,-2541000000.0,,-130000000.0
2017-03-31,4655000000.0,,,,,965000000.0,,,487000000.0,109000000.0,378000000.0,1.02,1.0,371400000.0,378600000.0,,,,,3105000000.0,,,,,984000000.0,567000000.0,,,225388000000.0,,,,,,,,,208379000000.0,13406000000.0,-207000000.0,17009000000.0,225388000000.0,96000000.0,,,,,,,,,,225000000.0,7809000000.0,,6700000000.0,,,41000000.0,,18000000.0,-1208000000.0,,,436000000.0,,132000000.0
2017-06-30,9424000000.0,,,,,2657000000.0,,,348000000.0,-99000000.0,338000000.0,0.92,0.9,368700000.0,375500000.0,,,,,2868000000.0,,,,,974000000.0,567000000.0,,,225863000000.0,,,,,,,,,208575000000.0,13282000000.0,494000000.0,17288000000.0,225863000000.0,191000000.0,,,,,,,,,,894000000.0,15954000000.0,,13000000000.0,,,92000000.0,,17000000.0,-1476000000.0,,,0.0,,2000000.0
2017-09-30,14108000000.0,,,,,3652000000.0,,,604000000.0,32000000.0,572000000.0,1.56,1.54,365900000.0,372600000.0,,,,,,,,,,962000000.0,567000000.0,,,224211000000.0,,,,,,,,,206978000000.0,13434000000.0,585000000.0,17233000000.0,224211000000.0,300000000.0,,,,,,,,,,1524000000.0,22021000000.0,,17300000000.0,,0.0,129000000.0,,17000000.0,-1485000000.0,,,-658000000.0,,3000000.0
2017-12-31,16974000000.0,,,,,4375000000.0,,,723000000.0,985000000.0,-3131000000.0,-8.61,-8.61,363700000.0,363700000.0,,,,,1164000000.0,,,,,1034000000.0,1290000000.0,659000000.0,,225260000000.0,,,,,,,,,211766000000.0,9642000000.0,663000000.0,13494000000.0,225260000000.0,399000000.0,,868000000.0,,,,,,,,2186000000.0,30923000000.0,,31646000000.0,,1423000000.0,250000000.0,,-21000000.0,-1442000000.0,,,-979000000.0,-148000000.0,6000000.0
2018-03-31,4691000000.0,,,,,1037000000.0,,,519000000.0,91000000.0,597000000.0,1.67,1.64,357500000.0,363900000.0,,,,,,,,,,1018000000.0,1290000000.0,,,216666000000.0,,,,,,,,,203523000000.0,10156000000.0,-239000000.0,13143000000.0,216666000000.0,116000000.0,,,,,,,,,,712000000.0,5874000000.0,,4300000000.0,,,39000000.0,,31000000.0,-242000000.0,,,-677000000.0,48000000.0,-1000000.0
2018-06-30,9480000000.0,,,,,2104000000.0,,,1056000000.0,194000000.0,1179000000.0,3.29,3.24,358300000.0,364200000.0,,,,,,,,,,1013000000.0,1290000000.0,,,60775000000.0,,,,,,,,,48229000000.0,10649000000.0,-1353000000.0,12546000000.0,60775000000.0,237000000.0,,,,,,,,,,1270000000.0,13261000000.0,,8500000000.0,,,59000000.0,,4000000.0,-207000000.0,,,-1627000000.0,-33000000.0,-1000000.0
2018-09-30,14322000000.0,,,,,3195000000.0,,,1586000000.0,297000000.0,1611000000.0,4.5,4.42,358600000.0,364100000.0,,,,,,,,,,997000000.0,1290000000.0,,,61437000000.0,,,,,,,,,48708000000.0,10973000000.0,-1519000000.0,12729000000.0,61437000000.0,359000000.0,,,,,,,,,,1842000000.0,18679000000.0,,13100000000.0,,,70000000.0,,4000000.0,-762000000.0,,,-1691000000.0,-78000000.0,-1000000.0
2018-12-31,18955000000.0,,,,,4281000000.0,,,1753000000.0,268000000.0,1807000000.0,5.03,4.95,358400000.0,364100000.0,,,,,1248000000.0,,,,,1006000000.0,1290000000.0,657000000.0,,62307000000.0,,,,,,,,,49206000000.0,11055000000.0,-1579000000.0,13101000000.0,62307000000.0,467000000.0,,286000000.0,,,,,,,,2843000000.0,23173000000.0,,24700000000.0,,0.0,122000000.0,,3000000.0,-1962000000.0,,,-1467000000.0,-59000000.0,-9000000.0
2019-03-31,339000000.0,,,,,1048000000.0,,,775000000.0,145000000.0,630000000.0,1.74,1.71,360000000.0,364700000.0,,,,,,,,,,1145000000.0,1290000000.0,,,63324000000.0,,,,,,,,,48984000000.0,11572000000.0,-885000000.0,14340000000.0,63324000000.0,108000000.0,,,,,,,,,,279000000.0,5105000000.0,,4300000000.0,,,20000000.0,,-1000000.0,129000000.0,,,-428000000.0,-17000000.0,0.0
2019-06-30,694000000.0,,,,,2189000000.0,,,1231000000.0,229000000.0,1002000000.0,2.76,2.73,361400000.0,365100000.0,,,,,,,,,,1222000000.0,1913000000.0,,,69472000000.0,,,,,,,,,54180000000.0,11836000000.0,-198000000.0,15292000000.0,69472000000.0,221000000.0,,,,,,,,,,1004000000.0,11027000000.0,,8900000000.0,,1901000000.0,44000000.0,,1000000.0,30000000.0,,,-855000000.0,162000000.0,1000000.0
2019-09-30,1052000000.0,,,,,3356000000.0,,,1884000000.0,347000000.0,1537000000.0,4.21,4.17,361400000.0,365400000.0,,,,,,,,,,1194000000.0,1913000000.0,,,70256000000.0,,,,,,,,,54178000000.0,12251000000.0,214000000.0,16078000000.0,70256000000.0,333000000.0,,,,,,,,,,2446000000.0,15592000000.0,,11500000000.0,,1901000000.0,75000000.0,,6000000.0,-1320000000.0,,,-943000000.0,169000000.0,-420000000.0
2019-12-31,1404000000.0,,,,,4580000000.0,,,2560000000.0,475000000.0,2085000000.0,5.72,5.66,360900000.0,364900000.0,,,,,299000000.0,,,,,1181000000.0,1913000000.0,1070000000.0,,70817000000.0,,,,,,,,,54547000000.0,12685000000.0,52000000.0,16270000000.0,70817000000.0,451000000.0,,467000000.0,,,,,,,,3489000000.0,19881000000.0,,18499000000.0,,1901000000.0,105000000.0,,-13000000.0,-2148000000.0,,,-1191000000.0,141000000.0,-396000000.0
2020-03-31,341000000.0,,,,,1176000000.0,,,344000000.0,71000000.0,273000000.0,0.75,0.74,358500000.0,361100000.0,,,,,,,,,,1161000000.0,1913000000.0,,,68724000000.0,,,,,,,,,53458000000.0,12819000000.0,-957000000.0,15266000000.0,68724000000.0,134000000.0,,,,,,,,,,298000000.0,3578000000.0,,3100000000.0,,,23000000.0,,5000000.0,777000000.0,,,-1027000000.0,39000000.0,-1000000.0
2020-06-30,660000000.0,,,,2301000000.0,,,,936000000.0,195000000.0,741000000.0,2.04,2.03,358300000.0,360200000.0,,,,,,,,,,1135000000.0,1911000000.0,,,70990000000.0,,,,,,,,,53918000000.0,13167000000.0,479000000.0,17072000000.0,70990000000.0,269000000.0,,,,,,,,83000000.0,,1267000000.0,8362000000.0,,7200000000.0,,0.0,51000000.0,,-28000000.0,215000000.0,,,-1327000000.0,110000000.0,-3000000.0
2020-09-30,1006000000.0,,,,3394000000.0,,,,1468000000.0,268000000.0,1200000000.0,3.3,3.29,358300000.0,360500000.0,,,,,,,,,,1144000000.0,1911000000.0,,,72319000000.0,,,,,,,,,54517000000.0,13503000000.0,856000000.0,17802000000.0,72319000000.0,411000000.0,,,,,,,,97000000.0,,2655000000.0,15544000000.0,,11700000000.0,,0.0,78000000.0,,12000000.0,-1007000000.0,,,-1579000000.0,8000000.0,-161000000.0
2020-12-31,1360000000.0,,,,4480000000.0,,,,2120000000.0,383000000.0,1737000000.0,4.79,4.76,358300000.0,360600000.0,,,,,46000000.0,,,,,1122000000.0,1911000000.0,950000000.0,,74111000000.0,,,,,,,,,55555000000.0,13918000000.0,1170000000.0,18556000000.0,74111000000.0,562000000.0,,-27000000.0,,,,,,,,3871000000.0,21112000000.0,,19534000000.0,,0.0,114000000.0,,1000000.0,-2066000000.0,,,-1778000000.0,-23000000.0,
2021-03-31,374000000.0,,,,1144000000.0,,,,303000000.0,54000000.0,249000000.0,0.68,0.67,358200000.0,362200000.0,,,,,,,,,,1092000000.0,1911000000.0,,,74201000000.0,,,,,,,,,56499000000.0,14036000000.0,264000000.0,17702000000.0,74201000000.0,174000000.0,,,,,,,,,,759000000.0,5049000000.0,,5536000000.0,,,23000000.0,,6000000.0,-450000000.0,,,-266000000.0,41000000.0,-32000000.0
2021-06-30,770000000.0,,,,2346000000.0,,,,1413000000.0,259000000.0,1154000000.0,3.21,3.17,356000000.0,360400000.0,,,,,,,,,,1067000000.0,1911000000.0,,,74732000000.0,,,,,,,,,56488000000.0,14813000000.0,570000000.0,18244000000.0,74732000000.0,347000000.0,,,,,,,,,,1597000000.0,10716000000.0,,11370000000.0,,,47000000.0,,2000000.0,-579000000.0,,5000000.0,-933000000.0,69000000.0,-233000000.0
2021-09-30,1170000000.0,,,,3546000000.0,,,,1996000000.0,360000000.0,1636000000.0,4.6,4.54,352500000.0,357200000.0,,,,,,,,,,1047000000.0,1911000000.0,,,76290000000.0,,,,,,,,,58428000000.0,15169000000.0,307000000.0,17862000000.0,76290000000.0,515000000.0,,,,,,,,,,2889000000.0,15898000000.0,,16141000000.0,,,92000000.0,,51000000.0,-1748000000.0,,23000000.0,-963000000.0,158000000.0,-439000000.0
2021-12-31,1569000000.0,,,,4779000000.0,,,,2896000000.0,531000000.0,2365000000.0,6.71,6.62,349100000.0,354100000.0,,,,,270000000.0,,,,,1027000000.0,1911000000.0,858000000.0,,76578000000.0,,,,,,,,,58735000000.0,15764000000.0,172000000.0,17843000000.0,76578000000.0,680000000.0,,43000000.0,,,,,,,,4093000000.0,21754000000.0,,22457000000.0,,0.0,133000000.0,,169000000.0,-2466000000.0,,25000000.0,-1581000000.0,98000000.0,496000000.0
2022-03-31,379000000.0,,,,1207000000.0,,,,543000000.0,98000000.0,445000000.0,1.32,1.3,332300000.0,337300000.0,,,,,,,,,,995000000.0,1911000000.0,,,75252000000.0,,,,,,,,,59355000000.0,16077000000.0,-1699000000.0,15897000000.0,75252000000.0,168000000.0,,,,,,,,,,429000000.0,5514000000.0,,6578000000.0,,,31000000.0,,-2000000.0,126000000.0,,-43000000.0,-586000000.0,-31000000.0,-1000000.0
2022-06-30,740000000.0,,,,2429000000.0,,,,1095000000.0,208000000.0,887000000.0,2.66,2.62,329900000.0,334600000.0,,,,,,,,,,970000000.0,1911000000.0,,,72402000000.0,,,,,,,,,58176000000.0,16388000000.0,-3262000000.0,14226000000.0,72402000000.0,332000000.0,,,,,,,,,,1403000000.0,9644000000.0,,10047000000.0,,,77000000.0,,-16000000.0,387000000.0,,,-1773000000.0,11000000.0,-279000000.0
2022-09-30,1088000000.0,,,,3632000000.0,,,,1526000000.0,300000000.0,1226000000.0,3.7,3.65,327300000.0,331800000.0,,,,,,,,,,941000000.0,1911000000.0,,,71801000000.0,,,,,,,,,58846000000.0,16598000000.0,-4414000000.0,12955000000.0,71801000000.0,485000000.0,,,,,,,,,,2924000000.0,12480000000.0,,12418000000.0,,,122000000.0,,-15000000.0,-705000000.0,,,-2253000000.0,-52000000.0,-454000000.0
2022-12-31,1423000000.0,,,,4830000000.0,,,,2258000000.0,443000000.0,1815000000.0,5.52,5.44,324800000.0,329500000.0,,,,,1449000000.0,,,,,927000000.0,1911000000.0,778000000.0,,73022000000.0,,,,,,,,,59391000000.0,17048000000.0,-3876000000.0,13631000000.0,73022000000.0,625000000.0,,-106000000.0,,,,,,0.0,,4008000000.0,14255000000.0,,14996000000.0,,,175000000.0,,-4000000.0,-1277000000.0,,,-2710000000.0,7000000.0,548000000.0
2023-03-31,338000000.0,,,,1216000000.0,,,,653000000.0,118000000.0,535000000.0,1.69,1.66,314000000.0,318600000.0,,,,,,,,,,904000000.0,1911000000.0,,,74249000000.0,,,,,,,,,59909000000.0,17454000000.0,-3254000000.0,14340000000.0,74249000000.0,129000000.0,,,,,,,,,,871000000.0,2767000000.0,,2228000000.0,,,49000000.0,,7000000.0,-446000000.0,,,-545000000.0,-126000000.0,0.0
2023-06-30,690000000.0,,,,2441000000.0,,,,1325000000.0,243000000.0,1082000000.0,3.44,3.39,311700000.0,316000000.0,,,,,,,,,,884000000.0,1911000000.0,,,73895000000.0,,,,,,,,,59743000000.0,17865000000.0,-3524000000.0,14152000000.0,73895000000.0,258000000.0,,,,,,,,,,822000000.0,4441000000.0,,3507000000.0,,,99000000.0,,9000000.0,53000000.0,,,-1004000000.0,-122000000.0,-470000000.0
2023-09-30,1042000000.0,,,,3667000000.0,,,,2138000000.0,405000000.0,1733000000.0,5.55,5.48,309300000.0,313600000.0,,,,,,,,,,894000000.0,1911000000.0,,,74516000000.0,,,,,,,,,60837000000.0,18382000000.0,-4178000000.0,13679000000.0,74516000000.0,386000000.0,,,,,,,,,,2593000000.0,6920000000.0,,4908000000.0,,,151000000.0,,11000000.0,-1266000000.0,,,-1493000000.0,-163000000.0,-482000000.0
2023-12-31,1382000000.0,,,,4881000000.0,,,,3088000000.0,584000000.0,2504000000.0,8.09,7.97,307100000.0,311500000.0,,,,,1173000000.0,,,,,896000000.0,1911000000.0,707000000.0,,76780000000.0,,,,,,,,,61453000000.0,19007000000.0,-2849000000.0,15327000000.0,76780000000.0,510000000.0,,2000000.0,,,,,,0.0,,4220000000.0,9105000000.0,,6806000000.0,,,215000000.0,,21000000.0,-2431000000.0,,,-1947000000.0,-155000000.0,622000000.0
2024-03-31,352000000.0,,,,1283000000.0,,,,911000000.0,158000000.0,753000000.0,2.51,2.47,298100000.0,302600000.0,,,,,,,,,,879000000.0,1911000000.0,,,77710000000.0,,,,,,,,,62242000000.0,19614000000.0,-2997000000.0,15468000000.0,77710000000.0,127000000.0,,,,,,,,,,1097000000.0,2752000000.0,,1548000000.0,,,50000000.0,,0.0,-435000000.0,,,-529000000.0,133000000.0,-2000000.0
2024-06-30,716000000.0,,,,2568000000.0,,,,1823000000.0,332000000.0,1491000000.0,4.99,4.92,296800000.0,301300000.0,,,,,,,,,,878000000.0,1911000000.0,,,79046000000.0,,,,,,,,,63366000000.0,20209000000.0,-3068000000.0,15680000000.0,79046000000.0,187000000.0,,,,,,,,,,2357000000.0,6498000000.0,,5151000000.0,,,111000000.0,,-1000000.0,-1323000000.0,,,-1009000000.0,21000000.0,-457000000.0
2024-09-30,1085000000.0,,,,3891000000.0,,,,2775000000.0,517000000.0,2258000000.0,7.59,7.47,295400000.0,300000000.0,,,,,,,,,,871000000.0,1911000000.0,,,81219000000.0,,,,,,,,,64211000000.0,20834000000.0,-2005000000.0,17008000000.0,81219000000.0,272000000.0,,,,,,,,,,4035000000.0,9962000000.0,,7985000000.0,,,171000000.0,,26000000.0,-2412000000.0,,,-1529000000.0,92000000.0,-663000000.0
,,,,,,,,,,,,,,,,,,,,,,,,,,,,,,,,,,,,,,,,,,,,,,,,,,,,,,,,,,,,,,,,,,,
