Date,Net sales,Cost of sales,Gross margin,Research and development,"Selling, general and administrative",Total operating expenses,Operating income,"Other income/(expense), net",Income before provision for income taxes,Provision for income taxes,Net income,Earnings per share basic,Earnings per share diluted,Weighted-average basic,Weighted-average diluted,Cash and cash equivalents,Short-term marketable securities,"Accounts receivable, net",Inventories,Deferred tax assets,Vendor non-trade receivables,Other current assets,Total current assets,Long-term marketable securities,"Property, Plant and Equipment, Net",Goodwill,"Acquired intangible assets, net","Other Assets, Noncurrent",Total assets,accounts payable,Accrued expenses,Deferred revenue,Total current liabilities,Deferred revenue - non-current,deferred tax liabilities,long term taxes payable,Total other non-current liabilities,Total liabilities,Retained Earnings (Accumulated Deficit),Accumulated other comprehensive (loss)/income,Total shareholders equity,Total liabilities and shareholders' equity,"Depreciation, amortization and accretion",Stock-based compensation expense,Deferred income tax expense,"Increase (Decrease) in Accounts receivable, net",Increase (Decrease) in Inventories,Increase (Decrease) in Other Receivables,Increase (Decrease) in Other Operating Assets,Increase (Decrease) in Accounts Payable,Increase (Decrease) in Deferred Revenue,Increase (Decrease) Other liabilities,Cash generated by operating activities,Purchases of marketable securities,Proceeds from maturities of marketable securities,Proceeds from sales of marketable securities,Purchases of other long-term investments,"Business acquisitions, net of cash acquired",Cash payments for capital asset purchases,Payments for acquisition of intangible assets,Payments for (Proceeds from) Other Investing Activities,Cash used in investing activities,Proceeds from issuance of common stock,Excess tax benefits from stock-based compensation,Cash generated/used in financing activities,Increase/(decrease) in cash and cash equivalents,"Cash paid for income taxes, net"
2011-06-30,3247000000.0,,,,,,176000000.0,,131000000.0,46000000.0,85000000.0,1.73,1.72,48800000.0,49600000.0,381000000.0,,898000000.0,389000000.0,286000000.0,,,1994000000.0,,1985000000.0,1134000000.0,577000000.0,51000000.0,5937000000.0,255000000.0,237000000.0,,1184000000.0,,113000000.0,,54000000.0,4526000000.0,38000000.0,-491000000.0,1411000000.0,5937000000.0,,13000000.0,,171000000.0,114000000.0,,,,,,-178000000.0,,,,,,83000000.0,,,-83000000.0,,,642000000.0,381000000.0,11000000.0
2011-09-30,4840000000.0,,,,,,-190000000.0,,-220000000.0,74000000.0,-248000000.0,-5.07,-5.07,48900000.0,48900000.0,536000000.0,,781000000.0,,268000000.0,,,2082000000.0,,1979000000.0,834000000.0,,55000000.0,5715000000.0,287000000.0,,,1207000000.0,,,,51000000.0,4560000000.0,-210000000.0,-483000000.0,1155000000.0,5715000000.0,,22000000.0,,53000000.0,,,,,,,54000000.0,,,,,,119000000.0,,,-119000000.0,,,601000000.0,536000000.0,
2011-12-31,6575000000.0,,,,,,110000000.0,,6000000.0,100000000.0,-94000000.0,-1.93,-1.93,48800000.0,48800000.0,915000000.0,,711000000.0,,232000000.0,,,2268000000.0,,2033000000.0,844000000.0,,49000000.0,6001000000.0,380000000.0,,,1372000000.0,,,,49000000.0,5129000000.0,-141000000.0,-849000000.0,872000000.0,6001000000.0,,42000000.0,,-17000000.0,,,,,,,528000000.0,,,,,,197000000.0,,0.0,-197000000.0,,,584000000.0,915000000.0,
2012-03-31,1568000000.0,,,,,,80000000.0,,50000000.0,17000000.0,33000000.0,0.67,0.67,49000000.0,49500000.0,551000000.0,,954000000.0,,235000000.0,,,2156000000.0,,2005000000.0,844000000.0,,48000000.0,5824000000.0,293000000.0,,,1252000000.0,,,,51000000.0,4906000000.0,-108000000.0,-834000000.0,918000000.0,5824000000.0,,8000000.0,,243000000.0,,,,,,,-329000000.0,,,,,,27000000.0,,,-27000000.0,,,-8000000.0,-364000000.0,
2012-06-30,3289000000.0,,,,,,186000000.0,,127000000.0,44000000.0,83000000.0,1.69,1.67,49500000.0,50100000.0,669000000.0,,878000000.0,,314000000.0,,,2167000000.0,,1992000000.0,844000000.0,,1653000000.0,5812000000.0,314000000.0,,,1217000000.0,,,,49000000.0,4818000000.0,-58000000.0,,994000000.0,5812000000.0,,16000000.0,,167000000.0,,,,,,,-178000000.0,,,,,,57000000.0,,,-57000000.0,,,-11000000.0,-246000000.0,
2012-09-30,4885000000.0,,,,,,252000000.0,,164000000.0,68000000.0,96000000.0,1.95,1.92,49600000.0,50300000.0,766000000.0,,883000000.0,,281000000.0,,,2226000000.0,,1988000000.0,844000000.0,,1649000000.0,5863000000.0,292000000.0,,,1239000000.0,,,,53000000.0,4825000000.0,-45000000.0,,1038000000.0,5863000000.0,,25000000.0,,172000000.0,,,,,,,-41000000.0,,,,,,92000000.0,,,-92000000.0,,,-16000000.0,-149000000.0,
2013-03-31,1562000000.0,,,,,,95000000.0,,65000000.0,21000000.0,44000000.0,0.88,0.87,49800000.0,50300000.0,652000000.0,,1199000000.0,,526000000.0,,,2391000000.0,,2004000000.0,881000000.0,,,6251000000.0,247000000.0,,,1177000000.0,,,,61000000.0,5544000000.0,39000000.0,-1224000000.0,707000000.0,6251000000.0,,9000000.0,,294000000.0,,,,,,,-362000000.0,,,,,,30000000.0,,,-30000000.0,,3000000.0,-13000000.0,-405000000.0,
2013-06-30,3245000000.0,,,,,,211000000.0,,152000000.0,51000000.0,101000000.0,2.02,2.0,50200000.0,50700000.0,623000000.0,,1101000000.0,,432000000.0,,,2269000000.0,,1990000000.0,881000000.0,,,6047000000.0,287000000.0,,,1220000000.0,,,,64000000.0,5174000000.0,91000000.0,-1096000000.0,873000000.0,6047000000.0,,19000000.0,,196000000.0,,,,,,,-337000000.0,,,,,,55000000.0,,,-55000000.0,,3000000.0,-42000000.0,-434000000.0,
2013-09-30,4882000000.0,,,,,,338000000.0,,251000000.0,81000000.0,170000000.0,3.41,3.37,49900000.0,50600000.0,895000000.0,,1055000000.0,,466000000.0,,,2531000000.0,,1964000000.0,881000000.0,,,6279000000.0,287000000.0,,,1402000000.0,,,,52000000.0,5344000000.0,155000000.0,-1078000000.0,935000000.0,6279000000.0,,28000000.0,,150000000.0,,,,,,,-56000000.0,,,,,,85000000.0,,,-27000000.0,,5000000.0,-79000000.0,-162000000.0,
2013-12-31,6820000000.0,,,22000000.0,,,512000000.0,,394000000.0,133000000.0,261000000.0,5.25,5.18,49700000.0,50400000.0,1043000000.0,,1123000000.0,,87000000.0,,,2676000000.0,,1897000000.0,881000000.0,,1652000000.0,6225000000.0,337000000.0,,,1392000000.0,,83000000.0,,104000000.0,4704000000.0,236000000.0,-521000000.0,1521000000.0,6225000000.0,226000000.0,44000000.0,,218000000.0,,,,,,,236000000.0,,,,,,139000000.0,,,-81000000.0,,24000000.0,-169000000.0,-14000000.0,
2014-03-31,1594000000.0,,,,,,159000000.0,,132000000.0,42000000.0,90000000.0,1.83,1.81,49100000.0,49700000.0,742000000.0,,1299000000.0,,71000000.0,,,2544000000.0,,1856000000.0,922000000.0,,,6107000000.0,263000000.0,,,1240000000.0,,92000000.0,,106000000.0,4546000000.0,316000000.0,-515000000.0,,6107000000.0,,5000000.0,,162000000.0,,,,,,,-214000000.0,,,,,46000000.0,24000000.0,,,-70000000.0,,2000000.0,-17000000.0,-301000000.0,
2014-06-30,3313000000.0,,,,,,340000000.0,,284000000.0,94000000.0,190000000.0,3.88,3.84,49000000.0,49500000.0,592000000.0,,1216000000.0,,67000000.0,,,2327000000.0,,1850000000.0,1089000000.0,,,6080000000.0,297000000.0,,,1267000000.0,,112000000.0,,110000000.0,4511000000.0,406000000.0,-509000000.0,,6080000000.0,,11000000.0,,38000000.0,,,,,,,58000000.0,,,,,273000000.0,51000000.0,,,-324000000.0,,15000000.0,-185000000.0,-451000000.0,
2014-09-30,5030000000.0,,,,,,511000000.0,,428000000.0,142000000.0,286000000.0,5.85,5.8,48900000.0,49300000.0,769000000.0,,1144000000.0,,49000000.0,,,2380000000.0,,1852000000.0,1086000000.0,,,6125000000.0,268000000.0,,,1234000000.0,,118000000.0,,99000000.0,4463000000.0,492000000.0,-506000000.0,,6125000000.0,,22000000.0,,-34000000.0,,,,,,,314000000.0,,,,,272000000.0,91000000.0,,,-363000000.0,,15000000.0,-225000000.0,-274000000.0,
2014-12-31,6957000000.0,,,18000000.0,,,655000000.0,,507000000.0,169000000.0,338000000.0,6.93,6.86,48800000.0,49300000.0,990000000.0,,1038000000.0,,341000000.0,,,2546000000.0,,1792000000.0,1026000000.0,,1931000000.0,6269000000.0,269000000.0,,,1312000000.0,,,,105000000.0,4904000000.0,525000000.0,-862000000.0,1365000000.0,6269000000.0,194000000.0,34000000.0,,-140000000.0,,,,,,,716000000.0,,,,,272000000.0,165000000.0,,,-437000000.0,,39000000.0,-332000000.0,-53000000.0,
2015-03-31,1570000000.0,,,,,,156000000.0,,133000000.0,46000000.0,87000000.0,1.8,1.79,48400000.0,48700000.0,904000000.0,,1219000000.0,,335000000.0,,,2628000000.0,,1768000000.0,1032000000.0,,,6319000000.0,307000000.0,,,1332000000.0,,,,104000000.0,4939000000.0,593000000.0,-849000000.0,,6319000000.0,,4000000.0,,189000000.0,,,,,,,-3000000.0,,,,,6000000.0,20000000.0,,,6000000.0,,13000000.0,-89000000.0,-86000000.0,
2015-06-30,3315000000.0,,,,,,425000000.0,,377000000.0,134000000.0,243000000.0,5.02,4.99,48500000.0,48800000.0,960000000.0,,1244000000.0,,336000000.0,,,2694000000.0,,1757000000.0,973000000.0,,,6312000000.0,269000000.0,,,1589000000.0,,,,102000000.0,4827000000.0,729000000.0,-836000000.0,,6312000000.0,,21000000.0,,211000000.0,,,,,,,163000000.0,,,,,6000000.0,49000000.0,,,-2000000.0,,13000000.0,-191000000.0,-30000000.0,
2015-09-30,5115000000.0,,,,,,625000000.0,,552000000.0,198000000.0,354000000.0,7.33,7.28,48300000.0,48600000.0,671000000.0,,1278000000.0,,314000000.0,,,2419000000.0,,1750000000.0,973000000.0,,,6042000000.0,296000000.0,,,1294000000.0,,,,103000000.0,4552000000.0,821000000.0,-826000000.0,,6042000000.0,,29000000.0,,245000000.0,,,,,,,417000000.0,,,,,6000000.0,86000000.0,,,-39000000.0,,11000000.0,-697000000.0,-319000000.0,
2015-12-31,7020000000.0,,,19000000.0,,,769000000.0,,632000000.0,228000000.0,404000000.0,8.43,8.36,47900000.0,48300000.0,894000000.0,,1074000000.0,,336000000.0,,,2284000000.0,,1827000000.0,956000000.0,,1913000000.0,6024000000.0,317000000.0,,,1274000000.0,,,,103000000.0,4534000000.0,848000000.0,-845000000.0,1490000000.0,6024000000.0,180000000.0,43000000.0,,41000000.0,,,,,,,828000000.0,,,,,6000000.0,188000000.0,,,-141000000.0,,33000000.0,-783000000.0,-96000000.0,
2016-03-31,1763000000.0,,,,,,198000000.0,,177000000.0,41000000.0,136000000.0,2.89,2.87,47000000.0,47400000.0,793000000.0,,1086000000.0,,,,,2203000000.0,,1809000000.0,956000000.0,,,5896000000.0,252000000.0,,,1155000000.0,,,,100000000.0,4375000000.0,960000000.0,-833000000.0,,5896000000.0,,5000000.0,,12000000.0,,,,,,,54000000.0,,,,,,37000000.0,,,-37000000.0,,,-118000000.0,-101000000.0,
2016-06-30,3463000000.0,,,,,,415000000.0,,376000000.0,107000000.0,269000000.0,5.72,5.68,47000000.0,47500000.0,852000000.0,,1022000000.0,,,,,2197000000.0,,1813000000.0,956000000.0,,,5859000000.0,252000000.0,,,1141000000.0,,,,88000000.0,4247000000.0,1069000000.0,-821000000.0,,5859000000.0,,11000000.0,,-52000000.0,,,,,,,223000000.0,,,,,,85000000.0,,,-81000000.0,,,-184000000.0,-42000000.0,
2016-09-30,5146000000.0,,,,,,590000000.0,,533000000.0,157000000.0,376000000.0,8.0,7.93,47000000.0,47400000.0,957000000.0,,1046000000.0,,,,,2344000000.0,,1841000000.0,956000000.0,,,6008000000.0,293000000.0,,,1228000000.0,,,,99000000.0,4356000000.0,1154000000.0,-808000000.0,,6008000000.0,,22000000.0,,-28000000.0,,,,,,,477000000.0,,,,,,145000000.0,,,-141000000.0,,,-273000000.0,63000000.0,
2016-12-31,7068000000.0,,,19000000.0,,,858000000.0,,784000000.0,211000000.0,573000000.0,12.24,12.14,46800000.0,47200000.0,720000000.0,,1164000000.0,,314000000.0,,,2142000000.0,,1986000000.0,1234000000.0,,2224000000.0,6352000000.0,316000000.0,,,1343000000.0,,,,90000000.0,4699000000.0,1323000000.0,-951000000.0,1653000000.0,6352000000.0,186000000.0,36000000.0,,22000000.0,,,,,,,822000000.0,,,,,372000000.0,285000000.0,,,-653000000.0,,,-343000000.0,-174000000.0,
2017-03-31,1724000000.0,,,,,,164000000.0,,147000000.0,28000000.0,119000000.0,2.57,2.56,46300000.0,46400000.0,608000000.0,,1178000000.0,,,,,2063000000.0,,1986000000.0,1234000000.0,,,6234000000.0,333000000.0,,,1273000000.0,,,,89000000.0,4596000000.0,1414000000.0,-935000000.0,,6234000000.0,,6000000.0,,43000000.0,,,,,,,98000000.0,,,,,,58000000.0,,,-58000000.0,,,-152000000.0,-112000000.0,
2017-06-30,3582000000.0,,,,,,401000000.0,,365000000.0,99000000.0,266000000.0,5.78,5.77,46000000.0,46100000.0,553000000.0,,1201000000.0,,,,,2033000000.0,,2034000000.0,1218000000.0,,,6190000000.0,325000000.0,,,1247000000.0,,,,95000000.0,4540000000.0,1534000000.0,-919000000.0,,6190000000.0,,20000000.0,,60000000.0,,,,,,,284000000.0,,,,,-3000000.0,137000000.0,,,-133000000.0,,,-318000000.0,-167000000.0,
2017-09-30,5445000000.0,,,,,,638000000.0,,585000000.0,170000000.0,415000000.0,9.06,9.04,45800000.0,45900000.0,499000000.0,,1200000000.0,,,,,1939000000.0,,2093000000.0,1217000000.0,,,6172000000.0,318000000.0,,,1275000000.0,,,,99000000.0,4460000000.0,1656000000.0,-949000000.0,,6172000000.0,,27000000.0,,47000000.0,,,,,,,380000000.0,,,,,-3000000.0,228000000.0,,,-216000000.0,,,-385000000.0,-221000000.0,
2017-12-31,7441000000.0,,,17000000.0,,,865000000.0,,772000000.0,293000000.0,479000000.0,10.48,10.46,45700000.0,45800000.0,701000000.0,,1188000000.0,,114000000.0,,,2195000000.0,,2215000000.0,1217000000.0,,1964000000.0,6374000000.0,375000000.0,,,1391000000.0,,,,101000000.0,4616000000.0,1687000000.0,-900000000.0,1758000000.0,6374000000.0,205000000.0,34000000.0,,35000000.0,,,,,,,814000000.0,,,,,-3000000.0,361000000.0,,,-349000000.0,,,-484000000.0,-19000000.0,
2018-03-31,1874000000.0,,,,,,191000000.0,,195000000.0,39000000.0,156000000.0,3.48,3.48,44800000.0,44800000.0,528000000.0,,343000000.0,,,,,2210000000.0,,2219000000.0,1217000000.0,,,6376000000.0,344000000.0,,190000000.0,1463000000.0,,,,102000000.0,4658000000.0,2029000000.0,-1098000000.0,,6376000000.0,,7000000.0,,169000000.0,,,,,,,120000000.0,,,,,,75000000.0,,,-70000000.0,,,-223000000.0,-173000000.0,
2018-06-30,3894000000.0,,,,,,448000000.0,,457000000.0,62000000.0,395000000.0,8.88,8.86,44500000.0,44600000.0,398000000.0,,364000000.0,,,,,2152000000.0,,2258000000.0,1217000000.0,,,6375000000.0,378000000.0,,210000000.0,1509000000.0,,,,130000000.0,4676000000.0,2236000000.0,-1085000000.0,,6375000000.0,,15000000.0,,184000000.0,,,,,,,359000000.0,,,,,,177000000.0,,,-165000000.0,,,-497000000.0,-303000000.0,
2018-09-30,5977000000.0,,,,,,738000000.0,,752000000.0,128000000.0,624000000.0,14.15,14.15,44100000.0,44100000.0,68000000.0,,472000000.0,,,,,1859000000.0,,2332000000.0,1217000000.0,,,6199000000.0,407000000.0,,267000000.0,1631000000.0,,,,141000000.0,4374000000.0,2434000000.0,-1070000000.0,,6199000000.0,,27000000.0,,192000000.0,,,,,,,266000000.0,,,,,,293000000.0,,,-267000000.0,,,-632000000.0,-633000000.0,
2018-12-31,8176000000.0,,,25000000.0,,,951000000.0,,971000000.0,135000000.0,836000000.0,19.09,19.09,43800000.0,43800000.0,240000000.0,,252000000.0,,163000000.0,,,1745000000.0,,2517000000.0,1263000000.0,,2121000000.0,6383000000.0,562000000.0,,,1829000000.0,,,,189000000.0,4867000000.0,2609000000.0,-1288000000.0,1516000000.0,6383000000.0,203000000.0,36000000.0,,-195000000.0,,,,,,,914000000.0,,,,,77000000.0,402000000.0,,,-476000000.0,,,-899000000.0,-461000000.0,
2019-03-31,2080000000.0,,,,,,161000000.0,,149000000.0,31000000.0,118000000.0,2.85,2.85,41400000.0,41400000.0,51000000.0,,375000000.0,,,,,1922000000.0,,2569000000.0,1402000000.0,,,7000000000.0,618000000.0,,360000000.0,1960000000.0,,,,225000000.0,5437000000.0,2691000000.0,-1269000000.0,,7000000000.0,,5000000.0,,112000000.0,,,,,,,11000000.0,,,,,195000000.0,110000000.0,,,-269000000.0,,,69000000.0,-189000000.0,
2019-06-30,4268000000.0,,,,,,336000000.0,,313000000.0,67000000.0,246000000.0,5.91,5.91,41700000.0,41700000.0,29000000.0,,564000000.0,,,,,2123000000.0,,2626000000.0,1403000000.0,,,7230000000.0,616000000.0,,338000000.0,1902000000.0,,,,255000000.0,5602000000.0,2783000000.0,-1251000000.0,,7230000000.0,,12000000.0,,301000000.0,,,,,,,-33000000.0,,,,,196000000.0,234000000.0,,,-361000000.0,,,183000000.0,-211000000.0,
2019-09-30,6487000000.0,,,,,,550000000.0,,511000000.0,111000000.0,400000000.0,9.66,9.66,41400000.0,41400000.0,32000000.0,,489000000.0,,,,,2025000000.0,,2700000000.0,1402000000.0,,,7184000000.0,616000000.0,,344000000.0,1950000000.0,,,,259000000.0,5479000000.0,2902000000.0,-1232000000.0,,7184000000.0,,19000000.0,,223000000.0,,,,,,,330000000.0,,,,,195000000.0,349000000.0,,-3000000.0,-470000000.0,,,-68000000.0,-208000000.0,
2019-12-31,8899000000.0,,,23000000.0,,,736000000.0,,683000000.0,134000000.0,549000000.0,13.26,13.26,41400000.0,41400000.0,75000000.0,,318000000.0,,108000000.0,,,1785000000.0,,2832000000.0,1373000000.0,,2414000000.0,7031000000.0,497000000.0,,,1890000000.0,,,,291000000.0,5443000000.0,3009000000.0,-1409000000.0,1588000000.0,7031000000.0,227000000.0,30000000.0,97000000.0,51000000.0,,,,,,,896000000.0,,,,,195000000.0,436000000.0,,4000000.0,-627000000.0,,,-434000000.0,-165000000.0,
2020-03-31,2263000000.0,,,,,,215000000.0,,216000000.0,44000000.0,172000000.0,4.23,4.23,40700000.0,40700000.0,28000000.0,,418000000.0,,,,,2137000000.0,,2848000000.0,1648000000.0,,,7615000000.0,536000000.0,,387000000.0,2080000000.0,,,,291000000.0,5972000000.0,3139000000.0,-1394000000.0,,7615000000.0,,7000000.0,,93000000.0,,,,,,,68000000.0,,,,,378000000.0,71000000.0,,,-444000000.0,,,329000000.0,-47000000.0,
2020-06-30,4290000000.0,,,,,,272000000.0,,281000000.0,56000000.0,225000000.0,5.54,5.54,40700000.0,40700000.0,631000000.0,,494000000.0,,,,,2739000000.0,,2879000000.0,1576000000.0,,,8233000000.0,437000000.0,,573000000.0,2114000000.0,,,,296000000.0,6555000000.0,3150000000.0,-1376000000.0,,8233000000.0,,13000000.0,,167000000.0,,,,,,,269000000.0,,,,,378000000.0,150000000.0,,,-519000000.0,,,806000000.0,556000000.0,
2020-09-30,6604000000.0,,,,,,494000000.0,,507000000.0,60000000.0,447000000.0,11.01,10.98,40600000.0,40700000.0,744000000.0,,492000000.0,,,,,2881000000.0,,2907000000.0,1577000000.0,,,8445000000.0,429000000.0,,604000000.0,2233000000.0,,,,329000000.0,6565000000.0,3330000000.0,-1357000000.0,,8445000000.0,,16000000.0,,164000000.0,,,,,,,491000000.0,,,,,377000000.0,220000000.0,,6000000.0,-586000000.0,,,764000000.0,669000000.0,
2020-12-31,9361000000.0,,,31000000.0,,,799000000.0,,810000000.0,114000000.0,696000000.0,17.14,17.14,40600000.0,40600000.0,512000000.0,,397000000.0,,133000000.0,,,2444000000.0,,2978000000.0,1617000000.0,,2735000000.0,8157000000.0,460000000.0,,,2226000000.0,,,,315000000.0,6256000000.0,3533000000.0,-1547000000.0,1901000000.0,8157000000.0,247000000.0,23000000.0,23000000.0,70000000.0,,,,,,,1093000000.0,,,,,417000000.0,336000000.0,,-6000000.0,-759000000.0,,,103000000.0,437000000.0,
2021-03-31,2278000000.0,,,,,,147000000.0,,173000000.0,25000000.0,148000000.0,3.68,3.68,40200000.0,40200000.0,407000000.0,,407000000.0,,,,,2443000000.0,,2988000000.0,1604000000.0,,,8214000000.0,397000000.0,,700000000.0,2290000000.0,,,,317000000.0,6235000000.0,3635000000.0,-1523000000.0,,8214000000.0,,9000000.0,,10000000.0,,,,,,,43000000.0,,,,,,60000000.0,,,-46000000.0,,,-102000000.0,-105000000.0,-42000000.0
2021-06-30,4509000000.0,,,,,,275000000.0,,334000000.0,57000000.0,277000000.0,6.87,6.87,40300000.0,40300000.0,348000000.0,,443000000.0,,,,,2317000000.0,,3004000000.0,1604000000.0,,,8132000000.0,349000000.0,,660000000.0,2123000000.0,,,,318000000.0,6065000000.0,3718000000.0,-1501000000.0,,8132000000.0,,12000000.0,,45000000.0,,,,,,,139000000.0,,,,,,134000000.0,,,-134000000.0,,,-169000000.0,-164000000.0,21000000.0
2021-09-30,6847000000.0,,,,,,393000000.0,,475000000.0,51000000.0,424000000.0,10.52,10.52,40300000.0,40300000.0,555000000.0,,446000000.0,,,,,2794000000.0,,3043000000.0,2684000000.0,,,10400000000.0,508000000.0,,674000000.0,2444000000.0,,154000000.0,,360000000.0,8211000000.0,3819000000.0,-1470000000.0,,10400000000.0,,19000000.0,,-52000000.0,,,,,,,489000000.0,,,,,1636000000.0,216000000.0,,-1000000.0,-1842000000.0,,,1396000000.0,43000000.0,31000000.0
2021-12-31,9524000000.0,,,34000000.0,,,513000000.0,,622000000.0,78000000.0,544000000.0,13.5,13.5,40300000.0,40300000.0,627000000.0,,433000000.0,,-313000000.0,,,2790000000.0,,3107000000.0,2628000000.0,,4730000000.0,10627000000.0,603000000.0,,,2427000000.0,,,,362000000.0,7819000000.0,3891000000.0,-923000000.0,2808000000.0,10627000000.0,293000000.0,33000000.0,98000000.0,-58000000.0,,,,,,,760000000.0,,,,,1643000000.0,311000000.0,,2000000.0,-1954000000.0,,,1309000000.0,115000000.0,
2022-03-31,2576000000.0,,,,,,138000000.0,,176000000.0,36000000.0,140000000.0,3.5,3.5,40000000.0,40000000.0,330000000.0,,671000000.0,,,,,2786000000.0,,3094000000.0,2628000000.0,,,10557000000.0,544000000.0,,685000000.0,2421000000.0,,293000000.0,,360000000.0,7735000000.0,3982000000.0,-987000000.0,,10557000000.0,,9000000.0,,231000000.0,,,,,,,-83000000.0,,,,,,43000000.0,,,-43000000.0,,,-171000000.0,-297000000.0,
2022-06-30,5238000000.0,,,,,,329000000.0,,398000000.0,80000000.0,318000000.0,7.93,7.93,40100000.0,40100000.0,375000000.0,,681000000.0,,,,,2820000000.0,,3102000000.0,2634000000.0,,,10586000000.0,528000000.0,,757000000.0,2447000000.0,,293000000.0,,356000000.0,7634000000.0,4113000000.0,-978000000.0,,10586000000.0,,16000000.0,,241000000.0,,,,,,,184000000.0,,,,,,102000000.0,,-6000000.0,-101000000.0,,,-335000000.0,-252000000.0,15000000.0
2022-09-30,7864000000.0,,,,,,460000000.0,,560000000.0,104000000.0,456000000.0,11.37,11.37,40100000.0,40100000.0,117000000.0,,721000000.0,,,,,2817000000.0,,3136000000.0,2618000000.0,,,10615000000.0,539000000.0,,768000000.0,2892000000.0,,,,354000000.0,7567000000.0,4203000000.0,-970000000.0,,10615000000.0,,28000000.0,,281000000.0,,,,,,,165000000.0,,,,,,179000000.0,,-6000000.0,-178000000.0,,,-497000000.0,-510000000.0,107000000.0
2022-12-31,10676000000.0,,,40000000.0,,,565000000.0,,719000000.0,140000000.0,579000000.0,14.44,14.44,40100000.0,40100000.0,,,636000000.0,,472000000.0,,,2746000000.0,,3198000000.0,2618000000.0,,4913000000.0,10857000000.0,642000000.0,380000000.0,766000000.0,2895000000.0,,,,366000000.0,7368000000.0,4276000000.0,-599000000.0,3489000000.0,10857000000.0,358000000.0,36000000.0,2000000.0,196000000.0,,,,,,,766000000.0,,,,,,272000000.0,,-9000000.0,-268000000.0,,,-658000000.0,-160000000.0,
2023-03-31,2674000000.0,,,,,,141000000.0,,163000000.0,34000000.0,129000000.0,3.23,3.23,39900000.0,39900000.0,318000000.0,,755000000.0,,,,,2752000000.0,,3182000000.0,2618000000.0,,,10849000000.0,505000000.0,,810000000.0,2867000000.0,,,,368000000.0,7286000000.0,4354000000.0,-596000000.0,,10849000000.0,,12000000.0,,119000000.0,,,,,,,-9000000.0,,,,,,43000000.0,,,-60000000.0,,,-80000000.0,-149000000.0,
2023-06-30,5461000000.0,,,,,,297000000.0,,332000000.0,73000000.0,259000000.0,6.49,6.49,39900000.0,39900000.0,313000000.0,,786000000.0,,,,,2817000000.0,,3196000000.0,2618000000.0,,,10859000000.0,519000000.0,,833000000.0,2927000000.0,,,,367000000.0,7213000000.0,4434000000.0,-592000000.0,,10859000000.0,,18000000.0,,149000000.0,,,,,,,73000000.0,,,,,,111000000.0,,-1000000.0,-70000000.0,,,-157000000.0,-154000000.0,172000000.0
2023-09-30,8277000000.0,,,,,,469000000.0,,521000000.0,114000000.0,407000000.0,10.18,10.18,40000000.0,40000000.0,109000000.0,,698000000.0,,,,,2587000000.0,,3201000000.0,2618000000.0,,,10621000000.0,535000000.0,,878000000.0,2817000000.0,,,,377000000.0,6888000000.0,4532000000.0,-590000000.0,,10621000000.0,,27000000.0,,62000000.0,,,,,,,408000000.0,,,,,,164000000.0,,-2000000.0,-111000000.0,,,-655000000.0,-358000000.0,227000000.0
2023-12-31,11454000000.0,,,35000000.0,,,781000000.0,,853000000.0,172000000.0,681000000.0,17.07,17.07,39900000.0,39900000.0,,,461000000.0,,518000000.0,,,2880000000.0,,3296000000.0,2618000000.0,,5039000000.0,11215000000.0,554000000.0,449000000.0,1063000000.0,3032000000.0,,,,379000000.0,7122000000.0,4755000000.0,-422000000.0,4093000000.0,11215000000.0,347000000.0,34000000.0,-113000000.0,-168000000.0,,,,,297000000.0,,970000000.0,,,,,,278000000.0,,-3000000.0,-236000000.0,,,-771000000.0,-37000000.0,
2024-03-31,2805000000.0,,,,,,154000000.0,,184000000.0,31000000.0,153000000.0,3.87,3.87,39500000.0,39500000.0,10000000.0,,718000000.0,,,,,2833000000.0,,3298000000.0,2618000000.0,,,11167000000.0,608000000.0,,936000000.0,2948000000.0,,,,386000000.0,7041000000.0,4855000000.0,-419000000.0,,11167000000.0,,14000000.0,,253000000.0,,,,,,,-202000000.0,,,,,,75000000.0,,-1000000.0,-71000000.0,,,-147000000.0,-420000000.0,
2024-06-30,5782000000.0,,,,,,343000000.0,,400000000.0,74000000.0,326000000.0,8.25,8.25,39500000.0,39500000.0,,,706000000.0,,,,,2912000000.0,,3342000000.0,2618000000.0,,,11310000000.0,652000000.0,,886000000.0,3563000000.0,,,,387000000.0,7132000000.0,4977000000.0,-415000000.0,,11310000000.0,,7000000.0,,239000000.0,,,,,,,-211000000.0,,,,,,165000000.0,,,-162000000.0,,,-46000000.0,-419000000.0,157000000.0
2024-09-30,8531000000.0,,,,,,425000000.0,,512000000.0,85000000.0,427000000.0,10.81,10.81,39500000.0,39500000.0,,,436000000.0,,,,,2629000000.0,,3384000000.0,2618000000.0,,,11082000000.0,579000000.0,,743000000.0,3336000000.0,,,,406000000.0,6879000000.0,5026000000.0,-412000000.0,,11082000000.0,,15000000.0,,-31000000.0,,,,,,,2000000.0,,,,,,253000000.0,,-1000000.0,-238000000.0,,,-184000000.0,-420000000.0,170000000.0
,,,,,,,,,,,,,,,,,,,,,,,,,,,,,,,,,,,,,,,,,,,,,,,,,,,,,,,,,,,,,,,,,,,
