Date,Net sales,Cost of sales,Gross margin,Research and development,"Selling, general and administrative",Total operating expenses,Operating income,"Other income/(expense), net",Income before provision for income taxes,Provision for income taxes,Net income,Earnings per share basic,Earnings per share diluted,Weighted-average basic,Weighted-average diluted,Cash and cash equivalents,Short-term marketable securities,"Accounts receivable, net",Inventories,Deferred tax assets,Vendor non-trade receivables,Other current assets,Total current assets,Long-term marketable securities,"Property, Plant and Equipment, Net",Goodwill,"Acquired intangible assets, net","Other Assets, Noncurrent",Total assets,accounts payable,Accrued expenses,Deferred revenue,Total current liabilities,Deferred revenue - non-current,deferred tax liabilities,long term taxes payable,Total other non-current liabilities,Total liabilities,Retained Earnings (Accumulated Deficit),Accumulated other comprehensive (loss)/income,Total shareholders equity,Total liabilities and shareholders' equity,"Depreciation, amortization and accretion",Stock-based compensation expense,Deferred income tax expense,"Increase (Decrease) in Accounts receivable, net",Increase (Decrease) in Inventories,Increase (Decrease) in Other Receivables,Increase (Decrease) in Other Operating Assets,Increase (Decrease) in Accounts Payable,Increase (Decrease) in Deferred Revenue,Increase (Decrease) Other liabilities,Cash generated by operating activities,Purchases of marketable securities,Proceeds from maturities of marketable securities,Proceeds from sales of marketable securities,Purchases of other long-term investments,"Business acquisitions, net of cash acquired",Cash payments for capital asset purchases,Payments for acquisition of intangible assets,Payments for (Proceeds from) Other Investing Activities,Cash used in investing activities,Proceeds from issuance of common stock,Excess tax benefits from stock-based compensation,Cash generated/used in financing activities,Increase/(decrease) in cash and cash equivalents,"Cash paid for income taxes, net"
2009-12-31,30908000000.0,23185000000.0,,,4341000000.0,,,,,789000000.0,2153000000.0,2.86,2.85,,,2801000000.0,,,3446000000.0,1034000000.0,,381000000.0,13936000000.0,,4847000000.0,10494000000.0,,1016000000.0,36004000000.0,3633000000.0,6153000000.0,,11147000000.0,,542000000.0,,6481000000.0,,17487000000.0,-4429000000.0,8844000000.0,36004000000.0,957000000.0,118000000.0,,,479000000.0,,-31000000.0,-167000000.0,,,3946000000.0,,,,,,-609000000.0,,-65000000.0,-1133000000.0,,1000000.0,-2152000000.0,736000000.0,
2010-03-31,7776000000.0,5982000000.0,,,1136000000.0,,,,,160000000.0,386000000.0,0.5,0.5,,,2851000000.0,,,3568000000.0,1024000000.0,,,14333000000.0,,4697000000.0,10362000000.0,,1025000000.0,36026000000.0,3553000000.0,6233000000.0,,11101000000.0,,570000000.0,,6409000000.0,,17635000000.0,-4543000000.0,8987000000.0,36026000000.0,233000000.0,50000000.0,,,-122000000.0,,-28000000.0,-80000000.0,,,743000000.0,,,,,,-70000000.0,,-16000000.0,-381000000.0,,2000000.0,-249000000.0,50000000.0,
2010-09-30,24329000000.0,18740000000.0,,,3475000000.0,,,,1906000000.0,540000000.0,1353000000.0,1.76,1.74,,782800000.0,2640000000.0,,,4027000000.0,987000000.0,,,15163000000.0,,4738000000.0,11529000000.0,,1136000000.0,,4059000000.0,6502000000.0,,11546000000.0,,745000000.0,,6260000000.0,,18130000000.0,-4282000000.0,10330000000.0,38119000000.0,716000000.0,123000000.0,,,377000000.0,,3000000.0,354000000.0,,,3158000000.0,,,,,,351000000.0,,-22000000.0,-1980000000.0,,5000000.0,-1301000000.0,-161000000.0,
2010-12-31,33370000000.0,25519000000.0,7851000000.0,1466000000.0,4717000000.0,,,,2843000000.0,808000000.0,2022000000.0,2.61,2.59,,780900000.0,2650000000.0,,7068000000.0,3958000000.0,1379000000.0,,,15011000000.0,,4840000000.0,11597000000.0,,1153000000.0,,4344000000.0,6484000000.0,,11717000000.0,94000000.0,636000000.0,562000000.0,5905000000.0,,15097000000.0,-1067000000.0,10666000000.0,37834000000.0,987000000.0,164000000.0,878000000.0,,310000000.0,,-14000000.0,625000000.0,,,4203000000.0,,,,,,651000000.0,,-5000000.0,-2269000000.0,,13000000.0,-2047000000.0,-151000000.0,80000000.0
2011-03-31,8909000000.0,6610000000.0,,,1254000000.0,,,,975000000.0,267000000.0,705000000.0,0.9,0.88,,797700000.0,3076000000.0,,,4290000000.0,882000000.0,,,16031000000.0,,4832000000.0,11805000000.0,,1245000000.0,,4308000000.0,6587000000.0,,11770000000.0,,671000000.0,,4871000000.0,,15538000000.0,-687000000.0,11690000000.0,38902000000.0,242000000.0,49000000.0,,,342000000.0,,22000000.0,-19000000.0,,,-443000000.0,,,,,,124000000.0,,-31000000.0,16000000.0,,13000000.0,786000000.0,426000000.0,
2011-06-30,17758000000.0,13088000000.0,,,2480000000.0,,,,2046000000.0,560000000.0,1515000000.0,1.93,1.9,,797500000.0,3548000000.0,,,4197000000.0,926000000.0,,,17386000000.0,,4718000000.0,11492000000.0,,1274000000.0,,4442000000.0,6555000000.0,,12111000000.0,,661000000.0,,4928000000.0,,16085000000.0,-536000000.0,12072000000.0,39650000000.0,478000000.0,91000000.0,,,389000000.0,,23000000.0,260000000.0,,,695000000.0,,,,,,289000000.0,,-58000000.0,-74000000.0,,30000000.0,190000000.0,898000000.0,
2011-09-30,27056000000.0,20121000000.0,,,3783000000.0,,,,2939000000.0,767000000.0,2377000000.0,3.04,2.99,,794000000.0,3885000000.0,,,4369000000.0,867000000.0,,,17044000000.0,,4725000000.0,11645000000.0,,1386000000.0,,4570000000.0,7014000000.0,,12859000000.0,,505000000.0,,4474000000.0,,16686000000.0,-1122000000.0,11662000000.0,39445000000.0,704000000.0,129000000.0,,,440000000.0,,53000000.0,365000000.0,,,1356000000.0,,,,,,466000000.0,,-67000000.0,113000000.0,,31000000.0,-195000000.0,1235000000.0,
2011-12-31,36529000000.0,28556000000.0,7973000000.0,1799000000.0,5399000000.0,,,,2282000000.0,417000000.0,2067000000.0,2.65,2.61,,791600000.0,3698000000.0,,7228000000.0,4264000000.0,1830000000.0,,484000000.0,16134000000.0,,4804000000.0,11858000000.0,,1200000000.0,39808000000.0,4738000000.0,6863000000.0,,12275000000.0,77000000.0,676000000.0,856000000.0,6158000000.0,,16083000000.0,-1444000000.0,10806000000.0,39808000000.0,948000000.0,168000000.0,-331000000.0,,310000000.0,,-25000000.0,527000000.0,,,2833000000.0,,,,,,790000000.0,,-24000000.0,-611000000.0,,42000000.0,-1114000000.0,1048000000.0,578000000.0
2012-03-31,9307000000.0,6880000000.0,,,1231000000.0,,,,1122000000.0,297000000.0,823000000.0,1.06,1.04,,788100000.0,3988000000.0,,7268000000.0,4368000000.0,428000000.0,,501000000.0,16553000000.0,,4814000000.0,11910000000.0,,1399000000.0,,4535000000.0,6499000000.0,,12666000000.0,,707000000.0,,5977000000.0,,16613000000.0,-1182000000.0,11743000000.0,40370000000.0,,51000000.0,,,108000000.0,,28000000.0,-203000000.0,,,196000000.0,,,,,,,,-22000000.0,-122000000.0,,12000000.0,169000000.0,290000000.0,
2012-06-30,18742000000.0,13802000000.0,,,2457000000.0,,,,2345000000.0,615000000.0,1725000000.0,2.21,2.19,,790500000.0,4221000000.0,,7250000000.0,4342000000.0,269000000.0,,562000000.0,16644000000.0,,4735000000.0,11837000000.0,2325000000.0,1231000000.0,40174000000.0,4547000000.0,6632000000.0,,12812000000.0,,681000000.0,,5369000000.0,,17222000000.0,-1637000000.0,11993000000.0,40174000000.0,,91000000.0,,,78000000.0,,15000000.0,-191000000.0,,,1169000000.0,,,,,,,,59000000.0,-543000000.0,,16000000.0,-48000000.0,523000000.0,
2012-09-30,28084000000.0,20610000000.0,,,3695000000.0,,,,3569000000.0,893000000.0,2675000000.0,3.43,3.38,783600000.0,792500000.0,4760000000.0,,,4314000000.0,573000000.0,,711000000.0,17746000000.0,,4830000000.0,11916000000.0,2281000000.0,1281000000.0,41074000000.0,4518000000.0,6597000000.0,,12713000000.0,,679000000.0,,5195000000.0,,17877000000.0,-1294000000.0,13132000000.0,41074000000.0,,131000000.0,,,53000000.0,,77000000.0,-220000000.0,,,2168000000.0,,,,,,,,42000000.0,-865000000.0,,28000000.0,-268000000.0,1062000000.0,
2012-12-31,37665000000.0,28291000000.0,9374000000.0,1847000000.0,5218000000.0,,,,3875000000.0,944000000.0,2926000000.0,3.74,3.69,782400000.0,791900000.0,4634000000.0,,,4235000000.0,1875000000.0,,631000000.0,17598000000.0,,5001000000.0,12425000000.0,2449000000.0,1205000000.0,41853000000.0,4736000000.0,7208000000.0,,13045000000.0,47000000.0,628000000.0,550000000.0,5913000000.0,,17799000000.0,-1339000000.0,12975000000.0,41853000000.0,926000000.0,170000000.0,84000000.0,,-25000000.0,,78000000.0,-13000000.0,,,3517000000.0,,,,,,884000000.0,,-11000000.0,-1428000000.0,,56000000.0,-1206000000.0,936000000.0,919000000.0
2013-03-31,9328000000.0,6783000000.0,,,1229000000.0,,,,1260000000.0,291000000.0,966000000.0,1.23,1.21,785800000.0,797100000.0,4539000000.0,,,4297000000.0,672000000.0,,588000000.0,17681000000.0,,4948000000.0,12386000000.0,2384000000.0,1167000000.0,41800000000.0,4444000000.0,6755000000.0,,13111000000.0,,683000000.0,,5896000000.0,,18442000000.0,-1656000000.0,13442000000.0,41800000000.0,,54000000.0,,,51000000.0,,-18000000.0,-295000000.0,,,341000000.0,,,,,,,,33000000.0,-311000000.0,,24000000.0,-58000000.0,-95000000.0,
2013-06-30,19021000000.0,13810000000.0,,,2510000000.0,,,,2589000000.0,598000000.0,1987000000.0,2.53,2.49,787600000.0,798100000.0,4549000000.0,,,4295000000.0,670000000.0,,680000000.0,17849000000.0,,4997000000.0,12640000000.0,2393000000.0,1172000000.0,42166000000.0,4718000000.0,6839000000.0,,13480000000.0,,643000000.0,,5781000000.0,,19135000000.0,-1767000000.0,13777000000.0,42166000000.0,,91000000.0,,,36000000.0,,-4000000.0,-30000000.0,,,1597000000.0,,,,,,,,-19000000.0,-863000000.0,,81000000.0,-650000000.0,-85000000.0,
2013-09-30,28668000000.0,20752000000.0,,,3752000000.0,,,,3973000000.0,975000000.0,2977000000.0,3.78,3.73,786600000.0,797500000.0,5499000000.0,,,4455000000.0,707000000.0,,693000000.0,19304000000.0,,5107000000.0,13230000000.0,2590000000.0,1235000000.0,44406000000.0,4791000000.0,7053000000.0,,14663000000.0,,719000000.0,,5917000000.0,,19796000000.0,-1211000000.0,14959000000.0,44406000000.0,740000000.0,129000000.0,,,94000000.0,,28000000.0,-32000000.0,,,2667000000.0,,,,,,547000000.0,,-104000000.0,-1554000000.0,,101000000.0,-133000000.0,865000000.0,
2013-12-31,39055000000.0,28364000000.0,10691000000.0,1804000000.0,5190000000.0,,,,5412000000.0,1450000000.0,3924000000.0,4.99,4.92,786400000.0,797300000.0,6422000000.0,,,4293000000.0,390000000.0,,1671000000.0,21164000000.0,,5278000000.0,13046000000.0,2514000000.0,2077000000.0,45435000000.0,5174000000.0,6979000000.0,,14181000000.0,44000000.0,804000000.0,952000000.0,3734000000.0,,20383000000.0,818000000.0,17467000000.0,45435000000.0,989000000.0,170000000.0,262000000.0,,-41000000.0,,421000000.0,352000000.0,,,4335000000.0,,,,,,947000000.0,,-201000000.0,-1959000000.0,,132000000.0,-433000000.0,1788000000.0,1271000000.0
2014-03-31,9679000000.0,6967000000.0,,,1339000000.0,,,,1411000000.0,375000000.0,1017000000.0,1.3,1.28,784900000.0,796400000.0,6672000000.0,,,4407000000.0,840000000.0,,1531000000.0,21531000000.0,,5284000000.0,13028000000.0,2445000000.0,2223000000.0,45777000000.0,5133000000.0,6668000000.0,,14353000000.0,,757000000.0,,3490000000.0,,21039000000.0,748000000.0,17927000000.0,45777000000.0,238000000.0,52000000.0,,,115000000.0,,-236000000.0,-41000000.0,,,688000000.0,,,,,,192000000.0,,-61000000.0,-345000000.0,,30000000.0,-48000000.0,250000000.0,
2014-06-30,19932000000.0,14263000000.0,,,2714000000.0,,,,2934000000.0,772000000.0,2116000000.0,2.7,2.66,784700000.0,795900000.0,6582000000.0,,,4511000000.0,803000000.0,,2207000000.0,22453000000.0,,5316000000.0,13049000000.0,2378000000.0,2304000000.0,46596000000.0,5276000000.0,6643000000.0,,14324000000.0,,795000000.0,,3508000000.0,,21773000000.0,837000000.0,18696000000.0,46596000000.0,471000000.0,102000000.0,,,222000000.0,,-132000000.0,100000000.0,,,2029000000.0,,,,,,421000000.0,,13000000.0,-1205000000.0,,49000000.0,-694000000.0,160000000.0,
2014-09-30,30040000000.0,21391000000.0,,,4058000000.0,,,,4514000000.0,1160000000.0,3283000000.0,4.18,4.13,784600000.0,795600000.0,6428000000.0,,,4485000000.0,794000000.0,,2336000000.0,22358000000.0,,5189000000.0,12923000000.0,2288000000.0,2315000000.0,46181000000.0,5212000000.0,6606000000.0,,13947000000.0,,891000000.0,,3230000000.0,,22576000000.0,281000000.0,18937000000.0,46181000000.0,698000000.0,143000000.0,,,279000000.0,,-181000000.0,154000000.0,,,3262000000.0,,,,,,680000000.0,,109000000.0,-1639000000.0,,71000000.0,-1503000000.0,6000000.0,
2014-12-31,40306000000.0,28957000000.0,11349000000.0,1892000000.0,5518000000.0,,,,5818000000.0,1489000000.0,4239000000.0,5.4,5.33,784400000.0,795200000.0,6959000000.0,,,4405000000.0,863000000.0,,2145000000.0,22191000000.0,,5383000000.0,12788000000.0,2208000000.0,1558000000.0,45451000000.0,5365000000.0,6771000000.0,,14773000000.0,93000000.0,236000000.0,764000000.0,4282000000.0,,23115000000.0,-1459000000.0,17657000000.0,45451000000.0,924000000.0,187000000.0,132000000.0,,200000000.0,,-120000000.0,307000000.0,,,5024000000.0,,,,,,1094000000.0,,170000000.0,-1876000000.0,,102000000.0,-2272000000.0,537000000.0,1142000000.0
2015-03-31,9213000000.0,6362000000.0,,,1230000000.0,,,,1564000000.0,418000000.0,1116000000.0,1.42,1.41,783800000.0,794000000.0,6575000000.0,,,4507000000.0,656000000.0,,2376000000.0,22272000000.0,,5300000000.0,12685000000.0,2190000000.0,1672000000.0,45357000000.0,5263000000.0,6123000000.0,,15432000000.0,,210000000.0,,4027000000.0,,23811000000.0,-2099000000.0,17542000000.0,45357000000.0,,52000000.0,,,86000000.0,,-58000000.0,-112000000.0,,,421000000.0,,,,,,165000000.0,,178000000.0,-920000000.0,,47000000.0,367000000.0,-384000000.0,
2015-06-30,18988000000.0,13176000000.0,,,2472000000.0,,,,3226000000.0,858000000.0,2310000000.0,2.95,2.91,783500000.0,793400000.0,5954000000.0,,,4447000000.0,659000000.0,,,23180000000.0,,5381000000.0,12763000000.0,2141000000.0,1658000000.0,46412000000.0,5352000000.0,6065000000.0,,15574000000.0,,300000000.0,,4001000000.0,,24585000000.0,-1969000000.0,18457000000.0,46412000000.0,,91000000.0,,,25000000.0,,38000000.0,-24000000.0,,,1829000000.0,,,,,,408000000.0,,150000000.0,-2545000000.0,,56000000.0,-70000000.0,-1005000000.0,
2015-09-30,28599000000.0,19830000000.0,,,3674000000.0,,,,4933000000.0,1289000000.0,3574000000.0,4.57,4.51,782500000.0,792100000.0,6563000000.0,,,4441000000.0,739000000.0,,,23479000000.0,,5451000000.0,12684000000.0,2071000000.0,1726000000.0,46625000000.0,5363000000.0,6036000000.0,,16367000000.0,,499000000.0,,3903000000.0,,25433000000.0,-2373000000.0,17760000000.0,46625000000.0,,132000000.0,,,20000000.0,,111000000.0,-13000000.0,,,3495000000.0,,,,,,685000000.0,,69000000.0,-2584000000.0,,69000000.0,-852000000.0,-396000000.0,
2015-12-31,38581000000.0,26747000000.0,11834000000.0,1856000000.0,5006000000.0,,,,6586000000.0,1739000000.0,4768000000.0,6.11,6.04,779800000.0,789300000.0,5455000000.0,,,4420000000.0,0.0,,,20053000000.0,,5789000000.0,15895000000.0,4577000000.0,1776000000.0,49316000000.0,5580000000.0,6277000000.0,,18371000000.0,99000000.0,558000000.0,1009000000.0,4348000000.0,,26147000000.0,-2535000000.0,18283000000.0,49316000000.0,883000000.0,175000000.0,315000000.0,,-230000000.0,,-80000000.0,-17000000.0,,,5454000000.0,,,,,5228000000.0,1073000000.0,,102000000.0,-6514000000.0,,81000000.0,102000000.0,-1504000000.0,1192000000.0
2016-03-31,9522000000.0,6547000000.0,,,1280000000.0,,,,1628000000.0,432000000.0,1186000000.0,1.54,1.53,767900000.0,776900000.0,4473000000.0,,,4743000000.0,,,,19532000000.0,,6027000000.0,16708000000.0,4706000000.0,2051000000.0,50365000000.0,5511000000.0,5891000000.0,,15659000000.0,,626000000.0,,4247000000.0,,26874000000.0,-2455000000.0,18197000000.0,50365000000.0,,53000000.0,,,241000000.0,,59000000.0,-113000000.0,,,257000000.0,,,,,,194000000.0,,-9000000.0,-1196000000.0,,30000000.0,-161000000.0,-982000000.0,
2016-06-30,19513000000.0,13368000000.0,,,2609000000.0,,,,3383000000.0,897000000.0,2468000000.0,3.22,3.19,765500000.0,774600000.0,5045000000.0,,,4678000000.0,,,,20380000000.0,,6086000000.0,16688000000.0,4557000000.0,2153000000.0,51181000000.0,5598000000.0,5907000000.0,,15911000000.0,,767000000.0,,4203000000.0,,27702000000.0,-2499000000.0,18771000000.0,51181000000.0,,96000000.0,,,212000000.0,,-18000000.0,0.0,,,1801000000.0,,,,,,475000000.0,,-52000000.0,-1542000000.0,,68000000.0,-720000000.0,-410000000.0,
2016-09-30,29317000000.0,20271000000.0,,,3976000000.0,,,,5015000000.0,1214000000.0,3775000000.0,4.93,4.86,765000000.0,776300000.0,6431000000.0,,,4587000000.0,,,,21834000000.0,,5725000000.0,17846000000.0,4847000000.0,1897000000.0,53556000000.0,5418000000.0,6545000000.0,,18213000000.0,,701000000.0,,3905000000.0,,28190000000.0,-2482000000.0,19191000000.0,53556000000.0,,145000000.0,,,233000000.0,,-78000000.0,-18000000.0,,,3456000000.0,,,,,,749000000.0,,-158000000.0,-3276000000.0,,0.0,708000000.0,976000000.0,
2016-12-31,39302000000.0,27150000000.0,12152000000.0,2143000000.0,5469000000.0,,,,6447000000.0,1601000000.0,4809000000.0,6.29,6.2,764300000.0,775300000.0,7843000000.0,,,4366000000.0,2581000000.0,,,23058000000.0,,5793000000.0,17707000000.0,4634000000.0,1603000000.0,54146000000.0,5690000000.0,7048000000.0,,16331000000.0,81000000.0,486000000.0,1041000000.0,4110000000.0,,28710000000.0,-2714000000.0,19369000000.0,54146000000.0,1030000000.0,184000000.0,76000000.0,,18000000.0,,-117000000.0,254000000.0,,,5498000000.0,,,,,2573000000.0,1095000000.0,,-282000000.0,-3342000000.0,,0.0,346000000.0,2388000000.0,1142000000.0
2017-03-31,9492000000.0,6356000000.0,,,1349000000.0,,,,1724000000.0,392000000.0,1326000000.0,1.74,1.71,763100000.0,773900000.0,7710000000.0,,8155000000.0,4652000000.0,,,1178000000.0,23580000000.0,,5816000000.0,17827000000.0,4592000000.0,1687000000.0,54779000000.0,5805000000.0,6790000000.0,,17281000000.0,,414000000.0,,3877000000.0,,29526000000.0,-2562000000.0,20323000000.0,54779000000.0,,50000000.0,,-23000000.0,286000000.0,,25000000.0,115000000.0,,,940000000.0,,,,,,168000000.0,,29000000.0,-604000000.0,,,-618000000.0,-133000000.0,
2017-06-30,19570000000.0,13206000000.0,,,2730000000.0,,,,3502000000.0,770000000.0,2718000000.0,3.56,3.51,764200000.0,774000000.0,7877000000.0,,8442000000.0,4651000000.0,,,1150000000.0,24064000000.0,,5718000000.0,18038000000.0,4566000000.0,1954000000.0,55668000000.0,5971000000.0,6829000000.0,,17981000000.0,,329000000.0,,3941000000.0,,30406000000.0,-2837000000.0,20425000000.0,55668000000.0,,94000000.0,,276000000.0,298000000.0,,3000000.0,314000000.0,,,2387000000.0,,,,,,401000000.0,,113000000.0,-992000000.0,,,-1583000000.0,34000000.0,
2017-09-30,29691000000.0,20079000000.0,,,4177000000.0,,,,5285000000.0,1188000000.0,4066000000.0,5.33,5.26,763100000.0,773100000.0,7389000000.0,,8587000000.0,4751000000.0,,,1136000000.0,24644000000.0,,5757000000.0,18268000000.0,4587000000.0,2194000000.0,56768000000.0,6061000000.0,6834000000.0,,18225000000.0,,300000000.0,,4025000000.0,,31247000000.0,-2840000000.0,21074000000.0,56768000000.0,,133000000.0,,408000000.0,400000000.0,,-13000000.0,404000000.0,,,3794000000.0,,,,,,613000000.0,,196000000.0,-2191000000.0,,,-2387000000.0,-454000000.0,
2017-12-31,40534000000.0,27575000000.0,12959000000.0,1835000000.0,5808000000.0,,,,6902000000.0,5204000000.0,1655000000.0,2.17,2.14,762100000.0,772100000.0,7059000000.0,,8866000000.0,4613000000.0,1575000000.0,,1706000000.0,26002000000.0,,5926000000.0,18277000000.0,4496000000.0,3372000000.0,59387000000.0,6584000000.0,6968000000.0,,18861000000.0,76000000.0,2894000000.0,2898000000.0,5930000000.0,,28255000000.0,-2235000000.0,17276000000.0,59387000000.0,1115000000.0,176000000.0,2294000000.0,682000000.0,259000000.0,,568000000.0,924000000.0,,,5966000000.0,,,,,82000000.0,1031000000.0,,218000000.0,-3574000000.0,,0.0,-3516000000.0,-784000000.0,1751000000.0
2018-03-31,10392000000.0,7193000000.0,,,1475000000.0,,,,1909000000.0,458000000.0,1438000000.0,1.92,1.89,750600000.0,761000000.0,7897000000.0,,8778000000.0,4766000000.0,,,1763000000.0,25587000000.0,,6083000000.0,18520000000.0,4462000000.0,4753000000.0,60948000000.0,6641000000.0,6565000000.0,,18755000000.0,,2782000000.0,,7221000000.0,,29395000000.0,-2174000000.0,17595000000.0,60948000000.0,,52000000.0,,61000000.0,163000000.0,,43000000.0,57000000.0,,,1136000000.0,,,,,,140000000.0,,123000000.0,994000000.0,,,-1448000000.0,838000000.0,
2018-06-30,21311000000.0,14806000000.0,,,3003000000.0,,,,3908000000.0,1177000000.0,2705000000.0,3.62,3.57,748000000.0,758000000.0,8082000000.0,,8600000000.0,4792000000.0,,,1537000000.0,24779000000.0,,5968000000.0,18137000000.0,4261000000.0,5054000000.0,59860000000.0,6808000000.0,6630000000.0,,18018000000.0,,2751000000.0,,7134000000.0,,30104000000.0,-2222000000.0,17600000000.0,59860000000.0,,90000000.0,,-97000000.0,189000000.0,,-174000000.0,224000000.0,,,2997000000.0,,,,,,339000000.0,,-220000000.0,1605000000.0,,,-3486000000.0,1023000000.0,
2018-09-30,32073000000.0,22361000000.0,,,4527000000.0,,,,5767000000.0,679000000.0,5044000000.0,6.76,6.67,746000000.0,756000000.0,9803000000.0,,8568000000.0,5061000000.0,,,1346000000.0,26628000000.0,,5966000000.0,18186000000.0,4202000000.0,5350000000.0,61927000000.0,7050000000.0,6658000000.0,,17900000000.0,,1905000000.0,,6948000000.0,,31110000000.0,-2125000000.0,18239000000.0,61927000000.0,,131000000.0,,-131000000.0,459000000.0,,-356000000.0,466000000.0,,,4875000000.0,,,,,,522000000.0,,-250000000.0,1433000000.0,,,-3402000000.0,2744000000.0,
2018-12-31,41802000000.0,29046000000.0,12756000000.0,1809000000.0,6051000000.0,,,,7487000000.0,659000000.0,6765000000.0,9.1,8.98,743000000.0,753000000.0,9287000000.0,,7508000000.0,4326000000.0,1460000000.0,,1618000000.0,24362000000.0,,5296000000.0,15546000000.0,4139000000.0,6869000000.0,57773000000.0,5607000000.0,6859000000.0,,18924000000.0,1264000000.0,1713000000.0,2236000000.0,6402000000.0,,33978000000.0,-3437000000.0,18180000000.0,57773000000.0,1116000000.0,175000000.0,-586000000.0,236000000.0,503000000.0,,-218000000.0,733000000.0,,,6434000000.0,,,,,535000000.0,828000000.0,,-402000000.0,1027000000.0,,,-5032000000.0,2228000000.0,1566000000.0
2019-03-31,8884000000.0,5879000000.0,,,1363000000.0,,,,1842000000.0,406000000.0,1416000000.0,1.94,1.92,729700000.0,738800000.0,8625000000.0,,7307000000.0,4548000000.0,,,1795000000.0,24334000000.0,,5276000000.0,15555000000.0,4039000000.0,7818000000.0,58560000000.0,5582000000.0,6497000000.0,,19593000000.0,,1850000000.0,,6977000000.0,,34794000000.0,-3245000000.0,18767000000.0,58560000000.0,,41000000.0,,-198000000.0,221000000.0,,217000000.0,-29000000.0,,,1134000000.0,,,,,,141000000.0,,40000000.0,-609000000.0,,,-1235000000.0,-662000000.0,
2019-06-30,18127000000.0,11973000000.0,,,2750000000.0,,,,3824000000.0,832000000.0,2957000000.0,4.07,4.02,726400000.0,735900000.0,8225000000.0,,7407000000.0,4600000000.0,,,1818000000.0,23768000000.0,,5260000000.0,15573000000.0,3933000000.0,7788000000.0,57750000000.0,5602000000.0,6717000000.0,,19894000000.0,,1722000000.0,,6907000000.0,,35741000000.0,-3453000000.0,17870000000.0,57750000000.0,,75000000.0,,-98000000.0,273000000.0,,239000000.0,-8000000.0,,,2812000000.0,,,,,,312000000.0,,-70000000.0,-343000000.0,,,-3563000000.0,-1062000000.0,
2019-09-30,27213000000.0,18011000000.0,,,4046000000.0,,,,5791000000.0,1151000000.0,4581000000.0,6.33,6.25,723500000.0,732800000.0,10908000000.0,,7583000000.0,4601000000.0,,,1640000000.0,26188000000.0,,5240000000.0,15426000000.0,3787000000.0,8179000000.0,60104000000.0,5522000000.0,6883000000.0,,19915000000.0,,1366000000.0,,6885000000.0,,36775000000.0,-3295000000.0,18109000000.0,60104000000.0,,112000000.0,,78000000.0,276000000.0,,68000000.0,-89000000.0,,,4283000000.0,,,,,,504000000.0,,-245000000.0,-122000000.0,,,-2491000000.0,1621000000.0,
2019-12-31,36709000000.0,24339000000.0,12370000000.0,1556000000.0,5519000000.0,,,,7559000000.0,1329000000.0,6143000000.0,8.52,8.41,721000000.0,730300000.0,9067000000.0,,7493000000.0,4421000000.0,1368000000.0,,1973000000.0,24303000000.0,,5325000000.0,15563000000.0,3734000000.0,8688000000.0,58679000000.0,5730000000.0,7476000000.0,2490000000.0,18098000000.0,,,2115000000.0,6766000000.0,,37693000000.0,-3197000000.0,18494000000.0,58679000000.0,1088000000.0,153000000.0,179000000.0,-11000000.0,100000000.0,,430000000.0,118000000.0,,,6897000000.0,,,,,50000000.0,839000000.0,,-102000000.0,-533000000.0,,,-6600000000.0,-220000000.0,1564000000.0
2020-03-31,8463000000.0,5534000000.0,,,1238000000.0,,,,1935000000.0,329000000.0,1581000000.0,2.23,2.21,709600000.0,717000000.0,7721000000.0,,7452000000.0,4584000000.0,,,1786000000.0,22613000000.0,,5214000000.0,15282000000.0,3580000000.0,9666000000.0,57422000000.0,5676000000.0,7131000000.0,,17377000000.0,,,,6699000000.0,,38635000000.0,-3353000000.0,17644000000.0,57422000000.0,,44000000.0,,-41000000.0,163000000.0,,-166000000.0,-54000000.0,,,939000000.0,,,,,,139000000.0,,-287000000.0,350000000.0,,,-2446000000.0,-1346000000.0,
2020-06-30,15940000000.0,10810000000.0,,,2421000000.0,,,,3154000000.0,449000000.0,2662000000.0,3.77,3.74,705900000.0,712600000.0,13778000000.0,,6717000000.0,4753000000.0,,,1724000000.0,28321000000.0,,5327000000.0,15518000000.0,3551000000.0,9776000000.0,63604000000.0,5366000000.0,7477000000.0,,17341000000.0,,,,6627000000.0,,39080000000.0,-3310000000.0,18147000000.0,63604000000.0,,78000000.0,,-776000000.0,331000000.0,,-106000000.0,-364000000.0,,,2419000000.0,,,,,,366000000.0,,,-358000000.0,,,2741000000.0,4711000000.0,
2020-09-30,23737000000.0,16193000000.0,,,3524000000.0,,,,4302000000.0,816000000.0,3420000000.0,4.85,4.81,704800000.0,711600000.0,14036000000.0,,6878000000.0,4705000000.0,,,1609000000.0,28200000000.0,,5419000000.0,15666000000.0,3494000000.0,9479000000.0,63459000000.0,5270000000.0,7379000000.0,,17184000000.0,,,,6640000000.0,,39203000000.0,-3436000000.0,18074000000.0,63459000000.0,,118000000.0,,-615000000.0,284000000.0,,,-460000000.0,,,3426000000.0,,,,,,615000000.0,,0.0,-410000000.0,,,1972000000.0,4969000000.0,
2020-12-31,32637000000.0,22169000000.0,10468000000.0,1334000000.0,4772000000.0,,,,6012000000.0,1147000000.0,4779000000.0,6.79,6.72,704100000.0,711200000.0,14275000000.0,,6827000000.0,4489000000.0,1312000000.0,,1639000000.0,28175000000.0,,5570000000.0,16058000000.0,3560000000.0,9412000000.0,64586000000.0,5750000000.0,7405000000.0,2932000000.0,19197000000.0,,,2009000000.0,6975000000.0,,39905000000.0,-3377000000.0,17549000000.0,64586000000.0,1003000000.0,168000000.0,-175000000.0,-669000000.0,67000000.0,,,15000000.0,,,6208000000.0,,,,,261000000.0,906000000.0,,,-987000000.0,,,-81000000.0,5208000000.0,1173000000.0
2021-03-31,8454000000.0,5709000000.0,,,1236000000.0,,,,1861000000.0,413000000.0,1427000000.0,2.05,2.03,696200000.0,704500000.0,11718000000.0,,6675000000.0,4607000000.0,,,1645000000.0,25587000000.0,,5547000000.0,16981000000.0,3799000000.0,9792000000.0,63561000000.0,5792000000.0,6955000000.0,,17950000000.0,,,,6812000000.0,,40682000000.0,-3184000000.0,17986000000.0,63561000000.0,,77000000.0,,-143000000.0,158000000.0,,,57000000.0,,,978000000.0,,,,,1303000000.0,221000000.0,,,-1304000000.0,,,-2217000000.0,-2557000000.0,
2021-06-30,17262000000.0,11712000000.0,,,2443000000.0,,,,3742000000.0,847000000.0,2857000000.0,4.11,4.06,695000000.0,703500000.0,11427000000.0,,6947000000.0,4723000000.0,,,1664000000.0,25652000000.0,,5520000000.0,17135000000.0,3748000000.0,9428000000.0,63945000000.0,6139000000.0,6786000000.0,,18143000000.0,,,,7109000000.0,,41467000000.0,-3075000000.0,17938000000.0,63945000000.0,,116000000.0,,127000000.0,271000000.0,,,402000000.0,,,2256000000.0,,,,,1327000000.0,406000000.0,,,-1243000000.0,,,-3877000000.0,-2848000000.0,
2021-09-30,25735000000.0,17458000000.0,,,3595000000.0,,,,5442000000.0,1274000000.0,4114000000.0,5.93,5.86,693600000.0,702000000.0,11087000000.0,,7239000000.0,4967000000.0,,,1691000000.0,26033000000.0,,5514000000.0,16963000000.0,3637000000.0,9711000000.0,64191000000.0,6116000000.0,7188000000.0,,20207000000.0,,,,7155000000.0,,42079000000.0,-3193000000.0,17842000000.0,64191000000.0,,172000000.0,,419000000.0,516000000.0,,,379000000.0,,,3375000000.0,,,,,1334000000.0,614000000.0,,,-1347000000.0,,,-5195000000.0,-3188000000.0,
2021-12-31,34392000000.0,23394000000.0,,1333000000.0,4798000000.0,,,,7235000000.0,1625000000.0,5542000000.0,8.01,7.91,692300000.0,700400000.0,10959000000.0,,6830000000.0,5138000000.0,1413000000.0,,1881000000.0,25372000000.0,,5562000000.0,17756000000.0,3613000000.0,10134000000.0,64470000000.0,6484000000.0,7679000000.0,3163000000.0,19508000000.0,,,2152000000.0,7087000000.0,,42827000000.0,-2895000000.0,18569000000.0,64470000000.0,1138000000.0,217000000.0,178000000.0,8000000.0,685000000.0,,,744000000.0,,,6038000000.0,,,,,1326000000.0,895000000.0,,,-1061000000.0,,,-8254000000.0,-3316000000.0,1202000000.0
2022-03-31,8376000000.0,5674000000.0,,,1431000000.0,,1766000000.0,,1505000000.0,371000000.0,1134000000.0,1.66,1.64,684700000.0,691300000.0,9281000000.0,,7119000000.0,5472000000.0,,,1916000000.0,24281000000.0,,,17863000000.0,3534000000.0,10361000000.0,63352000000.0,6285000000.0,7009000000.0,,20027000000.0,,,,7217000000.0,,43288000000.0,-2787000000.0,18365000000.0,63352000000.0,,60000000.0,,285000000.0,331000000.0,,,-199000000.0,,,36000000.0,,,,,176000000.0,183000000.0,,,-10000000.0,,,-1719000000.0,-1678000000.0,
2022-06-30,17329000000.0,11720000000.0,,,2737000000.0,,3633000000.0,,3209000000.0,812000000.0,2395000000.0,3.51,3.48,681800000.0,688100000.0,8248000000.0,,7738000000.0,5576000000.0,,,1874000000.0,23847000000.0,,,17528000000.0,3385000000.0,10596000000.0,62258000000.0,6245000000.0,7116000000.0,,19947000000.0,,,,7210000000.0,,43883000000.0,-2883000000.0,17541000000.0,62258000000.0,,113000000.0,,904000000.0,434000000.0,,,-240000000.0,,,825000000.0,,,,,178000000.0,341000000.0,,,414000000.0,,,-3832000000.0,-2711000000.0,
2022-09-30,26280000000.0,17701000000.0,,,3965000000.0,,5585000000.0,,5190000000.0,1244000000.0,3947000000.0,5.81,5.76,679300000.0,685300000.0,7449000000.0,,7363000000.0,5501000000.0,,,1696000000.0,22525000000.0,,,16974000000.0,3220000000.0,10747000000.0,60287000000.0,6118000000.0,7242000000.0,,18109000000.0,,,,7303000000.0,,44767000000.0,-3296000000.0,17707000000.0,60287000000.0,,163000000.0,,660000000.0,390000000.0,,,-365000000.0,,,2908000000.0,,,,,178000000.0,525000000.0,,,540000000.0,,,-6609000000.0,-3510000000.0,
2022-12-31,35466000000.0,23825000000.0,,1478000000.0,5214000000.0,,,,6379000000.0,1412000000.0,4966000000.0,7.33,7.27,677100000.0,683100000.0,9627000000.0,,7440000000.0,5538000000.0,1514000000.0,,1894000000.0,24982000000.0,,5471000000.0,17497000000.0,3222000000.0,9513000000.0,62275000000.0,6329000000.0,9162000000.0,3555000000.0,19938000000.0,,,1939000000.0,6469000000.0,,45093000000.0,-3475000000.0,16697000000.0,62275000000.0,1204000000.0,188000000.0,-180000000.0,739000000.0,440000000.0,,,-155000000.0,,,5274000000.0,,,,,178000000.0,766000000.0,,,-93000000.0,,,-6330000000.0,-1332000000.0,1324000000.0
2023-03-31,8864000000.0,5498000000.0,,357000000.0,1317000000.0,,1947000000.0,,1782000000.0,374000000.0,1394000000.0,2.09,2.07,667800000.0,673000000.0,6869000000.0,,7862000000.0,5776000000.0,,,1632000000.0,22510000000.0,,5472000000.0,17587000000.0,3168000000.0,9619000000.0,59883000000.0,6443000000.0,6961000000.0,,17896000000.0,,,,6201000000.0,,45797000000.0,-3538000000.0,16919000000.0,59883000000.0,,59000000.0,,422000000.0,238000000.0,,,114000000.0,,,-784000000.0,,,,,0.0,193000000.0,,,-29000000.0,,,-1973000000.0,-2758000000.0,
2023-06-30,18010000000.0,11124000000.0,,732000000.0,2579000000.0,,3999000000.0,,3686000000.0,777000000.0,2881000000.0,4.32,4.29,666500000.0,671900000.0,8626000000.0,,7994000000.0,5890000000.0,,,1530000000.0,24183000000.0,,5486000000.0,17954000000.0,3415000000.0,9802000000.0,62337000000.0,6445000000.0,6956000000.0,,17174000000.0,,,,6139000000.0,,46596000000.0,-3611000000.0,17299000000.0,62337000000.0,,109000000.0,,505000000.0,338000000.0,,,114000000.0,,,576000000.0,,,,,661000000.0,426000000.0,,,-709000000.0,,,-863000000.0,-1001000000.0,
2023-09-30,27222000000.0,16794000000.0,,1096000000.0,3831000000.0,,6081000000.0,,5653000000.0,1229000000.0,4395000000.0,6.61,6.56,665200000.0,670400000.0,7770000000.0,,7833000000.0,6000000000.0,,,1553000000.0,23320000000.0,,5486000000.0,17793000000.0,3310000000.0,9915000000.0,61296000000.0,6428000000.0,7196000000.0,,17227000000.0,,,,6146000000.0,,47426000000.0,-3551000000.0,17231000000.0,61296000000.0,,148000000.0,,344000000.0,448000000.0,,,96000000.0,,,2385000000.0,,,,,716000000.0,675000000.0,,,-754000000.0,,,-3427000000.0,-1857000000.0,
2023-12-31,36662000000.0,22995000000.0,,1456000000.0,5127000000.0,,,,7159000000.0,1487000000.0,5658000000.0,8.53,8.47,663000000.0,668200000.0,7925000000.0,,7530000000.0,6178000000.0,1844000000.0,,1699000000.0,23502000000.0,,,18049000000.0,3231000000.0,9582000000.0,61525000000.0,6849000000.0,7809000000.0,3499000000.0,18539000000.0,,,1742000000.0,6265000000.0,,47979000000.0,-4135000000.0,15856000000.0,61525000000.0,,202000000.0,153000000.0,42000000.0,626000000.0,,,518000000.0,-257000000.0,,5340000000.0,,,,,718000000.0,1039000000.0,,,-1293000000.0,,,-5763000000.0,-1702000000.0,1581000000.0
2024-03-31,9105000000.0,5583000000.0,,360000000.0,1302000000.0,,2021000000.0,,1871000000.0,396000000.0,1463000000.0,2.24,2.23,652300000.0,656600000.0,11756000000.0,,7476000000.0,6318000000.0,,,1635000000.0,27434000000.0,,,17985000000.0,3136000000.0,9879000000.0,65645000000.0,6468000000.0,6947000000.0,,16488000000.0,,,,6263000000.0,,48735000000.0,-4048000000.0,16454000000.0,65645000000.0,,53000000.0,,-53000000.0,140000000.0,,,-381000000.0,-321000000.0,,448000000.0,,,,,,233000000.0,,,-273000000.0,,,3696000000.0,3831000000.0,
2024-06-30,18682000000.0,11439000000.0,,742000000.0,2663000000.0,,4293000000.0,,3845000000.0,810000000.0,3007000000.0,4.62,4.59,651300000.0,655500000.0,9576000000.0,,7759000000.0,6324000000.0,,,1479000000.0,25369000000.0,,,20824000000.0,5208000000.0,10167000000.0,69329000000.0,6470000000.0,7507000000.0,,21044000000.0,,,,6196000000.0,,49576000000.0,-4075000000.0,16947000000.0,69329000000.0,,108000000.0,,149000000.0,77000000.0,,,-423000000.0,-230000000.0,,1819000000.0,,,,,4913000000.0,492000000.0,,,-5405000000.0,,,5298000000.0,1651000000.0,
2024-09-30,28410000000.0,17418000000.0,,1110000000.0,4061000000.0,,6589000000.0,,5669000000.0,1219000000.0,4420000000.0,6.79,6.75,651000000.0,655200000.0,10644000000.0,,7884000000.0,6338000000.0,,,1505000000.0,28164000000.0,,,21270000000.0,5749000000.0,10490000000.0,73492000000.0,6640000000.0,7566000000.0,,19534000000.0,,,,6422000000.0,,50287000000.0,-4404000000.0,17406000000.0,73492000000.0,,153000000.0,,218000000.0,233000000.0,,,-142000000.0,-398000000.0,,3816000000.0,,,,,7047000000.0,771000000.0,,,-8202000000.0,,,7058000000.0,2719000000.0,
,,,,,,,,,,,,,,,,,,,,,,,,,,,,,,,,,,,,,,,,,,,,,,,,,,,,,,,,,,,,,,,,,,,
