Date,Net sales,Cost of sales,Gross margin,Research and development,"Selling, general and administrative",Total operating expenses,Operating income,"Other income/(expense), net",Income before provision for income taxes,Provision for income taxes,Net income,Earnings per share basic,Earnings per share diluted,Weighted-average basic,Weighted-average diluted,Cash and cash equivalents,Short-term marketable securities,"Accounts receivable, net",Inventories,Deferred tax assets,Vendor non-trade receivables,Other current assets,Total current assets,Long-term marketable securities,"Property, Plant and Equipment, Net",Goodwill,"Acquired intangible assets, net","Other Assets, Noncurrent",Total assets,accounts payable,Accrued expenses,Deferred revenue,Total current liabilities,Deferred revenue - non-current,deferred tax liabilities,long term taxes payable,Total other non-current liabilities,Total liabilities,Retained Earnings (Accumulated Deficit),Accumulated other comprehensive (loss)/income,Total shareholders equity,Total liabilities and shareholders' equity,"Depreciation, amortization and accretion",Stock-based compensation expense,Deferred income tax expense,"Increase (Decrease) in Accounts receivable, net",Increase (Decrease) in Inventories,Increase (Decrease) in Other Receivables,Increase (Decrease) in Other Operating Assets,Increase (Decrease) in Accounts Payable,Increase (Decrease) in Deferred Revenue,Increase (Decrease) Other liabilities,Cash generated by operating activities,Purchases of marketable securities,Proceeds from maturities of marketable securities,Proceeds from sales of marketable securities,Purchases of other long-term investments,"Business acquisitions, net of cash acquired",Cash payments for capital asset purchases,Payments for acquisition of intangible assets,Payments for (Proceeds from) Other Investing Activities,Cash used in investing activities,Proceeds from issuance of common stock,Excess tax benefits from stock-based compensation,Cash generated/used in financing activities,Increase/(decrease) in cash and cash equivalents,"Cash paid for income taxes, net"
2015-10-31,52107000000.0,,,2338000000.0,8025000000.0,50584000000.0,1523000000.0,-53000000.0,1470000000.0,-991000000.0,2461000000.0,1.36,1.34,,1834000000.0,9842000000.0,,8538000000.0,2198000000.0,3884000000.0,1992000000.0,7677000000.0,31173000000.0,,9886000000.0,27261000000.0,1930000000.0,11020000000.0,81270000000.0,5828000000.0,6314000000.0,5154000000.0,22151000000.0,3565000000.0,1238000000.0,,10098000000.0,,0.0,-5015000000.0,33535000000.0,81270000000.0,3947000000.0,565000000.0,-2522000000.0,-9000000.0,424000000.0,,,,,,3661000000.0,,,,,2644000000.0,3344000000.0,,,-5413000000.0,,100000000.0,9275000000.0,,192000000.0
2016-01-31,12724000000.0,,,585000000.0,1998000000.0,12340000000.0,384000000.0,-65000000.0,319000000.0,52000000.0,267000000.0,0.15,0.15,1761000000.0,1778000000.0,8505000000.0,,7898000000.0,2345000000.0,2598000000.0,,6060000000.0,27756000000.0,,9700000000.0,27458000000.0,1708000000.0,10730000000.0,77352000000.0,4908000000.0,6282000000.0,5154000000.0,20351000000.0,,9000000.0,,10138000000.0,,86000000.0,-5092000000.0,31249000000.0,77352000000.0,989000000.0,165000000.0,245000000.0,-612000000.0,182000000.0,,,,,,-75000000.0,,,,,,832000000.0,,,-692000000.0,,2000000.0,-570000000.0,,
2016-04-30,25435000000.0,,,1209000000.0,4019000000.0,24559000000.0,876000000.0,-194000000.0,682000000.0,95000000.0,587000000.0,0.34,0.33,1743000000.0,1765000000.0,9010000000.0,,7707000000.0,2099000000.0,2993000000.0,,5237000000.0,31147000000.0,,9674000000.0,24244000000.0,1436000000.0,11563000000.0,78064000000.0,5289000000.0,5512000000.0,4817000000.0,20597000000.0,,91000000.0,,10196000000.0,,301000000.0,-5167000000.0,31634000000.0,78064000000.0,1949000000.0,303000000.0,-31000000.0,-366000000.0,186000000.0,,,,,,1032000000.0,,,,,13000000.0,1552000000.0,,,-1121000000.0,,4000000.0,-706000000.0,,
2016-07-31,37645000000.0,,,1764000000.0,5957000000.0,34272000000.0,3373000000.0,-212000000.0,3089000000.0,230000000.0,2859000000.0,1.66,1.64,1722000000.0,1748000000.0,10743000000.0,,6951000000.0,1848000000.0,3837000000.0,,4992000000.0,28470000000.0,,9579000000.0,24171000000.0,1211000000.0,12715000000.0,78821000000.0,5030000000.0,5412000000.0,4749000000.0,19484000000.0,3470000000.0,121000000.0,3301000000.0,1132000000.0,,2486000000.0,-5177000000.0,32426000000.0,78821000000.0,2903000000.0,432000000.0,-1012000000.0,-988000000.0,-3000000.0,,,,,,2746000000.0,,,,,22000000.0,2412000000.0,,,630000000.0,,9000000.0,-2198000000.0,,
2016-10-31,50123000000.0,,,2298000000.0,7821000000.0,45973000000.0,4150000000.0,-312000000.0,4079000000.0,918000000.0,3161000000.0,1.84,1.82,,1739000000.0,12987000000.0,,6909000000.0,1774000000.0,4287000000.0,1057000000.0,4324000000.0,28917000000.0,,9636000000.0,24178000000.0,1084000000.0,13216000000.0,79679000000.0,5943000000.0,4991000000.0,4610000000.0,22531000000.0,3408000000.0,143000000.0,,13022000000.0,,2782000000.0,-6599000000.0,31448000000.0,79679000000.0,3775000000.0,558000000.0,-1345000000.0,-991000000.0,-34000000.0,,,,,,4958000000.0,,,,,22000000.0,3280000000.0,,,419000000.0,,20000000.0,-2232000000.0,,656000000.0
2017-01-31,11407000000.0,,,485000000.0,1759000000.0,10944000000.0,463000000.0,-78000000.0,345000000.0,78000000.0,267000000.0,0.16,0.16,1669000000.0,1700000000.0,9858000000.0,,6482000000.0,1988000000.0,4337000000.0,,4275000000.0,25525000000.0,,9497000000.0,24252000000.0,1164000000.0,13604000000.0,76662000000.0,5535000000.0,5135000000.0,4712000000.0,21686000000.0,3450000000.0,140000000.0,3910000000.0,1280000000.0,,2760000000.0,-6124000000.0,31501000000.0,76662000000.0,840000000.0,145000000.0,-125000000.0,-466000000.0,132000000.0,,,,,,-1464000000.0,,,,,292000000.0,923000000.0,,,-1157000000.0,,74000000.0,-508000000.0,,
2017-04-30,15001000000.0,,,967000000.0,2903000000.0,14363000000.0,638000000.0,-163000000.0,439000000.0,671000000.0,-612000000.0,-0.37,-0.37,1664000000.0,1664000000.0,8101000000.0,,3810000000.0,2041000000.0,3408000000.0,,3092000000.0,20273000000.0,,6692000000.0,25498000000.0,1540000000.0,10847000000.0,67470000000.0,5194000000.0,4373000000.0,3829000000.0,17578000000.0,2624000000.0,83000000.0,3518000000.0,1020000000.0,,-1867000000.0,-3544000000.0,29011000000.0,67470000000.0,1632000000.0,252000000.0,506000000.0,-301000000.0,210000000.0,,,,,,-828000000.0,,,,,2050000000.0,1681000000.0,,,-3810000000.0,,98000000.0,-248000000.0,,
2017-07-31,23210000000.0,,,1475000000.0,4415000000.0,22425000000.0,785000000.0,-260000000.0,500000000.0,484000000.0,-180000000.0,-0.11,-0.11,1656000000.0,1683000000.0,7757000000.0,,3845000000.0,2144000000.0,3828000000.0,,6102000000.0,23143000000.0,,6730000000.0,25491000000.0,1411000000.0,11530000000.0,70931000000.0,5717000000.0,4663000000.0,3828000000.0,18279000000.0,2603000000.0,92000000.0,3692000000.0,1108000000.0,,-1676000000.0,-3360000000.0,29012000000.0,70931000000.0,2369000000.0,349000000.0,145000000.0,-250000000.0,341000000.0,,,,,,63000000.0,,,,,2050000000.0,2405000000.0,,,-4424000000.0,,116000000.0,-869000000.0,,
2017-10-31,28871000000.0,,,1486000000.0,5006000000.0,28246000000.0,625000000.0,-327000000.0,272000000.0,-164000000.0,344000000.0,0.21,0.21,1646000000.0,1674000000.0,9579000000.0,,3073000000.0,2315000000.0,4559000000.0,1185000000.0,3085000000.0,21444000000.0,,6269000000.0,17516000000.0,1042000000.0,12600000000.0,61406000000.0,6072000000.0,3844000000.0,3128000000.0,18924000000.0,2487000000.0,104000000.0,,8795000000.0,,-7238000000.0,-2895000000.0,23466000000.0,61406000000.0,3051000000.0,428000000.0,-1122000000.0,-457000000.0,542000000.0,,,,,,889000000.0,,,,,2202000000.0,3137000000.0,,,-4907000000.0,,143000000.0,610000000.0,,836000000.0
2018-01-31,7674000000.0,,,388000000.0,1202000000.0,7413000000.0,261000000.0,-21000000.0,-657000000.0,-2139000000.0,1436000000.0,0.9,0.89,1591000000.0,1619000000.0,7673000000.0,,3098000000.0,2431000000.0,5873000000.0,,3748000000.0,20499000000.0,,6338000000.0,17516000000.0,965000000.0,,61619000000.0,5948000000.0,4489000000.0,3135000000.0,19343000000.0,,216000000.0,,,,-6057000000.0,-2955000000.0,23951000000.0,61619000000.0,635000000.0,103000000.0,-1335000000.0,34000000.0,146000000.0,,,,,,142000000.0,,,,,0.0,669000000.0,,,-1119000000.0,,,-929000000.0,,
2018-04-30,15142000000.0,,,790000000.0,2429000000.0,14484000000.0,658000000.0,-99000000.0,-773000000.0,-3105000000.0,2214000000.0,1.41,1.38,1571000000.0,1601000000.0,6986000000.0,,3099000000.0,2848000000.0,5662000000.0,,3325000000.0,19792000000.0,,6208000000.0,17537000000.0,907000000.0,,59876000000.0,6242000000.0,3910000000.0,3163000000.0,19084000000.0,,234000000.0,,,,-5306000000.0,-2982000000.0,23932000000.0,59876000000.0,1290000000.0,186000000.0,-1164000000.0,42000000.0,587000000.0,,,,,,389000000.0,,,,,29000000.0,1362000000.0,,,-1269000000.0,,,-1713000000.0,,
2018-07-31,22906000000.0,,,1224000000.0,3632000000.0,21732000000.0,1174000000.0,-163000000.0,465000000.0,-3092000000.0,2665000000.0,1.72,1.69,1552000000.0,1578000000.0,5193000000.0,,2906000000.0,2771000000.0,5698000000.0,,3156000000.0,17467000000.0,,6184000000.0,17626000000.0,860000000.0,,57513000000.0,6143000000.0,3843000000.0,3168000000.0,17407000000.0,,235000000.0,,,,-5021000000.0,-2906000000.0,23426000000.0,57513000000.0,1931000000.0,242000000.0,-1215000000.0,-137000000.0,545000000.0,,,,,,1638000000.0,,,,,207000000.0,2129000000.0,,,-1683000000.0,,,-4341000000.0,,
2018-10-31,30852000000.0,,,1663000000.0,4851000000.0,28994000000.0,1858000000.0,-274000000.0,268000000.0,-1744000000.0,1908000000.0,1.25,1.23,1529000000.0,1553000000.0,4880000000.0,,3263000000.0,2447000000.0,2175000000.0,1141000000.0,3280000000.0,17272000000.0,,6138000000.0,17537000000.0,789000000.0,11359000000.0,55493000000.0,6092000000.0,3840000000.0,3177000000.0,17198000000.0,2646000000.0,228000000.0,,6885000000.0,,-5899000000.0,-3218000000.0,21239000000.0,55493000000.0,2576000000.0,286000000.0,2229000000.0,220000000.0,260000000.0,,,,,,2964000000.0,,,,,207000000.0,2956000000.0,,,-2071000000.0,,,-5592000000.0,,538000000.0
2019-01-31,7553000000.0,,,466000000.0,1211000000.0,7097000000.0,456000000.0,-51000000.0,655000000.0,478000000.0,177000000.0,0.13,0.13,1401000000.0,1412000000.0,3781000000.0,,3183000000.0,2300000000.0,1910000000.0,,2667000000.0,15432000000.0,,6141000000.0,17588000000.0,746000000.0,,51758000000.0,5789000000.0,3769000000.0,3152000000.0,16459000000.0,91000000.0,300000000.0,,,,-8034000000.0,-3294000000.0,18293000000.0,51758000000.0,639000000.0,75000000.0,370000000.0,-113000000.0,-99000000.0,,,,,,382000000.0,,,,,76000000.0,729000000.0,,,-616000000.0,,,-945000000.0,,
2019-04-30,14703000000.0,,,923000000.0,2425000000.0,13813000000.0,890000000.0,-69000000.0,1095000000.0,499000000.0,596000000.0,0.43,0.43,1384000000.0,1397000000.0,3585000000.0,,3143000000.0,2182000000.0,1924000000.0,886000000.0,2636000000.0,15000000000.0,,6138000000.0,17587000000.0,677000000.0,,51140000000.0,5483000000.0,3648000000.0,3141000000.0,16077000000.0,101000000.0,275000000.0,,,,-7765000000.0,-3180000000.0,18198000000.0,51140000000.0,1287000000.0,149000000.0,344000000.0,-143000000.0,-153000000.0,,,,,,1369000000.0,,,,,76000000.0,1528000000.0,,,-1064000000.0,,,-1600000000.0,,
2019-07-31,21920000000.0,,,1404000000.0,3678000000.0,21106000000.0,814000000.0,-139000000.0,830000000.0,261000000.0,569000000.0,0.42,0.41,1367000000.0,1380000000.0,3693000000.0,,2965000000.0,2216000000.0,1379000000.0,619000000.0,2624000000.0,15117000000.0,,6000000000.0,17587000000.0,618000000.0,,50760000000.0,5203000000.0,4686000000.0,3225000000.0,17158000000.0,96000000.0,278000000.0,,,,-7959000000.0,-3150000000.0,17533000000.0,50760000000.0,1919000000.0,207000000.0,885000000.0,-315000000.0,-66000000.0,,,,,,2565000000.0,,,,,81000000.0,2153000000.0,,,-1399000000.0,,,-2239000000.0,-1073000000.0,
2019-10-31,29135000000.0,,,1842000000.0,4907000000.0,27861000000.0,1274000000.0,-177000000.0,1553000000.0,504000000.0,1049000000.0,0.78,0.77,1353000000.0,1366000000.0,3753000000.0,,2957000000.0,2387000000.0,1204000000.0,532000000.0,2428000000.0,15143000000.0,,6054000000.0,18306000000.0,1128000000.0,8918000000.0,51803000000.0,5595000000.0,4002000000.0,3234000000.0,19159000000.0,,311000000.0,,6100000000.0,,-7632000000.0,-3727000000.0,17098000000.0,51803000000.0,2535000000.0,268000000.0,1079000000.0,-374000000.0,-46000000.0,,,,,,3997000000.0,,,,,1526000000.0,2856000000.0,,,-3457000000.0,,,-1548000000.0,-1008000000.0,518000000.0
2020-01-31,6949000000.0,,,485000000.0,1218000000.0,6601000000.0,348000000.0,-19000000.0,378000000.0,45000000.0,333000000.0,0.26,0.25,1300000000.0,1315000000.0,3171000000.0,,2864000000.0,2560000000.0,1218000000.0,,2553000000.0,14751000000.0,,5711000000.0,18305000000.0,1008000000.0,,52244000000.0,5332000000.0,4279000000.0,3267000000.0,18754000000.0,,,,,,-7411000000.0,-3700000000.0,17189000000.0,52244000000.0,690000000.0,93000000.0,-28000000.0,-82000000.0,204000000.0,,,,,,-79000000.0,,,,,6000000.0,568000000.0,,,-64000000.0,,,-385000000.0,-528000000.0,
2020-04-30,12958000000.0,,,935000000.0,2327000000.0,13444000000.0,-834000000.0,,-911000000.0,-90000000.0,-821000000.0,-0.64,-0.64,1295000000.0,1295000000.0,5131000000.0,,2610000000.0,3476000000.0,1267000000.0,,3130000000.0,17983000000.0,,5588000000.0,17444000000.0,929000000.0,,54515000000.0,5482000000.0,4917000000.0,3268000000.0,20197000000.0,,,,,,-8385000000.0,-3625000000.0,16210000000.0,54515000000.0,1331000000.0,160000000.0,-103000000.0,-323000000.0,1196000000.0,,,,,,21000000.0,,,,,13000000.0,1159000000.0,,,-104000000.0,,,1997000000.0,1914000000.0,
2020-07-31,19774000000.0,,,1390000000.0,3458000000.0,20248000000.0,-474000000.0,,-567000000.0,-88000000.0,-479000000.0,-0.37,-0.37,1294000000.0,1300000000.0,8465000000.0,,2856000000.0,3469000000.0,1423000000.0,,2793000000.0,21383000000.0,,5709000000.0,17442000000.0,834000000.0,,58239000000.0,6001000000.0,4768000000.0,3343000000.0,21610000000.0,,,,,,-8377000000.0,-3756000000.0,16155000000.0,58239000000.0,1973000000.0,215000000.0,-214000000.0,-69000000.0,1253000000.0,,,,,,1493000000.0,,,,,13000000.0,1779000000.0,,,-1154000000.0,,,4522000000.0,4861000000.0,
2020-10-31,26982000000.0,,,1874000000.0,4624000000.0,27311000000.0,-329000000.0,,-442000000.0,-120000000.0,-322000000.0,-0.25,-0.25,1294000000.0,1294000000.0,4233000000.0,,3386000000.0,2674000000.0,1488000000.0,,2392000000.0,16556000000.0,,5625000000.0,18017000000.0,1103000000.0,10544000000.0,54015000000.0,5383000000.0,4265000000.0,3430000000.0,18738000000.0,,,447000000.0,6995000000.0,,-8375000000.0,-3939000000.0,16049000000.0,54015000000.0,2625000000.0,274000000.0,-294000000.0,461000000.0,527000000.0,,,,,,2240000000.0,,,,,866000000.0,2383000000.0,,,-2578000000.0,,,883000000.0,545000000.0,297000000.0
2021-01-31,6833000000.0,,,468000000.0,1159000000.0,6611000000.0,222000000.0,,205000000.0,-18000000.0,223000000.0,0.17,0.17,1300000000.0,1315000000.0,4165000000.0,,2933000000.0,2791000000.0,1577000000.0,,2266000000.0,16072000000.0,,5573000000.0,18017000000.0,993000000.0,,53451000000.0,5196000000.0,4059000000.0,3440000000.0,17931000000.0,,,,,,-8332000000.0,-3896000000.0,16212000000.0,53451000000.0,674000000.0,113000000.0,-71000000.0,-446000000.0,148000000.0,,,,,,963000000.0,,,,,0.0,513000000.0,,,-652000000.0,,,-459000000.0,-148000000.0,
2021-04-30,13533000000.0,,,971000000.0,2358000000.0,13033000000.0,500000000.0,,493000000.0,29000000.0,482000000.0,0.37,0.36,1309000000.0,1331000000.0,4625000000.0,,2936000000.0,3117000000.0,1577000000.0,,2180000000.0,16703000000.0,,5480000000.0,18017000000.0,950000000.0,,54132000000.0,5533000000.0,3738000000.0,3415000000.0,17980000000.0,,,,,,-8229000000.0,-3762000000.0,16560000000.0,54132000000.0,1313000000.0,218000000.0,-95000000.0,-432000000.0,497000000.0,,,,,,1785000000.0,,,,,34000000.0,1048000000.0,,,-1231000000.0,,,-419000000.0,135000000.0,
2021-07-31,20430000000.0,,,1477000000.0,3649000000.0,19648000000.0,782000000.0,,899000000.0,25000000.0,874000000.0,0.67,0.66,1314000000.0,1338000000.0,5293000000.0,,3297000000.0,3942000000.0,1641000000.0,,2398000000.0,18745000000.0,,5510000000.0,18092000000.0,892000000.0,,56437000000.0,6526000000.0,3941000000.0,3434000000.0,19641000000.0,,,,,,-7994000000.0,-3631000000.0,17020000000.0,56437000000.0,1956000000.0,304000000.0,-156000000.0,-61000000.0,1352000000.0,,,,,,2915000000.0,,,,,133000000.0,1732000000.0,,,-1717000000.0,,,-167000000.0,1031000000.0,
2021-10-31,27784000000.0,,,1979000000.0,4929000000.0,26652000000.0,1132000000.0,,3587000000.0,160000000.0,3427000000.0,2.62,2.58,1309000000.0,1330000000.0,3996000000.0,,3979000000.0,4511000000.0,1529000000.0,,2460000000.0,18878000000.0,,5613000000.0,18306000000.0,1022000000.0,11670000000.0,57699000000.0,7004000000.0,4486000000.0,3408000000.0,20687000000.0,,,365000000.0,7099000000.0,,-5597000000.0,-2915000000.0,19971000000.0,57699000000.0,2597000000.0,382000000.0,-167000000.0,591000000.0,1959000000.0,,,,,,5871000000.0,,,,,505000000.0,2502000000.0,,,-2796000000.0,,,-3364000000.0,-289000000.0,398000000.0
2022-01-31,6961000000.0,,,504000000.0,1201000000.0,6513000000.0,448000000.0,,493000000.0,-20000000.0,513000000.0,0.39,0.39,1304000000.0,1325000000.0,3861000000.0,,3432000000.0,5321000000.0,1470000000.0,,2913000000.0,19342000000.0,,5498000000.0,18303000000.0,952000000.0,,57873000000.0,6549000000.0,5121000000.0,3457000000.0,20473000000.0,,,,,,-5239000000.0,-2878000000.0,20318000000.0,57873000000.0,621000000.0,128000000.0,37000000.0,-543000000.0,834000000.0,,,,,,-76000000.0,,,,,,624000000.0,,,-335000000.0,,,355000000.0,-56000000.0,
2022-04-30,13674000000.0,,,1021000000.0,2450000000.0,13019000000.0,655000000.0,,769000000.0,26000000.0,763000000.0,0.58,0.57,1307000000.0,1329000000.0,3027000000.0,,3122000000.0,5322000000.0,1514000000.0,,3046000000.0,18172000000.0,,5508000000.0,18306000000.0,878000000.0,,56324000000.0,5671000000.0,4941000000.0,3448000000.0,20190000000.0,,,,,,-5145000000.0,-2809000000.0,20532000000.0,56324000000.0,1242000000.0,242000000.0,-54000000.0,-817000000.0,861000000.0,,,,,,303000000.0,,,,,0.0,1349000000.0,,,-827000000.0,,,-260000000.0,-784000000.0,
2022-07-31,20625000000.0,,,1530000000.0,3679000000.0,19504000000.0,1121000000.0,,1233000000.0,61000000.0,1172000000.0,0.9,0.88,1306000000.0,1326000000.0,3762000000.0,,3367000000.0,5554000000.0,1518000000.0,,3231000000.0,19521000000.0,,5626000000.0,18308000000.0,806000000.0,,57675000000.0,6861000000.0,4674000000.0,3479000000.0,21299000000.0,,,,,,-4891000000.0,-2862000000.0,20611000000.0,57675000000.0,1862000000.0,306000000.0,-61000000.0,-557000000.0,1100000000.0,,,,,,1557000000.0,,,,,0.0,2122000000.0,,,-1224000000.0,,,-216000000.0,117000000.0,
2022-10-31,28496000000.0,,,2045000000.0,4941000000.0,27714000000.0,782000000.0,,876000000.0,8000000.0,868000000.0,0.67,0.66,1303000000.0,1322000000.0,4163000000.0,,4101000000.0,5161000000.0,1807000000.0,,3559000000.0,20506000000.0,,5784000000.0,17403000000.0,733000000.0,10537000000.0,57123000000.0,8717000000.0,4625000000.0,3451000000.0,23174000000.0,,,271000000.0,6187000000.0,,-5350000000.0,-3098000000.0,19864000000.0,57123000000.0,2480000000.0,391000000.0,-249000000.0,186000000.0,713000000.0,,,,,,4593000000.0,,,,,0.0,3122000000.0,,,-2087000000.0,,,-1796000000.0,431000000.0,107000000.0
2023-01-31,7809000000.0,,,623000000.0,1257000000.0,7218000000.0,591000000.0,,623000000.0,122000000.0,501000000.0,0.39,0.38,1298000000.0,1315000000.0,2530000000.0,,4201000000.0,4644000000.0,1886000000.0,,3133000000.0,18234000000.0,,5990000000.0,17421000000.0,675000000.0,,55591000000.0,6535000000.0,4380000000.0,3533000000.0,21476000000.0,,,,,,-5005000000.0,-3256000000.0,20011000000.0,55591000000.0,656000000.0,140000000.0,20000000.0,112000000.0,-495000000.0,,,,,,-829000000.0,,,,,32000000.0,794000000.0,,,-1237000000.0,,,9000000.0,-1919000000.0,
2023-04-30,14782000000.0,,,1193000000.0,2526000000.0,13671000000.0,1111000000.0,,1145000000.0,226000000.0,919000000.0,0.71,0.7,1304000000.0,1318000000.0,2781000000.0,,3711000000.0,4317000000.0,1818000000.0,,3035000000.0,17560000000.0,,6013000000.0,17733000000.0,675000000.0,,55549000000.0,5501000000.0,4322000000.0,3621000000.0,20251000000.0,,,,,,-4743000000.0,-3178000000.0,20366000000.0,55549000000.0,1307000000.0,266000000.0,69000000.0,-370000000.0,-782000000.0,,,,,,60000000.0,,,,,406000000.0,1482000000.0,,,-2170000000.0,,,163000000.0,-1808000000.0,
2023-07-31,21784000000.0,,,1771000000.0,3828000000.0,20202000000.0,1582000000.0,,1681000000.0,298000000.0,1383000000.0,1.06,1.05,1300000000.0,1317000000.0,2919000000.0,,3448000000.0,4541000000.0,1868000000.0,,3029000000.0,17655000000.0,,6089000000.0,17994000000.0,725000000.0,,56415000000.0,5604000000.0,4492000000.0,3654000000.0,20170000000.0,,,,,,-4433000000.0,-3149000000.0,20622000000.0,56415000000.0,1961000000.0,357000000.0,-2000000.0,-623000000.0,-491000000.0,,,,,,1585000000.0,,,,,761000000.0,2153000000.0,,,-3186000000.0,,,-168000000.0,-1631000000.0,
2023-10-31,29135000000.0,,,2349000000.0,5160000000.0,27046000000.0,2089000000.0,,2230000000.0,205000000.0,2025000000.0,1.56,1.54,1299000000.0,1316000000.0,4270000000.0,,3481000000.0,4607000000.0,1938000000.0,,3047000000.0,18948000000.0,,5989000000.0,17988000000.0,654000000.0,11377000000.0,57153000000.0,7136000000.0,4161000000.0,3658000000.0,21882000000.0,,,233000000.0,6546000000.0,,-3946000000.0,-3084000000.0,21182000000.0,57153000000.0,2616000000.0,428000000.0,-67000000.0,-577000000.0,-400000000.0,,,,,,4428000000.0,,,,,761000000.0,2828000000.0,,,-3284000000.0,,,-1362000000.0,-182000000.0,307000000.0
2024-01-31,6755000000.0,,,582000000.0,1216000000.0,6230000000.0,525000000.0,,483000000.0,96000000.0,387000000.0,0.3,0.29,1301000000.0,1316000000.0,3758000000.0,,3781000000.0,6049000000.0,1997000000.0,,3027000000.0,20244000000.0,,5997000000.0,17988000000.0,582000000.0,,58602000000.0,8125000000.0,4505000000.0,3718000000.0,22635000000.0,,,,,,-3728000000.0,-3108000000.0,21416000000.0,58602000000.0,657000000.0,141000000.0,-22000000.0,310000000.0,1461000000.0,,,,,,64000000.0,,,,,0.0,656000000.0,,,-740000000.0,,,53000000.0,-609000000.0,
2024-04-30,13959000000.0,,,1172000000.0,2431000000.0,13009000000.0,950000000.0,,928000000.0,227000000.0,701000000.0,0.54,0.53,1311000000.0,1325000000.0,2676000000.0,,3840000000.0,7326000000.0,1952000000.0,,3939000000.0,21427000000.0,,5817000000.0,17988000000.0,515000000.0,,59711000000.0,10119000000.0,4719000000.0,3783000000.0,23750000000.0,,,,,,-3583000000.0,-3058000000.0,21680000000.0,59711000000.0,1299000000.0,261000000.0,0.0,376000000.0,2808000000.0,,,,,,1157000000.0,,,,,0.0,1216000000.0,,,-1107000000.0,,,-1676000000.0,-1657000000.0,
2024-07-31,21669000000.0,,,1719000000.0,3660000000.0,20172000000.0,1497000000.0,,1536000000.0,323000000.0,1213000000.0,0.93,0.92,1312000000.0,1332000000.0,3642000000.0,,3857000000.0,7679000000.0,1946000000.0,,3516000000.0,22405000000.0,,5738000000.0,17988000000.0,477000000.0,,60852000000.0,10085000000.0,4652000000.0,3803000000.0,23865000000.0,,,,,,-3240000000.0,-3057000000.0,22077000000.0,60852000000.0,1924000000.0,341000000.0,16000000.0,383000000.0,3195000000.0,,,,,,2311000000.0,,,,,0.0,1759000000.0,,,-1580000000.0,,,-1372000000.0,-676000000.0,
