Date,Net sales,Cost of sales,Gross margin,Research and development,"Selling, general and administrative",Total operating expenses,Operating income,"Other income/(expense), net",Income before provision for income taxes,Provision for income taxes,Net income,Earnings per share basic,Earnings per share diluted,Weighted-average basic,Weighted-average diluted,Cash and cash equivalents,Short-term marketable securities,"Accounts receivable, net",Inventories,Deferred tax assets,Vendor non-trade receivables,Other current assets,Total current assets,Long-term marketable securities,"Property, Plant and Equipment, Net",Goodwill,"Acquired intangible assets, net","Other Assets, Noncurrent",Total assets,accounts payable,Accrued expenses,Deferred revenue,Total current liabilities,Deferred revenue - non-current,deferred tax liabilities,long term taxes payable,Total other non-current liabilities,Total liabilities,Retained Earnings (Accumulated Deficit),Accumulated other comprehensive (loss)/income,Total shareholders equity,Total liabilities and shareholders' equity,"Depreciation, amortization and accretion",Stock-based compensation expense,Deferred income tax expense,"Increase (Decrease) in Accounts receivable, net",Increase (Decrease) in Inventories,Increase (Decrease) in Other Receivables,Increase (Decrease) in Other Operating Assets,Increase (Decrease) in Accounts Payable,Increase (Decrease) in Deferred Revenue,Increase (Decrease) Other liabilities,Cash generated by operating activities,Purchases of marketable securities,Proceeds from maturities of marketable securities,Proceeds from sales of marketable securities,Purchases of other long-term investments,"Business acquisitions, net of cash acquired",Cash payments for capital asset purchases,Payments for acquisition of intangible assets,Payments for (Proceeds from) Other Investing Activities,Cash used in investing activities,Proceeds from issuance of common stock,Excess tax benefits from stock-based compensation,Cash generated/used in financing activities,Increase/(decrease) in cash and cash equivalents,"Cash paid for income taxes, net"
2010-01-31,31177000000.0,,,681000000.0,2932000000.0,28174000000.0,3003000000.0,-199000000.0,,554000000.0,2250000000.0,0.95,0.93,2358000000.0,2427000000.0,13547000000.0,60000000.0,14503000000.0,6630000000.0,,,14192000000.0,51697000000.0,,11164000000.0,33068000000.0,6266000000.0,11423000000.0,113618000000.0,13557000000.0,14122000000.0,6412000000.0,40873000000.0,,,,16845000000.0,,30391000000.0,-2944000000.0,41628000000.0,113618000000.0,1162000000.0,181000000.0,-192000000.0,,543000000.0,,,,,,2407000000.0,,,,,-7000000.0,821000000.0,,,-711000000.0,,128000000.0,-1428000000.0,268000000.0,
2010-04-30,62026000000.0,,,1403000000.0,5996000000.0,56165000000.0,5861000000.0,-290000000.0,,1121000000.0,4450000000.0,1.89,1.84,2352000000.0,2412000000.0,14131000000.0,39000000.0,14753000000.0,6436000000.0,,,13541000000.0,51695000000.0,,11242000000.0,34312000000.0,,11726000000.0,115994000000.0,13350000000.0,13308000000.0,6526000000.0,42271000000.0,,,,16183000000.0,,31631000000.0,-2756000000.0,43511000000.0,115994000000.0,2346000000.0,381000000.0,-286000000.0,,190000000.0,,,,,,5498000000.0,,,,,2512000000.0,1771000000.0,,,-3940000000.0,,263000000.0,-706000000.0,852000000.0,
2010-07-31,92755000000.0,,,2145000000.0,9150000000.0,84571000000.0,8184000000.0,-424000000.0,,1537000000.0,6223000000.0,2.66,2.6,2342000000.0,2398000000.0,14718000000.0,5000000.0,15621000000.0,7206000000.0,2817000000.0,,14016000000.0,54365000000.0,,11477000000.0,35409000000.0,,11681000000.0,120017000000.0,14885000000.0,14343000000.0,6583000000.0,49288000000.0,,3443000000.0,,15690000000.0,,31784000000.0,-2940000000.0,42535000000.0,120017000000.0,3556000000.0,547000000.0,-191000000.0,,981000000.0,,,,,,8771000000.0,,,,,4017000000.0,2901000000.0,,,-6293000000.0,,283000000.0,-1039000000.0,1439000000.0,
2010-10-31,126033000000.0,,,2959000000.0,12585000000.0,114554000000.0,11479000000.0,-505000000.0,,2213000000.0,8761000000.0,3.78,3.69,2319000000.0,2372000000.0,10929000000.0,5000000.0,18481000000.0,6466000000.0,2611000000.0,2737000000.0,15317000000.0,54184000000.0,,11763000000.0,38483000000.0,,12225000000.0,124503000000.0,14365000000.0,15296000000.0,6727000000.0,49403000000.0,3303000000.0,5239000000.0,,19061000000.0,,32695000000.0,-3837000000.0,40449000000.0,124503000000.0,4820000000.0,668000000.0,197000000.0,,270000000.0,,,,,,11922000000.0,,,,,8102000000.0,4133000000.0,,,-11359000000.0,,294000000.0,-2913000000.0,-2350000000.0,1293000000.0
2011-01-31,32302000000.0,,,798000000.0,3090000000.0,28908000000.0,3394000000.0,-97000000.0,,692000000.0,2605000000.0,1.19,1.17,2182000000.0,2226000000.0,9934000000.0,,16552000000.0,6747000000.0,1946000000.0,,15189000000.0,51404000000.0,,11575000000.0,38506000000.0,,11017000000.0,119933000000.0,13453000000.0,15290000000.0,6927000000.0,43610000000.0,,5572000000.0,,17754000000.0,,34005000000.0,-3698000000.0,41206000000.0,119933000000.0,1255000000.0,180000000.0,632000000.0,,333000000.0,,,,,,3070000000.0,,,,,14000000.0,926000000.0,,,-363000000.0,,64000000.0,-3702000000.0,-995000000.0,
2011-04-30,63934000000.0,,,1613000000.0,6487000000.0,57572000000.0,6362000000.0,-173000000.0,,1280000000.0,4909000000.0,2.27,2.23,2166000000.0,2203000000.0,12738000000.0,,18621000000.0,6778000000.0,2064000000.0,,14759000000.0,56075000000.0,,11890000000.0,38762000000.0,,11320000000.0,125127000000.0,14222000000.0,16053000000.0,7397000000.0,51370000000.0,,5225000000.0,,17450000000.0,,35152000000.0,-3592000000.0,41423000000.0,125127000000.0,2497000000.0,327000000.0,641000000.0,,415000000.0,,,,,,7032000000.0,,,,,246000000.0,2026000000.0,,,-1582000000.0,,154000000.0,-3641000000.0,1809000000.0,
2011-07-31,95123000000.0,,,2425000000.0,9889000000.0,86241000000.0,8882000000.0,-294000000.0,,1753000000.0,6835000000.0,3.21,3.16,2129000000.0,2161000000.0,12953000000.0,,18121000000.0,7427000000.0,1726000000.0,,14611000000.0,56279000000.0,,11959000000.0,38772000000.0,,11178000000.0,124917000000.0,14489000000.0,15114000000.0,7390000000.0,48938000000.0,,5812000000.0,,17731000000.0,,35099000000.0,-3274000000.0,38823000000.0,124917000000.0,3722000000.0,475000000.0,804000000.0,,1139000000.0,,,,,,10239000000.0,,,,,269000000.0,3154000000.0,,,-2493000000.0,,160000000.0,-5722000000.0,2024000000.0,
2011-10-31,127245000000.0,,,3254000000.0,13466000000.0,117568000000.0,9677000000.0,-695000000.0,,1908000000.0,7074000000.0,3.38,3.32,2094000000.0,2128000000.0,8043000000.0,,18224000000.0,7490000000.0,1453000000.0,2762000000.0,14102000000.0,51021000000.0,,12292000000.0,44551000000.0,10898000000.0,10755000000.0,129517000000.0,14750000000.0,14459000000.0,7449000000.0,50442000000.0,3453000000.0,5163000000.0,,17520000000.0,,35266000000.0,-3498000000.0,38625000000.0,129517000000.0,4984000000.0,685000000.0,166000000.0,,1252000000.0,,,,,,12639000000.0,,,,,10480000000.0,4539000000.0,,,-13959000000.0,,163000000.0,-1566000000.0,-2886000000.0,1134000000.0
2012-01-31,30036000000.0,,,786000000.0,3367000000.0,27994000000.0,2042000000.0,-221000000.0,,353000000.0,,0.74,0.73,1981000000.0,1998000000.0,8113000000.0,,15892000000.0,7271000000.0,1275000000.0,,14350000000.0,48749000000.0,,12122000000.0,44639000000.0,10029000000.0,11057000000.0,126596000000.0,12375000000.0,14523000000.0,7530000000.0,44293000000.0,,4992000000.0,,17269000000.0,,36183000000.0,-3507000000.0,39162000000.0,126596000000.0,1303000000.0,175000000.0,-110000000.0,,-180000000.0,,,,,,1193000000.0,,,,,141000000.0,883000000.0,,,-751000000.0,,11000000.0,-372000000.0,,
2012-04-30,60729000000.0,,,1636000000.0,6907000000.0,56465000000.0,4264000000.0,-464000000.0,,739000000.0,,1.55,1.53,1980000000.0,1995000000.0,8311000000.0,,16609000000.0,7306000000.0,1320000000.0,,14324000000.0,49689000000.0,,12236000000.0,44938000000.0,9808000000.0,11018000000.0,127689000000.0,12900000000.0,13312000000.0,7582000000.0,42799000000.0,,5241000000.0,,17368000000.0,,37758000000.0,-3066000000.0,41288000000.0,127689000000.0,2588000000.0,344000000.0,-155000000.0,,-89000000.0,,,,,,3666000000.0,,,,,141000000.0,1963000000.0,,,-2018000000.0,,12000000.0,-1380000000.0,,
2012-07-31,90398000000.0,,,2490000000.0,10273000000.0,94967000000.0,-8833000000.0,-688000000.0,,539000000.0,,-4.49,-4.49,1977000000.0,1977000000.0,9509000000.0,,15686000000.0,7292000000.0,1784000000.0,,14634000000.0,50237000000.0,,12069000000.0,36805000000.0,7966000000.0,10479000000.0,117556000000.0,12554000000.0,13931000000.0,7598000000.0,44919000000.0,,3920000000.0,,16564000000.0,,28379000000.0,-3276000000.0,31601000000.0,117556000000.0,3894000000.0,494000000.0,-690000000.0,,2000000.0,,,,,,6512000000.0,,,,,141000000.0,2833000000.0,,,-2843000000.0,,12000000.0,-2203000000.0,,
2012-10-31,120357000000.0,,,3399000000.0,13500000000.0,131414000000.0,-11057000000.0,-876000000.0,,717000000.0,,-6.41,-6.41,1974000000.0,1974000000.0,11301000000.0,,16407000000.0,6317000000.0,2186000000.0,2549000000.0,13360000000.0,50637000000.0,,11954000000.0,31069000000.0,4515000000.0,10593000000.0,108768000000.0,13350000000.0,13500000000.0,7494000000.0,46666000000.0,3371000000.0,2948000000.0,,17480000000.0,,21521000000.0,-5559000000.0,22436000000.0,108768000000.0,5095000000.0,635000000.0,-711000000.0,,-890000000.0,,,,,,10571000000.0,,,,,141000000.0,3706000000.0,,,-3453000000.0,,12000000.0,-3860000000.0,,1750000000.0
2013-01-31,28359000000.0,,,794000000.0,3300000000.0,26607000000.0,1752000000.0,-179000000.0,,341000000.0,,0.63,0.63,1953000000.0,1956000000.0,12589000000.0,,14236000000.0,6374000000.0,1660000000.0,,13037000000.0,49552000000.0,,11686000000.0,31031000000.0,4183000000.0,10249000000.0,106701000000.0,11660000000.0,13444000000.0,7603000000.0,44386000000.0,,3400000000.0,,17273000000.0,,22239000000.0,-5672000000.0,22895000000.0,106701000000.0,1163000000.0,184000000.0,500000000.0,,149000000.0,,,,,,2562000000.0,,,,,,633000000.0,,,-644000000.0,,,-630000000.0,,
2013-04-30,55941000000.0,,,1609000000.0,6642000000.0,52588000000.0,3353000000.0,-372000000.0,,672000000.0,,1.19,1.18,1944000000.0,1952000000.0,13240000000.0,,14606000000.0,5999000000.0,1584000000.0,,12514000000.0,49571000000.0,,11476000000.0,31133000000.0,3869000000.0,10205000000.0,106254000000.0,12313000000.0,12746000000.0,6757000000.0,44658000000.0,,3790000000.0,,17801000000.0,,23319000000.0,-5522000000.0,23533000000.0,106254000000.0,2333000000.0,291000000.0,472000000.0,,-140000000.0,,,,,,6118000000.0,,,,,167000000.0,1400000000.0,,,-1198000000.0,,,-2981000000.0,,
2013-07-31,83167000000.0,,,2406000000.0,9916000000.0,77959000000.0,5208000000.0,-518000000.0,,991000000.0,,1.91,1.89,1939000000.0,1952000000.0,13251000000.0,,14336000000.0,6540000000.0,1476000000.0,,12718000000.0,49958000000.0,,11328000000.0,31116000000.0,3485000000.0,9913000000.0,105800000000.0,13293000000.0,12629000000.0,6571000000.0,46012000000.0,,3582000000.0,,17686000000.0,,24149000000.0,-5433000000.0,24603000000.0,105800000000.0,3491000000.0,398000000.0,542000000.0,,445000000.0,,,,,,8792000000.0,,,,,167000000.0,2280000000.0,,,-1859000000.0,,1000000.0,-4983000000.0,,
2013-10-31,112298000000.0,,,3135000000.0,13267000000.0,105167000000.0,7131000000.0,-621000000.0,,1397000000.0,,2.64,2.62,1934000000.0,1950000000.0,12163000000.0,,15876000000.0,6046000000.0,2196000000.0,2579000000.0,13135000000.0,50364000000.0,,11463000000.0,31124000000.0,3169000000.0,9556000000.0,105676000000.0,14019000000.0,12506000000.0,6477000000.0,45521000000.0,3907000000.0,2668000000.0,,15891000000.0,,25563000000.0,-3778000000.0,27269000000.0,105676000000.0,4611000000.0,500000000.0,-410000000.0,-530000000.0,4000000.0,,,,,,11608000000.0,,,,,167000000.0,3199000000.0,,,-2803000000.0,,2000000.0,-7943000000.0,,1391000000.0
2014-01-31,28154000000.0,,,811000000.0,3210000000.0,26157000000.0,1997000000.0,-163000000.0,,409000000.0,,0.75,0.74,1907000000.0,1935000000.0,16165000000.0,,13492000000.0,6004000000.0,2030000000.0,,11969000000.0,50684000000.0,,11259000000.0,31131000000.0,2820000000.0,9131000000.0,105025000000.0,12640000000.0,12571000000.0,6754000000.0,43611000000.0,,2131000000.0,,15294000000.0,,26436000000.0,-3667000000.0,27754000000.0,105025000000.0,1117000000.0,170000000.0,9000000.0,-2391000000.0,19000000.0,,,,,,2990000000.0,,,,,,997000000.0,,,-217000000.0,,27000000.0,1229000000.0,,
2014-04-30,55463000000.0,,,1684000000.0,6601000000.0,51644000000.0,3819000000.0,-337000000.0,,784000000.0,,1.42,1.4,1898000000.0,1922000000.0,15096000000.0,,14288000000.0,5840000000.0,2215000000.0,,11547000000.0,49883000000.0,,11350000000.0,31134000000.0,2562000000.0,9043000000.0,103972000000.0,13521000000.0,12450000000.0,6416000000.0,43280000000.0,3835000000.0,1481000000.0,,14920000000.0,,27658000000.0,-3829000000.0,28185000000.0,103972000000.0,2204000000.0,300000000.0,-90000000.0,-1590000000.0,-107000000.0,,,,,,5985000000.0,,,,,20000000.0,1837000000.0,,,-1194000000.0,,33000000.0,-1858000000.0,,
2014-07-31,83048000000.0,,,2571000000.0,9989000000.0,77771000000.0,5277000000.0,-482000000.0,,1112000000.0,,1.95,1.93,1889000000.0,1913000000.0,14474000000.0,,14198000000.0,6249000000.0,2152000000.0,,11236000000.0,49287000000.0,,11434000000.0,31132000000.0,2336000000.0,8981000000.0,103170000000.0,15141000000.0,12102000000.0,6434000000.0,42476000000.0,3865000000.0,1228000000.0,,14664000000.0,,27984000000.0,-3610000000.0,28509000000.0,103170000000.0,3259000000.0,432000000.0,-129000000.0,-1662000000.0,369000000.0,,,,,,9632000000.0,,,,,20000000.0,2897000000.0,,,-1998000000.0,,49000000.0,-5323000000.0,,
2014-10-31,111454000000.0,,,3447000000.0,13353000000.0,104269000000.0,7185000000.0,-628000000.0,6557000000.0,1544000000.0,,2.66,2.62,1882000000.0,1912000000.0,15133000000.0,,13832000000.0,6415000000.0,2086000000.0,2378000000.0,11819000000.0,50145000000.0,,11340000000.0,31139000000.0,2128000000.0,8454000000.0,103206000000.0,15903000000.0,12079000000.0,6143000000.0,43735000000.0,3931000000.0,1124000000.0,,16305000000.0,,29164000000.0,-5881000000.0,26731000000.0,103206000000.0,4334000000.0,560000000.0,-34000000.0,-2017000000.0,580000000.0,,,,,,12333000000.0,,,,,49000000.0,3853000000.0,,,-2792000000.0,,58000000.0,-6571000000.0,,1267000000.0
2015-01-31,26839000000.0,,,825000000.0,3071000000.0,24919000000.0,1920000000.0,-174000000.0,1746000000.0,380000000.0,,0.75,0.73,1833000000.0,1861000000.0,12919000000.0,,12295000000.0,6575000000.0,2051000000.0,,13502000000.0,48198000000.0,,11030000000.0,31108000000.0,1906000000.0,8619000000.0,100861000000.0,14873000000.0,12882000000.0,6241000000.0,42529000000.0,,1594000000.0,,15876000000.0,,29626000000.0,-5675000000.0,26507000000.0,100861000000.0,1028000000.0,187000000.0,-173000000.0,-1540000000.0,224000000.0,,,,,,744000000.0,,,,,1000000.0,947000000.0,,,-838000000.0,,109000000.0,-2120000000.0,,
2015-04-30,52292000000.0,,,1675000000.0,6134000000.0,48941000000.0,3351000000.0,-313000000.0,3038000000.0,661000000.0,,1.3,1.29,1824000000.0,1848000000.0,14768000000.0,,12320000000.0,6227000000.0,2089000000.0,,12726000000.0,48883000000.0,,11014000000.0,31218000000.0,1729000000.0,8552000000.0,101396000000.0,14923000000.0,11711000000.0,6055000000.0,43186000000.0,,1738000000.0,,15577000000.0,,30565000000.0,-6002000000.0,26768000000.0,101396000000.0,2031000000.0,316000000.0,,-1494000000.0,-53000000.0,,,,,,2208000000.0,,,,,139000000.0,1726000000.0,,,-1639000000.0,,118000000.0,-934000000.0,,
2015-07-31,77641000000.0,,,2568000000.0,9096000000.0,73078000000.0,4563000000.0,-421000000.0,4142000000.0,911000000.0,,1.78,1.75,1817000000.0,1842000000.0,17171000000.0,,12753000000.0,6700000000.0,960000000.0,,12570000000.0,51998000000.0,,11028000000.0,33025000000.0,2249000000.0,8733000000.0,107033000000.0,15549000000.0,11866000000.0,6277000000.0,49033000000.0,4317000000.0,2965000000.0,,16089000000.0,,30764000000.0,-5848000000.0,27035000000.0,107033000000.0,3054000000.0,476000000.0,898000000.0,-1199000000.0,467000000.0,,,,,,3881000000.0,,,,,2617000000.0,2642000000.0,,,-4727000000.0,,124000000.0,2884000000.0,,
2015-10-31,103355000000.0,,,3502000000.0,12185000000.0,97884000000.0,5471000000.0,-739000000.0,4732000000.0,178000000.0,,2.51,2.48,1814000000.0,1836000000.0,17433000000.0,,13363000000.0,6485000000.0,2650000000.0,2749000000.0,11588000000.0,51787000000.0,,11090000000.0,32941000000.0,2014000000.0,9050000000.0,106882000000.0,15956000000.0,12024000000.0,6199000000.0,42191000000.0,4373000000.0,295000000.0,,14760000000.0,,32089000000.0,-6302000000.0,27768000000.0,106882000000.0,4061000000.0,709000000.0,-700000000.0,-572000000.0,330000000.0,,,,,,6490000000.0,,,,,2644000000.0,3603000000.0,,,-5534000000.0,,145000000.0,1344000000.0,,1012000000.0
2016-01-31,12246000000.0,,,292000000.0,1037000000.0,11318000000.0,928000000.0,-94000000.0,834000000.0,184000000.0,592000000.0,0.33,0.33,1776000000.0,1785000000.0,3688000000.0,,4114000000.0,4052000000.0,,1223000000.0,3301000000.0,15155000000.0,,1529000000.0,5680000000.0,,3153000000.0,25517000000.0,9041000000.0,6073000000.0,863000000.0,16761000000.0,825000000.0,1977000000.0,,6982000000.0,,-5026000000.0,-1122000000.0,-4909000000.0,25517000000.0,79000000.0,61000000.0,526000000.0,-704000000.0,-202000000.0,,,,,,-108000000.0,,,,,,120000000.0,,,-111000000.0,,1000000.0,-13526000000.0,-13745000000.0,
2016-04-30,23834000000.0,19299000000.0,,593000000.0,2039000000.0,22065000000.0,1769000000.0,-99000000.0,1670000000.0,360000000.0,1221000000.0,0.7,0.69,1748000000.0,1758000000.0,4636000000.0,,3884000000.0,3547000000.0,,1361000000.0,3318000000.0,15385000000.0,,1572000000.0,5672000000.0,,2894000000.0,25523000000.0,9099000000.0,5978000000.0,885000000.0,16862000000.0,809000000.0,1793000000.0,,6739000000.0,,-1266000000.0,-4504000000.0,-4786000000.0,25523000000.0,164000000.0,101000000.0,600000000.0,-894000000.0,-722000000.0,,,,,,1467000000.0,,,,,,206000000.0,,,-255000000.0,,2000000.0,-14009000000.0,-12797000000.0,
2016-07-31,35726000000.0,29019000000.0,,891000000.0,2758000000.0,32840000000.0,2886000000.0,-135000000.0,2751000000.0,598000000.0,2004000000.0,1.16,1.15,1735000000.0,1747000000.0,5636000000.0,,4008000000.0,3961000000.0,0.0,1799000000.0,3797000000.0,17402000000.0,,1607000000.0,5618000000.0,,2597000000.0,27224000000.0,10402000000.0,5886000000.0,877000000.0,18114000000.0,830000000.0,1594000000.0,,6276000000.0,,-3982000000.0,-947000000.0,-3926000000.0,27224000000.0,249000000.0,140000000.0,978000000.0,-728000000.0,-251000000.0,,,,,,2532000000.0,,,,,0.0,287000000.0,,,-116000000.0,,4000000.0,-14213000000.0,-11797000000.0,
2016-10-31,48238000000.0,39240000000.0,,1209000000.0,3840000000.0,44689000000.0,3549000000.0,212000000.0,3761000000.0,1095000000.0,2496000000.0,1.44,1.43,1730000000.0,1743000000.0,6288000000.0,,4114000000.0,4484000000.0,4641000000.0,1700000000.0,3582000000.0,18468000000.0,,1736000000.0,5622000000.0,,3184000000.0,29010000000.0,11103000000.0,5718000000.0,919000000.0,18808000000.0,865000000.0,1116000000.0,,7333000000.0,,-3498000000.0,-1438000000.0,-3889000000.0,29010000000.0,332000000.0,182000000.0,401000000.0,-565000000.0,291000000.0,,,,,,3230000000.0,,,,,7000000.0,433000000.0,,,48000000.0,,6000000.0,-14423000000.0,-11145000000.0,587000000.0
2017-01-31,12684000000.0,10436000000.0,,296000000.0,1017000000.0,11828000000.0,856000000.0,-81000000.0,775000000.0,164000000.0,611000000.0,0.36,0.36,1704000000.0,1721000000.0,6331000000.0,,3478000000.0,4555000000.0,,1742000000.0,3411000000.0,17775000000.0,,1730000000.0,5622000000.0,,3065000000.0,28192000000.0,10951000000.0,5791000000.0,952000000.0,18587000000.0,866000000.0,1198000000.0,,7244000000.0,,-3339000000.0,-1669000000.0,-4327000000.0,28192000000.0,84000000.0,75000000.0,67000000.0,-614000000.0,69000000.0,,,,,,767000000.0,,,,,,101000000.0,,,-86000000.0,,,-638000000.0,43000000.0,
2017-04-30,25069000000.0,20438000000.0,,610000000.0,2104000000.0,23395000000.0,1674000000.0,-145000000.0,1529000000.0,359000000.0,1170000000.0,0.69,0.68,1696000000.0,1716000000.0,6223000000.0,,3771000000.0,4756000000.0,,1722000000.0,3552000000.0,18302000000.0,,1661000000.0,5622000000.0,,3101000000.0,28686000000.0,11079000000.0,5549000000.0,980000000.0,18604000000.0,872000000.0,1412000000.0,,7327000000.0,,-2779000000.0,-1714000000.0,-3955000000.0,28686000000.0,173000000.0,123000000.0,205000000.0,-289000000.0,272000000.0,,,,,,1222000000.0,,,,,,176000000.0,,,-241000000.0,,,-1046000000.0,-65000000.0,
2017-07-31,38129000000.0,31071000000.0,,899000000.0,3200000000.0,35500000000.0,2629000000.0,-201000000.0,2428000000.0,562000000.0,1866000000.0,1.1,1.09,1694000000.0,1705000000.0,6967000000.0,1020000000.0,4233000000.0,5184000000.0,,1940000000.0,5059000000.0,21443000000.0,,1707000000.0,5622000000.0,,3162000000.0,31934000000.0,12804000000.0,6232000000.0,997000000.0,22060000000.0,894000000.0,,,7469000000.0,,-2526000000.0,-2118000000.0,-4339000000.0,31934000000.0,263000000.0,169000000.0,412000000.0,215000000.0,731000000.0,,,,,,2997000000.0,,,,,,237000000.0,,,-1723000000.0,,,-595000000.0,679000000.0,
2018-01-31,14517000000.0,11935000000.0,,347000000.0,1169000000.0,13544000000.0,973000000.0,-68000000.0,905000000.0,-1033000000.0,1938000000.0,1.17,1.16,1650000000.0,1669000000.0,5475000000.0,1266000000.0,4396000000.0,5655000000.0,,2445000000.0,5691000000.0,21217000000.0,58000000.0,2026000000.0,5935000000.0,,6067000000.0,35245000000.0,12848000000.0,7014000000.0,1039000000.0,23349000000.0,945000000.0,,,8298000000.0,,-1346000000.0,-1829000000.0,-2742000000.0,35245000000.0,129000000.0,85000000.0,-3713000000.0,-272000000.0,-364000000.0,,,,,,996000000.0,,,,,1020000000.0,129000000.0,,,-1723000000.0,,,-795000000.0,-1522000000.0,
2018-04-30,28520000000.0,23236000000.0,,703000000.0,2429000000.0,26583000000.0,1937000000.0,-949000000.0,988000000.0,-2008000000.0,2996000000.0,1.83,1.81,1640000000.0,1658000000.0,4247000000.0,1083000000.0,4605000000.0,5557000000.0,,1945000000.0,5024000000.0,19433000000.0,57000000.0,2061000000.0,5941000000.0,,4652000000.0,32087000000.0,13054000000.0,6197000000.0,1062000000.0,23127000000.0,956000000.0,,,6329000000.0,,-1075000000.0,-1314000000.0,-1863000000.0,32087000000.0,256000000.0,148000000.0,-3316000000.0,-38000000.0,-450000000.0,,,,,,2046000000.0,,,,,1020000000.0,242000000.0,,,-1102000000.0,,,-3694000000.0,-2750000000.0,
2018-07-31,43106000000.0,35134000000.0,,1050000000.0,3656000000.0,40089000000.0,3017000000.0,-1011000000.0,2006000000.0,-1870000000.0,3876000000.0,2.38,2.36,1627000000.0,1645000000.0,6195000000.0,886000000.0,4615000000.0,6091000000.0,,1910000000.0,4875000000.0,21776000000.0,,2112000000.0,5930000000.0,,4436000000.0,34254000000.0,14245000000.0,6208000000.0,1099000000.0,25506000000.0,,,,6012000000.0,,-1039000000.0,-1330000000.0,-1767000000.0,34254000000.0,388000000.0,203000000.0,-3167000000.0,-23000000.0,121000000.0,,,,,,3560000000.0,,,,,1036000000.0,359000000.0,,,-803000000.0,,,-3559000000.0,-802000000.0,
2018-10-31,58472000000.0,47803000000.0,,1404000000.0,4859000000.0,54408000000.0,4064000000.0,-1051000000.0,3013000000.0,-2314000000.0,5327000000.0,3.3,3.26,1615000000.0,1634000000.0,5166000000.0,711000000.0,5113000000.0,6062000000.0,2331000000.0,2025000000.0,5046000000.0,21387000000.0,,2198000000.0,5968000000.0,,5069000000.0,34622000000.0,14816000000.0,7376000000.0,1095000000.0,25131000000.0,,100000000.0,,5606000000.0,,-473000000.0,-845000000.0,,34622000000.0,528000000.0,268000000.0,-3653000000.0,491000000.0,136000000.0,,,,,,4528000000.0,,,,,1036000000.0,546000000.0,,,-716000000.0,,,-5643000000.0,-1831000000.0,951000000.0
2019-01-31,14710000000.0,12098000000.0,,344000000.0,1248000000.0,13784000000.0,926000000.0,-26000000.0,900000000.0,97000000.0,803000000.0,0.52,0.51,1556000000.0,1567000000.0,3367000000.0,425000000.0,5113000000.0,5649000000.0,2329000000.0,2217000000.0,4807000000.0,18936000000.0,54000000.0,2312000000.0,6343000000.0,,4899000000.0,32490000000.0,14572000000.0,8397000000.0,1180000000.0,24199000000.0,,,,5422000000.0,,-1431000000.0,-1087000000.0,-1837000000.0,32490000000.0,168000000.0,107000000.0,103000000.0,-211000000.0,-191000000.0,,,,,,862000000.0,,,,,404000000.0,189000000.0,,,-318000000.0,,,-2343000000.0,-1799000000.0,
2019-04-30,28746000000.0,23405000000.0,,697000000.0,2587000000.0,26892000000.0,1854000000.0,-71000000.0,1783000000.0,198000000.0,1585000000.0,1.03,1.02,1543000000.0,1551000000.0,3556000000.0,17000000.0,5414000000.0,5394000000.0,2288000000.0,1822000000.0,3921000000.0,18285000000.0,54000000.0,2412000000.0,6349000000.0,,4900000000.0,31946000000.0,13839000000.0,8042000000.0,1138000000.0,23203000000.0,,,,5481000000.0,,-1325000000.0,-900000000.0,-1487000000.0,31946000000.0,349000000.0,173000000.0,118000000.0,103000000.0,-362000000.0,,,,,,1723000000.0,,,,,404000000.0,303000000.0,,,-22000000.0,,,-3311000000.0,-1610000000.0,
2019-07-31,43349000000.0,35103000000.0,,1110000000.0,3963000000.0,40416000000.0,2933000000.0,-902000000.0,2031000000.0,-931000000.0,2764000000.0,1.81,1.8,1528000000.0,1537000000.0,4919000000.0,0.0,5295000000.0,5716000000.0,2105000000.0,1776000000.0,3753000000.0,19683000000.0,55000000.0,2462000000.0,6330000000.0,,3930000000.0,32405000000.0,14648000000.0,8503000000.0,1139000000.0,24579000000.0,,,,4227000000.0,,-1068000000.0,-863000000.0,-1131000000.0,32405000000.0,539000000.0,233000000.0,325000000.0,22000000.0,24000000.0,,,,,,4066000000.0,,,,,427000000.0,475000000.0,,,-211000000.0,,,-4102000000.0,-247000000.0,
2019-10-31,58756000000.0,47586000000.0,,1499000000.0,5368000000.0,54879000000.0,3877000000.0,-1354000000.0,2523000000.0,-629000000.0,3152000000.0,2.08,2.07,1515000000.0,1524000000.0,4537000000.0,0.0,6031000000.0,5734000000.0,2560000000.0,1951000000.0,3875000000.0,20177000000.0,,2794000000.0,6372000000.0,,4124000000.0,33467000000.0,14793000000.0,10143000000.0,1178000000.0,25293000000.0,,60000000.0,,4587000000.0,,-818000000.0,-1225000000.0,,33467000000.0,744000000.0,297000000.0,133000000.0,761000000.0,68000000.0,,,,,,4654000000.0,,,,,458000000.0,671000000.0,,,-438000000.0,,,-4845000000.0,-629000000.0,89000000.0
2020-01-31,14618000000.0,11746000000.0,,400000000.0,1290000000.0,13753000000.0,865000000.0,13000000.0,878000000.0,200000000.0,678000000.0,0.47,0.46,1454000000.0,1460000000.0,4205000000.0,288000000.0,4857000000.0,4946000000.0,2477000000.0,1272000000.0,3469000000.0,17477000000.0,,2756000000.0,6387000000.0,,5036000000.0,31656000000.0,12808000000.0,10136000000.0,1148000000.0,23867000000.0,,,,5491000000.0,,-1306000000.0,-1208000000.0,-1634000000.0,31656000000.0,198000000.0,109000000.0,117000000.0,-1167000000.0,-761000000.0,,,,,,1285000000.0,,,,,0.0,198000000.0,,,-498000000.0,,,-1119000000.0,-332000000.0,
2020-04-30,27087000000.0,21722000000.0,,738000000.0,2506000000.0,25396000000.0,1691000000.0,13000000.0,1704000000.0,262000000.0,1442000000.0,1.0,0.99,1444000000.0,1450000000.0,4054000000.0,,5146000000.0,6354000000.0,2452000000.0,2094000000.0,4106000000.0,19660000000.0,,2714000000.0,6370000000.0,,5029000000.0,33773000000.0,14195000000.0,9530000000.0,1208000000.0,25276000000.0,,,,5299000000.0,,-633000000.0,-1050000000.0,-743000000.0,33773000000.0,396000000.0,172000000.0,114000000.0,-856000000.0,645000000.0,,,,,,775000000.0,,,,,36000000.0,347000000.0,,,-380000000.0,,,-878000000.0,-483000000.0,
2020-07-31,41381000000.0,33623000000.0,,1097000000.0,3662000000.0,38911000000.0,2470000000.0,-28000000.0,2455000000.0,279000000.0,2176000000.0,1.52,1.51,1435000000.0,1441000000.0,4679000000.0,,5269000000.0,5896000000.0,2506000000.0,2028000000.0,4425000000.0,20269000000.0,,2658000000.0,6386000000.0,,4931000000.0,34244000000.0,14276000000.0,10474000000.0,1190000000.0,25026000000.0,,,,5223000000.0,,-1353000000.0,-1605000000.0,-1986000000.0,34244000000.0,593000000.0,221000000.0,146000000.0,-699000000.0,247000000.0,,,,,,2442000000.0,,,,,0.0,464000000.0,,,-931000000.0,,,-1369000000.0,142000000.0,
2020-10-31,56639000000.0,46202000000.0,,1478000000.0,4906000000.0,53177000000.0,3462000000.0,-231000000.0,3231000000.0,387000000.0,2844000000.0,2.01,2.0,1413000000.0,1420000000.0,4864000000.0,274000000.0,5381000000.0,5963000000.0,2490000000.0,2092000000.0,4440000000.0,20648000000.0,,2627000000.0,6380000000.0,,5026000000.0,34681000000.0,14704000000.0,10842000000.0,1208000000.0,26220000000.0,,,,5146000000.0,,-1961000000.0,-1243000000.0,-2228000000.0,34681000000.0,789000000.0,278000000.0,70000000.0,-575000000.0,386000000.0,,,,,,4316000000.0,,,,,0.0,580000000.0,,,-1016000000.0,,,-2973000000.0,327000000.0,464000000.0
2021-01-31,15646000000.0,12322000000.0,,471000000.0,1376000000.0,14325000000.0,1321000000.0,-25000000.0,1296000000.0,228000000.0,1068000000.0,0.83,0.83,1285000000.0,1293000000.0,4160000000.0,0.0,5273000000.0,6668000000.0,2497000000.0,2285000000.0,4337000000.0,20438000000.0,,2546000000.0,6404000000.0,,5349000000.0,34737000000.0,14960000000.0,11682000000.0,1292000000.0,27880000000.0,,,,5153000000.0,,-2759000000.0,-1473000000.0,-3235000000.0,34737000000.0,203000000.0,115000000.0,67000000.0,-77000000.0,725000000.0,,,,,,1022000000.0,,,,,,131000000.0,,,-3000000.0,,,-1723000000.0,-704000000.0,
2021-04-30,31523000000.0,24759000000.0,,985000000.0,2859000000.0,28840000000.0,2683000000.0,-51000000.0,2632000000.0,336000000.0,2296000000.0,1.82,1.81,1260000000.0,1270000000.0,3424000000.0,12000000.0,4990000000.0,7502000000.0,2467000000.0,1960000000.0,4175000000.0,20091000000.0,,2538000000.0,6524000000.0,,5396000000.0,34549000000.0,15228000000.0,11579000000.0,1265000000.0,28029000000.0,,,,4963000000.0,,-3070000000.0,-1320000000.0,-3360000000.0,34549000000.0,389000000.0,191000000.0,50000000.0,-335000000.0,1555000000.0,,,,,,2468000000.0,,,,,170000000.0,252000000.0,,,-315000000.0,,,-3593000000.0,-1440000000.0,
2021-07-31,46812000000.0,36660000000.0,,1462000000.0,4267000000.0,42748000000.0,4064000000.0,-106000000.0,3958000000.0,554000000.0,3404000000.0,2.76,2.73,1235000000.0,1247000000.0,3439000000.0,8000000.0,4908000000.0,8165000000.0,2581000000.0,2218000000.0,4091000000.0,20603000000.0,,2500000000.0,6628000000.0,,5792000000.0,35523000000.0,15898000000.0,11555000000.0,1335000000.0,27667000000.0,,,,4900000000.0,,-3871000000.0,-1133000000.0,-3942000000.0,35523000000.0,585000000.0,260000000.0,-93000000.0,-503000000.0,2225000000.0,,,,,,3561000000.0,,,,,582000000.0,410000000.0,,,-612000000.0,,,-4374000000.0,-1425000000.0,
2021-10-31,63487000000.0,50070000000.0,,1907000000.0,5741000000.0,58185000000.0,5302000000.0,2209000000.0,7511000000.0,1008000000.0,6503000000.0,5.38,5.33,1208000000.0,1220000000.0,4299000000.0,5000000.0,5511000000.0,7930000000.0,2860000000.0,2333000000.0,4430000000.0,22170000000.0,,2546000000.0,6803000000.0,,7091000000.0,38610000000.0,16075000000.0,11915000000.0,1277000000.0,29096000000.0,,,,4778000000.0,,-2461000000.0,-260000000.0,-1650000000.0,38610000000.0,785000000.0,330000000.0,-605000000.0,80000000.0,2164000000.0,,,,,,6409000000.0,,,,,854000000.0,582000000.0,,,-1012000000.0,,,-5962000000.0,-565000000.0,1548000000.0
2022-01-31,17028000000.0,13643000000.0,,418000000.0,1468000000.0,15669000000.0,1359000000.0,-32000000.0,1327000000.0,241000000.0,1086000000.0,1.0,0.99,1081000000.0,1094000000.0,3394000000.0,5000000.0,5180000000.0,9018000000.0,2886000000.0,2441000000.0,4840000000.0,22432000000.0,,2619000000.0,6821000000.0,,7040000000.0,38912000000.0,18070000000.0,11440000000.0,1234000000.0,30199000000.0,,,,4673000000.0,,-3369000000.0,-16000000.0,-2328000000.0,38912000000.0,197000000.0,133000000.0,5000000.0,-337000000.0,1277000000.0,,,,,,1657000000.0,,,,,21000000.0,273000000.0,,,-280000000.0,,,-2282000000.0,-905000000.0,
2022-04-30,33518000000.0,26800000000.0,,843000000.0,2932000000.0,30881000000.0,2637000000.0,-71000000.0,2566000000.0,480000000.0,2086000000.0,1.96,1.94,1066000000.0,1078000000.0,4477000000.0,,5405000000.0,8944000000.0,2810000000.0,1761000000.0,4689000000.0,23515000000.0,,2613000000.0,6801000000.0,,6972000000.0,39901000000.0,17004000000.0,11208000000.0,1237000000.0,28906000000.0,,,,4589000000.0,,-3336000000.0,347000000.0,-1898000000.0,39901000000.0,390000000.0,203000000.0,-5000000.0,-91000000.0,1270000000.0,,,,,,2165000000.0,,,,,24000000.0,452000000.0,,,-462000000.0,,,-1525000000.0,178000000.0,
2022-07-31,48182000000.0,38564000000.0,,1211000000.0,4075000000.0,44273000000.0,3909000000.0,-141000000.0,3768000000.0,563000000.0,3205000000.0,3.05,3.01,1052000000.0,1064000000.0,5386000000.0,,4427000000.0,8192000000.0,2605000000.0,2173000000.0,4991000000.0,22996000000.0,,2626000000.0,6809000000.0,,6816000000.0,39247000000.0,15514000000.0,10590000000.0,1317000000.0,26809000000.0,,,,4462000000.0,,-3695000000.0,237000000.0,-2318000000.0,39247000000.0,571000000.0,273000000.0,47000000.0,-1076000000.0,570000000.0,,,,,,2559000000.0,,,,,24000000.0,647000000.0,,,-673000000.0,,,-799000000.0,1087000000.0,
2022-10-31,62983000000.0,50648000000.0,,1593000000.0,5264000000.0,58307000000.0,4676000000.0,-235000000.0,4441000000.0,1238000000.0,3203000000.0,3.09,3.05,1038000000.0,1050000000.0,3145000000.0,,4546000000.0,7595000000.0,2038000000.0,1377000000.0,4515000000.0,19801000000.0,,2774000000.0,8541000000.0,,7471000000.0,38587000000.0,15284000000.0,10651000000.0,1393000000.0,26153000000.0,,,,4556000000.0,,-4413000000.0,313000000.0,-2918000000.0,38587000000.0,780000000.0,343000000.0,574000000.0,-1260000000.0,-233000000.0,,,,,,4463000000.0,,,,,2755000000.0,791000000.0,,,-3549000000.0,,,-2068000000.0,-1154000000.0,749000000.0
2023-01-31,13828000000.0,11019000000.0,,403000000.0,1331000000.0,13063000000.0,765000000.0,-181000000.0,584000000.0,97000000.0,487000000.0,0.49,0.49,989000000.0,996000000.0,1405000000.0,,4312000000.0,7344000000.0,2453000000.0,1279000000.0,3880000000.0,17305000000.0,,2764000000.0,8592000000.0,,7487000000.0,36148000000.0,13512000000.0,11119000000.0,1379000000.0,25053000000.0,,,,4488000000.0,,-4540000000.0,-456000000.0,-3730000000.0,36148000000.0,209000000.0,167000000.0,-136000000.0,-244000000.0,-218000000.0,,,,,,-16000000.0,,,,,0.0,192000000.0,,,-435000000.0,,,-925000000.0,-1376000000.0,
2023-04-30,26741000000.0,21003000000.0,,813000000.0,2729000000.0,25214000000.0,1527000000.0,-341000000.0,1186000000.0,-464000000.0,1553000000.0,1.57,1.56,991000000.0,998000000.0,1923000000.0,,4137000000.0,7221000000.0,3092000000.0,1299000000.0,3725000000.0,17023000000.0,,2771000000.0,8618000000.0,,7954000000.0,36366000000.0,13317000000.0,10477000000.0,1377000000.0,24034000000.0,,,,4456000000.0,,-3470000000.0,-368000000.0,-2484000000.0,36366000000.0,421000000.0,262000000.0,-817000000.0,-426000000.0,-354000000.0,,,,,,620000000.0,,,,,5000000.0,322000000.0,,,-441000000.0,,,-1384000000.0,-1205000000.0,
2023-07-31,39901000000.0,31378000000.0,,1167000000.0,4031000000.0,37459000000.0,2442000000.0,-357000000.0,2085000000.0,-204000000.0,2289000000.0,2.31,2.29,993000000.0,1002000000.0,1673000000.0,,4367000000.0,7197000000.0,3054000000.0,1868000000.0,4181000000.0,17463000000.0,,2783000000.0,8614000000.0,,7772000000.0,36632000000.0,14123000000.0,10624000000.0,1379000000.0,25190000000.0,,,,4451000000.0,,-3336000000.0,-354000000.0,-2245000000.0,36632000000.0,638000000.0,353000000.0,-774000000.0,-180000000.0,-364000000.0,,,,,,1596000000.0,,,,,5000000.0,459000000.0,,,-570000000.0,,,-2453000000.0,-1427000000.0,
2023-10-31,53718000000.0,42210000000.0,,1578000000.0,5357000000.0,50262000000.0,3456000000.0,-519000000.0,2937000000.0,-326000000.0,3263000000.0,3.29,3.26,992000000.0,1000000000.0,3107000000.0,,4237000000.0,6862000000.0,3111000000.0,1349000000.0,3646000000.0,17977000000.0,,2827000000.0,8591000000.0,,7609000000.0,37004000000.0,14046000000.0,10212000000.0,1424000000.0,24488000000.0,,,,4331000000.0,,-2361000000.0,-223000000.0,-1069000000.0,37004000000.0,850000000.0,438000000.0,-923000000.0,-278000000.0,-668000000.0,,,,,,3571000000.0,,,,,7000000.0,609000000.0,,,-590000000.0,,,-2894000000.0,87000000.0,398000000.0
2024-01-31,13185000000.0,10297000000.0,2888000000.0,399000000.0,1383000000.0,1953000000.0,935000000.0,-142000000.0,793000000.0,171000000.0,622000000.0,0.63,0.62,995000000.0,1002000000.0,2263000000.0,,3804000000.0,6928000000.0,3230000000.0,1419000000.0,3709000000.0,16858000000.0,,2807000000.0,8610000000.0,,7571000000.0,35846000000.0,13255000000.0,10243000000.0,1424000000.0,23857000000.0,,,,4328000000.0,,-2771000000.0,-458000000.0,-1640000000.0,35846000000.0,205000000.0,177000000.0,-5000000.0,-446000000.0,47000000.0,,,,,,121000000.0,,,,,,158000000.0,,,-228000000.0,,,-708000000.0,-815000000.0,
2024-04-30,25985000000.0,20074000000.0,5911000000.0,835000000.0,2845000000.0,4024000000.0,1887000000.0,-297000000.0,1590000000.0,361000000.0,1229000000.0,1.24,1.23,990000000.0,996000000.0,2442000000.0,,4319000000.0,7512000000.0,3180000000.0,1696000000.0,4245000000.0,18593000000.0,,2794000000.0,8590000000.0,,7456000000.0,37433000000.0,14362000000.0,10212000000.0,1409000000.0,24839000000.0,,,,4183000000.0,,-2257000000.0,-332000000.0,-916000000.0,37433000000.0,414000000.0,271000000.0,0.0,106000000.0,678000000.0,,,,,,702000000.0,,,,,0.0,277000000.0,,,-277000000.0,,,-1140000000.0,-715000000.0,
2024-07-31,39504000000.0,30687000000.0,8817000000.0,1248000000.0,4249000000.0,5990000000.0,2827000000.0,-410000000.0,2417000000.0,548000000.0,1869000000.0,1.9,1.88,986000000.0,994000000.0,2785000000.0,,4659000000.0,7790000000.0,3131000000.0,1546000000.0,3988000000.0,19315000000.0,,2831000000.0,8606000000.0,,7307000000.0,38059000000.0,15447000000.0,10200000000.0,1377000000.0,27043000000.0,,,,4179000000.0,,-2729000000.0,-415000000.0,-1392000000.0,38059000000.0,622000000.0,367000000.0,69000000.0,447000000.0,953000000.0,,,,,,2126000000.0,,,,,15000000.0,439000000.0,,,-514000000.0,,,-1966000000.0,-354000000.0,
2024-10-31,53559000000.0,41741000000.0,11818000000.0,1640000000.0,5658000000.0,8000000000.0,3818000000.0,-539000000.0,3279000000.0,504000000.0,2775000000.0,2.83,2.81,979000000.0,989000000.0,3238000000.0,,5117000000.0,7720000000.0,3280000000.0,2180000000.0,4670000000.0,20760000000.0,,2914000000.0,8627000000.0,,7608000000.0,39909000000.0,16903000000.0,10378000000.0,1446000000.0,28687000000.0,,,,4282000000.0,,-2676000000.0,-434000000.0,-1323000000.0,39909000000.0,830000000.0,452000000.0,-122000000.0,929000000.0,852000000.0,,,,,,3749000000.0,,,,,58000000.0,592000000.0,,,-646000000.0,,,-3082000000.0,21000000.0,649000000.0
,,,,,,,,,,,,,,,,,,,,,,,,,,,,,,,,,,,,,,,,,,,,,,,,,,,,,,,,,,,,,,,,,,,
