Date,Net sales,Cost of sales,Gross margin,Research and development,"Selling, general and administrative",Total operating expenses,Operating income,"Other income/(expense), net",Income before provision for income taxes,Provision for income taxes,Net income,Earnings per share basic,Earnings per share diluted,Weighted-average basic,Weighted-average diluted,Cash and cash equivalents,Short-term marketable securities,"Accounts receivable, net",Inventories,Deferred tax assets,Vendor non-trade receivables,Other current assets,Total current assets,Long-term marketable securities,"Property, Plant and Equipment, Net",Goodwill,"Acquired intangible assets, net","Other Assets, Noncurrent",Total assets,accounts payable,Accrued expenses,Deferred revenue,Total current liabilities,Deferred revenue - non-current,deferred tax liabilities,long term taxes payable,Total other non-current liabilities,Total liabilities,Retained Earnings (Accumulated Deficit),Accumulated other comprehensive (loss)/income,Total shareholders equity,Total liabilities and shareholders' equity,"Depreciation, amortization and accretion",Stock-based compensation expense,Deferred income tax expense,"Increase (Decrease) in Accounts receivable, net",Increase (Decrease) in Inventories,Increase (Decrease) in Other Receivables,Increase (Decrease) in Other Operating Assets,Increase (Decrease) in Accounts Payable,Increase (Decrease) in Deferred Revenue,Increase (Decrease) Other liabilities,Cash generated by operating activities,Purchases of marketable securities,Proceeds from maturities of marketable securities,Proceeds from sales of marketable securities,Purchases of other long-term investments,"Business acquisitions, net of cash acquired",Cash payments for capital asset purchases,Payments for acquisition of intangible assets,Payments for (Proceeds from) Other Investing Activities,Cash used in investing activities,Proceeds from issuance of common stock,Excess tax benefits from stock-based compensation,Cash generated/used in financing activities,Increase/(decrease) in cash and cash equivalents,"Cash paid for income taxes, net"
2010-07-25,5157680000.0,,883769000.0,,438837000.0,,,2176000.0,,159307000.0,274439000.0,2.06,2.03,133461000.0,135368000.0,376917000.0,50214000.0,383892000.0,790875000.0,71501000.0,,17420000.0,1710582000.0,,928163000.0,628820000.0,144268000.0,164228000.0,3845026000.0,297110000.0,33515000.0,,1016111000.0,,,,87544000.0,,2483635000.0,-188175000.0,2303258000.0,3845026000.0,,11868000.0,1285000.0,11600000.0,71013000.0,,,,,,271622000.0,0.0,,,,,63754000.0,,,-169502000.0,,7243000.0,-110455000.0,-8335000.0,
2010-10-31,7220719000.0,,1238742000.0,,605293000.0,,,4565000.0,,224775000.0,395587000.0,2.97,2.92,133366000.0,135349000.0,467845000.0,50595000.0,430939000.0,793771000.0,70703000.0,,23635000.0,1858166000.0,,922103000.0,629023000.0,141522000.0,155017000.0,4053918000.0,361287000.0,46408000.0,,1101213000.0,,,,91068000.0,,2568774000.0,-175910000.0,2400657000.0,4053918000.0,,14402000.0,29429000.0,58647000.0,73909000.0,,,,,,485532000.0,0.0,,,,,89823000.0,,,-258476000.0,,10298000.0,-144463000.0,82593000.0,
2011-01-30,1921558000.0,,374005000.0,,145161000.0,,,441000.0,,79576000.0,148826000.0,0.56,0.55,266560000.0,271740000.0,598813000.0,50719000.0,406677000.0,787280000.0,69474000.0,,22655000.0,1949230000.0,,915632000.0,630707000.0,139023000.0,155567000.0,4122948000.0,267814000.0,52661000.0,,1020203000.0,,,,94527000.0,,2683690000.0,-161794000.0,2547713000.0,4122948000.0,,8240000.0,3692000.0,-24262000.0,-6491000.0,,,,,,165332000.0,,,,,,16737000.0,,,-18521000.0,,4395000.0,-15843000.0,130968000.0,
2011-05-01,3880599000.0,,700232000.0,,305297000.0,,,2413000.0,,136422000.0,258405000.0,0.97,0.95,267207000.0,272847000.0,913704000.0,51002000.0,405792000.0,810388000.0,71438000.0,,17937000.0,2287204000.0,,905521000.0,630707000.0,136603000.0,150903000.0,4451417000.0,277116000.0,45559000.0,,1005936000.0,,,,95176000.0,,2759116000.0,-149099000.0,2637815000.0,4451417000.0,,12242000.0,-3187000.0,-25147000.0,16617000.0,,,,,,275919000.0,,,,,,35892000.0,,,-32463000.0,,10255000.0,202403000.0,445859000.0,
2011-07-31,5791191000.0,,998087000.0,,461892000.0,,,2552000.0,538497000.0,177796000.0,356886000.0,1.34,1.31,266925000.0,272759000.0,497364000.0,76125000.0,427927000.0,865875000.0,70299000.0,,10842000.0,1977121000.0,,895895000.0,630707000.0,134330000.0,147196000.0,4149529000.0,301578000.0,42787000.0,,700963000.0,,,,73693000.0,,2806391000.0,-154554000.0,2659640000.0,4149529000.0,,14820000.0,5040000.0,-3012000.0,72104000.0,,,,,,319425000.0,,,,,,56253000.0,,,-72954000.0,,13590000.0,-216952000.0,29519000.0,
2011-10-30,7895089000.0,,1334113000.0,29400000.0,618586000.0,,,-786000.0,718836000.0,239640000.0,,1.78,1.74,266394000.0,271915000.0,463130000.0,76077000.0,461110000.0,885823000.0,129017000.0,,8417000.0,1998231000.0,,907090000.0,630884000.0,132046000.0,140420000.0,4244391000.0,390171000.0,40539000.0,,778186000.0,,,,82701000.0,,2824331000.0,-175483000.0,2656582000.0,4244391000.0,124165000.0,17229000.0,6752000.0,30171000.0,92052000.0,,,,,,490479000.0,0.0,,,,,96911000.0,,,-170985000.0,,15205000.0,-324209000.0,,
2012-01-29,2039439000.0,,337409000.0,,152477000.0,,,1590000.0,194309000.0,64976000.0,,0.49,0.48,263946000.0,269608000.0,548618000.0,76383000.0,422505000.0,882828000.0,69485000.0,,8960000.0,2021731000.0,,908282000.0,630875000.0,129620000.0,142582000.0,4270294000.0,308721000.0,69177000.0,,724586000.0,,,,81541000.0,,2912503000.0,-185336000.0,2734898000.0,4270294000.0,,6240000.0,-201000.0,-38605000.0,-2995000.0,,,,,,152160000.0,,,,,,30458000.0,,,-28573000.0,,1929000.0,-38903000.0,,
2012-04-29,4052298000.0,,673016000.0,,301161000.0,,,3928000.0,388103000.0,129835000.0,,0.97,0.95,263778000.0,269334000.0,524779000.0,76811000.0,439348000.0,912672000.0,69485000.0,,8345000.0,2060075000.0,,908529000.0,630875000.0,127593000.0,138977000.0,4314663000.0,318432000.0,53729000.0,,699968000.0,,,,82699000.0,,2980353000.0,-187529000.0,2800537000.0,4314663000.0,,11129000.0,-793000.0,-21762000.0,26849000.0,,,,,,213031000.0,,,,,,58217000.0,,,-51836000.0,,4634000.0,-100612000.0,,
2012-07-29,6060486000.0,,980072000.0,,446183000.0,,,4772000.0,557597000.0,186922000.0,367449000.0,1.39,1.37,263638000.0,269138000.0,533217000.0,77013000.0,474425000.0,927047000.0,68086000.0,,5806000.0,2117258000.0,,915792000.0,630875000.0,125367000.0,132482000.0,4382619000.0,289212000.0,43701000.0,,676710000.0,,,,82608000.0,,3050070000.0,-168896000.0,2888887000.0,4382619000.0,,14191000.0,183000.0,13315000.0,41224000.0,,,,,,284053000.0,,,,,,93915000.0,,,-72912000.0,,6827000.0,-141864000.0,,
2012-10-28,8230670000.0,,1331851000.0,29800000.0,605868000.0,,,6520000.0,758335000.0,253374000.0,500050000.0,1.9,1.86,263466000.0,268891000.0,682388000.0,77387000.0,507041000.0,950521000.0,212805000.0,,5555000.0,2320684000.0,,924480000.0,630875000.0,123072000.0,134024000.0,4563966000.0,385877000.0,49792000.0,,786300000.0,,,,87313000.0,,3135317000.0,-323569000.0,2819455000.0,4563966000.0,119494000.0,16710000.0,4668000.0,45931000.0,64698000.0,,,,,,517781000.0,,,,,,132303000.0,,,-106764000.0,,8847000.0,-192749000.0,,
2013-01-27,2116241000.0,,344193000.0,,155831000.0,,,1810000.0,196921000.0,65876000.0,129716000.0,0.49,0.48,263944000.0,269140000.0,887677000.0,,466536000.0,953682000.0,70402000.0,,8272000.0,2399845000.0,,916194000.0,630875000.0,120882000.0,132866000.0,4622830000.0,324367000.0,58027000.0,,737386000.0,,,,88483000.0,,3220347000.0,-324458000.0,2927138000.0,4622830000.0,,5576000.0,-2395000.0,-40505000.0,3161000.0,,,,,,141813000.0,,,,,,22053000.0,,,66343000.0,,13261000.0,-2955000.0,,
2013-04-28,4268927000.0,,696994000.0,,328897000.0,,,2926000.0,381824000.0,124138000.0,255236000.0,0.97,0.95,264868000.0,270780000.0,262748000.0,,462239000.0,998931000.0,71284000.0,,7920000.0,1832340000.0,,957759000.0,932114000.0,382816000.0,140902000.0,4667641000.0,315040000.0,42871000.0,,707894000.0,,,,79464000.0,,3300597000.0,-325172000.0,3009859000.0,4667641000.0,,11906000.0,-266000.0,-44802000.0,-816000.0,,,,,,257558000.0,,,,,,45494000.0,,,-631769000.0,,18138000.0,-45580000.0,,
2013-07-28,6428452000.0,,1027300000.0,,479896000.0,,,2471000.0,558900000.0,187309000.0,368871000.0,1.39,1.37,264605000.0,270769000.0,329496000.0,,514398000.0,1003736000.0,76502000.0,,9723000.0,1951590000.0,,949021000.0,934472000.0,380410000.0,138944000.0,4761249000.0,369887000.0,32467000.0,,789484000.0,,,,78222000.0,,3363363000.0,-325565000.0,3045535000.0,4761249000.0,,16429000.0,-6009000.0,7357000.0,4060000.0,,,,,,428849000.0,,,,,,68731000.0,,,-654879000.0,,18930000.0,-126896000.0,,
2013-10-27,8751654000.0,,1412816000.0,29900000.0,627340000.0,,,4971000.0,798507000.0,268431000.0,526211000.0,1.99,1.95,264317000.0,270224000.0,434014000.0,,551500000.0,967977000.0,98629000.0,,7379000.0,2047413000.0,,955333000.0,934472000.0,378093000.0,142339000.0,4915880000.0,387284000.0,20965000.0,,784009000.0,,,,84062000.0,,3452529000.0,-149214000.0,3311040000.0,4915880000.0,124850000.0,17596000.0,1067000.0,44459000.0,-31699000.0,,,,,,637805000.0,,,,,,106762000.0,,,-691074000.0,,23406000.0,-195521000.0,,
2014-01-26,2242672000.0,,398642000.0,,166189000.0,,244998000.0,1173000.0,235271000.0,80813000.0,153348000.0,0.58,0.57,263752000.0,270224000.0,639844000.0,,505024000.0,924500000.0,73543000.0,,10034000.0,2166833000.0,,967521000.0,962102000.0,378361000.0,144408000.0,5067170000.0,354832000.0,45757000.0,,824525000.0,,,,84765000.0,,3553213000.0,-150986000.0,3417754000.0,5067170000.0,,4957000.0,428000.0,-46476000.0,-46161000.0,,,,,,314292000.0,,,,,,37038000.0,,,-70133000.0,,4111000.0,-37285000.0,,
2014-04-27,4487538000.0,,777400000.0,,331974000.0,,468090000.0,867000.0,448428000.0,153264000.0,293438000.0,1.11,1.09,263926000.0,270410000.0,499330000.0,,515161000.0,1053501000.0,71749000.0,,5975000.0,2172612000.0,,976247000.0,962204000.0,376058000.0,142734000.0,5085824000.0,339354000.0,43385000.0,,751994000.0,,,,85213000.0,,3640464000.0,-142318000.0,3505916000.0,5085824000.0,,10944000.0,2639000.0,-36339000.0,82840000.0,,,,,,275035000.0,,,,,,77063000.0,,,-112445000.0,,10038000.0,-97136000.0,,
2014-07-27,6772485000.0,,1141399000.0,,485009000.0,,692729000.0,2470000.0,661410000.0,227232000.0,431413000.0,1.63,1.6,263983000.0,270400000.0,530977000.0,,536505000.0,1076892000.0,71741000.0,,9164000.0,2245041000.0,,978150000.0,962577000.0,373716000.0,143231000.0,5188433000.0,358016000.0,45211000.0,,785099000.0,,,,86379000.0,,3715339000.0,-151771000.0,3571303000.0,5188433000.0,,12690000.0,2382000.0,-14995000.0,106231000.0,,,,,,394366000.0,,,,,,111827000.0,,,-144230000.0,,17814000.0,-152118000.0,,
2014-10-26,9316256000.0,,1564983000.0,29900000.0,650948000.0,,961705000.0,3236000.0,922152000.0,316126000.0,602677000.0,2.28,2.23,263812000.0,270216000.0,334174000.0,,609526000.0,1054552000.0,62851000.0,,6738000.0,2132771000.0,,1001767000.0,1226406000.0,554890000.0,145050000.0,5455619000.0,484042000.0,76836000.0,,954692000.0,,24002000.0,,112176000.0,,3805654000.0,-207700000.0,3605678000.0,5455619000.0,130044000.0,14393000.0,9800000.0,20486000.0,21645000.0,,,,,,746879000.0,,,,,,159138000.0,,,-616775000.0,,24700000.0,-229370000.0,,
2015-01-25,2395073000.0,,444605000.0,,180299000.0,,268507000.0,1149000.0,264037000.0,91607000.0,171718000.0,0.65,0.64,263676000.0,270061000.0,527097000.0,,578238000.0,1016788000.0,86853000.0,,7821000.0,2246331000.0,,997237000.0,1225449000.0,552820000.0,147133000.0,5559623000.0,407419000.0,96453000.0,,937304000.0,,29863000.0,,105491000.0,,3911548000.0,-200037000.0,3726790000.0,5559623000.0,,5524000.0,1161000.0,-31288000.0,-36824000.0,,,,,,246502000.0,,,,,,27674000.0,,,-2811000.0,,2963000.0,-49362000.0,,
2015-04-26,4674418000.0,,904161000.0,,370032000.0,,555794000.0,2266000.0,539768000.0,186903000.0,351919000.0,1.33,1.3,264028000.0,270444000.0,624395000.0,,578726000.0,963481000.0,86853000.0,,5691000.0,2302431000.0,,990068000.0,1228933000.0,550854000.0,147201000.0,5622998000.0,385855000.0,63619000.0,,870182000.0,,43832000.0,,108427000.0,,4025770000.0,-199757000.0,3840632000.0,5622998000.0,,12549000.0,13441000.0,-27316000.0,-90131000.0,,,,,,445737000.0,,,,,,54984000.0,,,-38555000.0,,10760000.0,-115239000.0,,
2015-07-26,6863005000.0,,1313551000.0,,554659000.0,,792409000.0,2455000.0,767987000.0,268166000.0,498857000.0,1.89,1.85,264258000.0,270602000.0,349169000.0,,549056000.0,984452000.0,81407000.0,,6850000.0,2003776000.0,,1001810000.0,1978907000.0,548967000.0,145260000.0,6091081000.0,393795000.0,64212000.0,,1245107000.0,,40582000.0,,110713000.0,,4106566000.0,-191843000.0,3932786000.0,6091081000.0,,14260000.0,9619000.0,-78970000.0,-89375000.0,,,,,,690245000.0,,,,,,96802000.0,,,-846693000.0,,14139000.0,173932000.0,14995000.0,
2015-10-25,9263863000.0,,1808581000.0,32000000.0,743611000.0,,1067320000.0,2934000.0,1057143000.0,369879000.0,686088000.0,2.6,2.54,264072000.0,270501000.0,347239000.0,,605689000.0,993265000.0,22806000.0,,9422000.0,2063032000.0,,1011739000.0,1699484000.0,827219000.0,146498000.0,6139831000.0,495317000.0,71777000.0,,1214025000.0,,64096000.0,,101056000.0,,4216125000.0,-225668000.0,3998198000.0,6139831000.0,133434000.0,15717000.0,19979000.0,-22451000.0,-82437000.0,,,,,,991992000.0,,,,,,144063000.0,,,-900947000.0,,22950000.0,-70627000.0,13065000.0,
2016-01-24,2292672000.0,,558011000.0,,209948000.0,,359538000.0,-1963000.0,354168000.0,119001000.0,235061000.0,0.44,0.43,528862000.0,542737000.0,375215000.0,,554738000.0,994826000.0,,,7484000.0,1946083000.0,,1014003000.0,1699361000.0,825069000.0,144875000.0,6040889000.0,411031000.0,84262000.0,,1020098000.0,,,,95663000.0,,4374596000.0,-227739000.0,4160288000.0,6040889000.0,,7162000.0,-1735000.0,-50951000.0,1439000.0,,,,,,278691000.0,,,,,,33480000.0,,,-20981000.0,,20149000.0,-227474000.0,27976000.0,
2016-04-24,4592907000.0,,1084370000.0,,421092000.0,,683355000.0,3409000.0,678365000.0,227814000.0,450458000.0,0.85,0.83,529898000.0,543769000.0,379881000.0,,548497000.0,1027440000.0,,,5356000.0,1975082000.0,,1048930000.0,1698370000.0,823130000.0,145730000.0,6110345000.0,389418000.0,71013000.0,,937384000.0,,,,99480000.0,,4513097000.0,-225666000.0,4306483000.0,6110345000.0,,14178000.0,-2397000.0,-57191000.0,34052000.0,,,,,,409135000.0,,,,,,99852000.0,,,-84965000.0,,36456000.0,-289410000.0,32642000.0,
2016-07-24,6895283000.0,,1559655000.0,,627968000.0,,958145000.0,3920000.0,952482000.0,306155000.0,646112000.0,1.22,1.19,529660000.0,542890000.0,379597000.0,,564922000.0,1034307000.0,,,8432000.0,2010105000.0,,1052918000.0,1921971000.0,815236000.0,146273000.0,6388297000.0,414691000.0,87838000.0,,1128727000.0,,,,99568000.0,,4607360000.0,-224361000.0,4390751000.0,6388297000.0,,16091000.0,4428000.0,-47767000.0,60579000.0,,,,,,621686000.0,,,,,,165828000.0,,,-327879000.0,,39190000.0,-256297000.0,32358000.0,
2016-10-30,9523224000.0,,2158175000.0,34700000.0,871974000.0,,1323895000.0,6191000.0,1317215000.0,426698000.0,890052000.0,1.68,1.64,529290000.0,542473000.0,415143000.0,,591310000.0,985683000.0,6223000.0,,5719000.0,2029912000.0,,1105449000.0,1834497000.0,903258000.0,182237000.0,6370067000.0,481826000.0,82145000.0,,1053196000.0,,,,93109000.0,,4736567000.0,-296303000.0,4448006000.0,6370067000.0,131968000.0,17829000.0,44327000.0,-21389000.0,12281000.0,,,,,,992848000.0,,,,,,255524000.0,,,-408959000.0,,47657000.0,-509646000.0,67904000.0,
2017-01-29,2280227000.0,,552280000.0,,210217000.0,,355362000.0,2449000.0,354785000.0,119482000.0,235147000.0,0.44,0.44,528585000.0,540064000.0,609821000.0,,530851000.0,958130000.0,,,5428000.0,2119586000.0,,1035275000.0,1822671000.0,886797000.0,184666000.0,6366398000.0,387711000.0,65306000.0,,919762000.0,,6236000.0,,90351000.0,,4866374000.0,-302140000.0,4571981000.0,6366398000.0,,7240000.0,11215000.0,-36507000.0,17513000.0,,,,,,177619000.0,,,,,,37895000.0,,,105571000.0,,17630000.0,-82189000.0,194678000.0,
2017-04-30,4467536000.0,,1039200000.0,,391226000.0,,671394000.0,5267000.0,670612000.0,224423000.0,446073000.0,0.84,0.83,528712000.0,539850000.0,548901000.0,,525322000.0,988408000.0,,,5242000.0,2125791000.0,,1043566000.0,1822671000.0,884739000.0,183932000.0,6385707000.0,372361000.0,57137000.0,,824587000.0,,7520000.0,,90180000.0,,4974512000.0,-299151000.0,4683104000.0,6385707000.0,,11861000.0,11336000.0,-42036000.0,47792000.0,,,,,,261156000.0,,,,,,76975000.0,,,62795000.0,,20704000.0,-186507000.0,133758000.0,
2017-07-30,6674911000.0,,1491609000.0,,567886000.0,,951099000.0,6643000.0,948636000.0,319896000.0,628581000.0,1.19,1.17,528487000.0,539504000.0,633341000.0,,549011000.0,1013214000.0,,,4433000.0,2217095000.0,,1054096000.0,1822671000.0,882717000.0,184364000.0,6507965000.0,421170000.0,71284000.0,,877771000.0,,9571000.0,,88336000.0,,5033945000.0,-291964000.0,4749713000.0,6507965000.0,,13867000.0,11359000.0,-18348000.0,72598000.0,,,,,,511473000.0,,,,,,118511000.0,,,18811000.0,,24859000.0,-311632000.0,218198000.0,
2017-10-29,9167519000.0,,2003163000.0,34200000.0,762104000.0,,1280469000.0,10859000.0,1278645000.0,431542000.0,846735000.0,1.6,1.57,528363000.0,539116000.0,444122000.0,,618351000.0,921022000.0,,,4538000.0,2026523000.0,,1203251000.0,2119813000.0,1027014000.0,184948000.0,6975908000.0,552714000.0,76966000.0,,1058212000.0,,98410000.0,,99340000.0,,5162571000.0,-248075000.0,4935907000.0,6975908000.0,130977000.0,15591000.0,62166000.0,28091000.0,-41312000.0,,,,,,1010196000.0,,,,,,221286000.0,,,-593003000.0,,29513000.0,-389258000.0,28979000.0,
2018-01-28,2331293000.0,,502179000.0,,219122000.0,,306588000.0,3306000.0,305165000.0,1954000.0,303107000.0,0.57,0.56,529453000.0,543482000.0,385775000.0,,569099000.0,973221000.0,,,4417000.0,1948269000.0,,1293066000.0,2957463000.0,1023322000.0,196571000.0,7858848000.0,532847000.0,72098000.0,,1323514000.0,,114688000.0,,107894000.0,,5366501000.0,-242176000.0,5151331000.0,7858848000.0,,7339000.0,-68856000.0,-69629000.0,21255000.0,,,,,,304177000.0,,,,,,53694000.0,,,-905299000.0,,,538168000.0,-58347000.0,
2018-04-29,4661861000.0,,998865000.0,,422921000.0,,612961000.0,-2489000.0,602048000.0,61315000.0,540491000.0,1.02,1.0,529799000.0,543146000.0,261571000.0,,551392000.0,1011215000.0,,,5138000.0,1850780000.0,,1353853000.0,2731956000.0,1251296000.0,192255000.0,7829749000.0,465572000.0,62635000.0,,1148461000.0,,125425000.0,,104185000.0,,5504221000.0,-235753000.0,5287205000.0,7829749000.0,,11391000.0,-74486000.0,-87141000.0,59094000.0,,,,,,443341000.0,,,,,,141160000.0,,,-986460000.0,,,355861000.0,-182551000.0,
2018-07-29,7021003000.0,,1458037000.0,,633668000.0,,874527000.0,5418000.0,859780000.0,108694000.0,750734000.0,1.42,1.38,530606000.0,543762000.0,268982000.0,,559181000.0,1001044000.0,,,5920000.0,1854310000.0,,1410310000.0,2734575000.0,1236897000.0,192769000.0,7895373000.0,488978000.0,58416000.0,,1096831000.0,,139192000.0,,104083000.0,,5615053000.0,-259208000.0,5391601000.0,7895373000.0,,17656000.0,-56110000.0,-78730000.0,48927000.0,,,,,,743205000.0,,,,,,243975000.0,,,-1095970000.0,,,177277000.0,-175140000.0,
2018-10-28,,7550267000.0,1995433000.0,33800000.0,838205000.0,,1198921000.0,8857000.0,1181284000.0,168702000.0,1012140000.0,1.91,1.86,530742000.0,543869000.0,459136000.0,,600438000.0,963527000.0,,,6662000.0,2050100000.0,,1512600000.0,2714116000.0,1207219000.0,189951000.0,8142292000.0,618830000.0,48298000.0,,1138914000.0,,,,99070000.0,,5729956000.0,-243498000.0,5600811000.0,8142292000.0,161858000.0,20595000.0,-7441000.0,-36133000.0,8293000.0,,,,,,1241729000.0,,,,,,389607000.0,,,-1235368000.0,,,11638000.0,15014000.0,
2019-01-27,,1872021000.0,488334000.0,,193544000.0,,306248000.0,6874000.0,306975000.0,65456000.0,241425000.0,0.45,0.44,534495000.0,547118000.0,512689000.0,,565060000.0,994428000.0,,,4761000.0,2100686000.0,,1483681000.0,2716750000.0,1204991000.0,171005000.0,8155398000.0,505617000.0,50361000.0,,1435812000.0,,,,100134000.0,,5856029000.0,-292342000.0,5701709000.0,8155398000.0,,7946000.0,125000.0,-36262000.0,30901000.0,,,,,,187425000.0,,,,,,39430000.0,,,-1679000.0,,,-128899000.0,53553000.0,
2019-04-28,,3747616000.0,957483000.0,,363620000.0,,618612000.0,18171000.0,625021000.0,100866000.0,523854000.0,0.98,0.96,535480000.0,546724000.0,639327000.0,6675000.0,537447000.0,1030574000.0,,,12132000.0,2250667000.0,,1494567000.0,2486635000.0,1040392000.0,181777000.0,7935745000.0,523673000.0,59144000.0,,1051676000.0,,,,101378000.0,,6003637000.0,-278135000.0,5897336000.0,7935745000.0,,13514000.0,-37940000.0,-32634000.0,111601000.0,,,,,,365593000.0,,,,,,87621000.0,,,424827000.0,,,-610472000.0,180191000.0,
2019-07-28,,5604879000.0,1390925000.0,,543789000.0,,875269000.0,25727000.0,886021000.0,162439000.0,723303000.0,1.35,1.33,534721000.0,545709000.0,560199000.0,14064000.0,528583000.0,1108514000.0,,,11335000.0,2245968000.0,,1516386000.0,2487289000.0,1038127000.0,177529000.0,7954576000.0,513372000.0,56378000.0,,1073087000.0,,,,102140000.0,,5984305000.0,-275195000.0,5887071000.0,7954576000.0,,16707000.0,-37921000.0,-41309000.0,190064000.0,,,,,,572912000.0,,,,,,154231000.0,,,354941000.0,,,-825950000.0,101063000.0,
2019-10-27,,7612669000.0,1884648000.0,32500000.0,727584000.0,,1196265000.0,31520000.0,1209715000.0,230567000.0,978806000.0,1.83,1.8,534578000.0,545232000.0,672901000.0,14736000.0,574396000.0,1042362000.0,,,14457000.0,2361413000.0,,1629111000.0,2481645000.0,1033862000.0,177901000.0,8109004000.0,590033000.0,62031000.0,,1105049000.0,,,,115356000.0,,6128207000.0,-399500000.0,5921458000.0,8109004000.0,165210000.0,19707000.0,28641000.0,11146000.0,123843000.0,,,,,,922996000.0,,,,,,293838000.0,,,220153000.0,,,-926244000.0,213765000.0,
2020-01-26,,1916014000.0,468421000.0,,195521000.0,,280488000.0,13251000.0,290162000.0,47209000.0,242872000.0,0.45,0.45,535075000.0,544815000.0,724419000.0,14808000.0,562483000.0,1057277000.0,,,10976000.0,2394967000.0,,,2484088000.0,1031804000.0,251353000.0,8290109000.0,490042000.0,64702000.0,,1023085000.0,,,,145923000.0,,6246641000.0,-393278000.0,6091764000.0,8290109000.0,,9298000.0,49000.0,-11492000.0,14915000.0,,,,,,188418000.0,,,,,,58211000.0,,,-60504000.0,,,-77915000.0,51518000.0,
2020-04-26,,3861127000.0,945773000.0,,389433000.0,,573948000.0,9777000.0,576651000.0,106083000.0,470606000.0,0.88,0.86,538119000.0,546373000.0,606073000.0,16841000.0,536009000.0,1048992000.0,,,16410000.0,2248896000.0,,,2682839000.0,1023936000.0,238273000.0,8395181000.0,502133000.0,67481000.0,,1324595000.0,,,,139517000.0,,6336946000.0,-447908000.0,6162061000.0,8395181000.0,,15465000.0,-1607000.0,-47174000.0,-20625000.0,,,,,,548290000.0,,,,,,138563000.0,,,-423135000.0,,,-188731000.0,-66828000.0,
2020-07-26,,5820158000.0,1368198000.0,,570518000.0,,823523000.0,25289000.0,836014000.0,162186000.0,673726000.0,1.25,1.23,539108000.0,547149000.0,1729368000.0,17564000.0,648991000.0,982355000.0,,,13956000.0,3409774000.0,,,2615690000.0,1080546000.0,241947000.0,9600472000.0,537535000.0,61079000.0,,1427051000.0,,,,138543000.0,,6414813000.0,-431882000.0,6267425000.0,9600472000.0,,19189000.0,-1890000.0,66053000.0,-87030000.0,,,,,,878086000.0,,,,,,226830000.0,,,-506040000.0,,,683992000.0,1056466000.0,
2020-10-25,,7782498000.0,1825963000.0,31900000.0,761315000.0,,1100220000.0,35596000.0,1114747000.0,206393000.0,908082000.0,1.69,1.66,538007000.0,546592000.0,1714309000.0,17338000.0,702419000.0,1072762000.0,,,12438000.0,3579063000.0,,,2612727000.0,1076285000.0,250382000.0,9908282000.0,644609000.0,59136000.0,,1503965000.0,,,,157399000.0,,6523335000.0,-395250000.0,6425548000.0,9908282000.0,205781000.0,22458000.0,32039000.0,119516000.0,1839000.0,,,,,,1128024000.0,,,,,,367501000.0,,,-656316000.0,,,566172000.0,1041407000.0,
2021-01-24,,2010977000.0,450170000.0,,196380000.0,,268018000.0,17291000.0,277082000.0,54687000.0,222283000.0,0.41,0.41,539913000.0,547444000.0,1751541000.0,17520000.0,706654000.0,1086660000.0,,,8935000.0,3601663000.0,,,2617589000.0,1073455000.0,272239000.0,9957932000.0,558523000.0,50901000.0,,1417469000.0,,,,161988000.0,,6604506000.0,-360869000.0,6550532000.0,9957932000.0,,7781000.0,335000.0,3444000.0,11876000.0,,,,,,205686000.0,,,,,,40363000.0,,,-39301000.0,,,-134754000.0,37232000.0,
2021-04-25,,4141291000.0,926477000.0,,396346000.0,,557433000.0,28284000.0,569702000.0,119386000.0,450184000.0,0.83,0.82,540195000.0,547536000.0,1484533000.0,17700000.0,722185000.0,1229030000.0,,,27707000.0,3514292000.0,,,2614036000.0,1068399000.0,289059000.0,9889004000.0,577365000.0,47196000.0,,1175179000.0,,,,172626000.0,,6699336000.0,-325629000.0,6700672000.0,9889004000.0,,15834000.0,2007000.0,19823000.0,154647000.0,,,,,,361259000.0,,,,,,85544000.0,,,-87256000.0,,,-508459000.0,-229776000.0,
2021-07-25,,6581613000.0,1349825000.0,,622630000.0,,764917000.0,36740000.0,773940000.0,146549000.0,627101000.0,1.16,1.15,541746000.0,548072000.0,291363000.0,18372000.0,896008000.0,1426738000.0,,,13534000.0,2688672000.0,,,4907073000.0,1863713000.0,298071000.0,12332182000.0,654162000.0,51108000.0,,1251191000.0,,,,174473000.0,,6743701000.0,-317528000.0,6788284000.0,12332182000.0,,20313000.0,2375000.0,191783000.0,202217000.0,,,,,,437786000.0,,,,,,139361000.0,,,-3530320000.0,,,1663905000.0,-1422946000.0,
2021-10-31,,9458283000.0,1927906000.0,33600000.0,853071000.0,,1122599000.0,46878000.0,1126170000.0,217029000.0,908839000.0,1.68,1.66,541114000.0,547580000.0,613530000.0,21162000.0,895719000.0,1369198000.0,,,14943000.0,2947816000.0,,,4929102000.0,1822273000.0,299907000.0,12696329000.0,793310000.0,51192000.0,,1415654000.0,,,,162623000.0,,6881870000.0,-277269000.0,6972883000.0,12696329000.0,228406000.0,24744000.0,28677000.0,191627000.0,145176000.0,,,,,,1001934000.0,,,,,,232416000.0,,,-3625839000.0,,,1520520000.0,-1100778000.0,
2022-01-30,,2505610000.0,538749000.0,,225972000.0,,319675000.0,-22933000.0,308904000.0,69194000.0,239571000.0,0.44,0.44,542680000.0,547928000.0,824434000.0,22194000.0,812706000.0,1385705000.0,,,,3093350000.0,,,4928139000.0,1817165000.0,303577000.0,12827009000.0,,,,1415334000.0,,,,166906000.0,,6980451000.0,-265524000.0,7100589000.0,12827009000.0,,6328000.0,366000.0,-85079000.0,16251000.0,,,,,,383756000.0,,,,,,49747000.0,,,-49680000.0,,,-124019000.0,210904000.0,
2022-05-01,,5048697000.0,1092220000.0,,450631000.0,,654402000.0,-54370000.0,630772000.0,129383000.0,501188000.0,0.92,0.91,544702000.0,550036000.0,861719000.0,23478000.0,795292000.0,1597001000.0,,,56826000.0,3373557000.0,,,4935832000.0,1814501000.0,295127000.0,13122263000.0,,,,1480659000.0,,,,160401000.0,,7100730000.0,-221164000.0,7339402000.0,13122263000.0,126436000.0,16368000.0,-521000.0,-109297000.0,226422000.0,,,,,,577111000.0,,,,,,128213000.0,,,-125811000.0,,,-204001000.0,248189000.0,
2022-07-31,,7577062000.0,1598269000.0,,672777000.0,,945443000.0,-80799000.0,920608000.0,200393000.0,720103000.0,1.32,1.31,546077000.0,550167000.0,850344000.0,18314000.0,802850000.0,1679179000.0,,,,3403484000.0,,,4929337000.0,1808235000.0,292412000.0,13140418000.0,,,,1419899000.0,,,,153773000.0,,7176977000.0,-282574000.0,7361676000.0,13140418000.0,191568000.0,20933000.0,71427000.0,-96674000.0,311312000.0,,,,,,763157000.0,,,,,,189184000.0,,,-171827000.0,,,-344463000.0,236814000.0,
2022-10-30,,10294120000.0,2164686000.0,34700000.0,879265000.0,,1312607000.0,-99297000.0,1278103000.0,277877000.0,999987000.0,1.84,1.82,544918000.0,549566000.0,982107000.0,16149000.0,867593000.0,1716059000.0,,,,3637125000.0,,,4925829000.0,1803027000.0,283169000.0,13306919000.0,816604000.0,58801000.0,,1473266000.0,,,,141840000.0,,7313374000.0,-255561000.0,7535284000.0,13306919000.0,262753000.0,24943000.0,177000000.0,-28365000.0,351663000.0,,,,,,1134977000.0,,,,,,278918000.0,,,-258037000.0,,,-486684000.0,368577000.0,
2023-01-29,,2475043000.0,495949000.0,,222056000.0,,289452000.0,-29755000.0,281201000.0,63551000.0,217719000.0,0.4,0.4,546384000.0,550031000.0,599789000.0,17792000.0,787213000.0,1730086000.0,,,13218000.0,3195306000.0,,,4927923000.0,1798732000.0,292697000.0,13283047000.0,,,,1373385000.0,,,,137230000.0,,7380689000.0,-252261000.0,7613904000.0,13283047000.0,70893000.0,5202000.0,-311000.0,-79561000.0,11766000.0,,,,,,203629000.0,,,,,,37052000.0,,,-451469000.0,,,-141570000.0,-382318000.0,
2023-04-30,,4961263000.0,987369000.0,,434548000.0,,585250000.0,-63111000.0,560041000.0,125175000.0,434958000.0,0.8,0.79,546424000.0,549522000.0,580496000.0,17531000.0,761898000.0,1745793000.0,,,,3162596000.0,,,4929881000.0,1794668000.0,328010000.0,13315745000.0,,,,1305223000.0,,,,165421000.0,,7435292000.0,-244887000.0,7686507000.0,13315745000.0,141678000.0,15912000.0,-479000.0,-106129000.0,27310000.0,,,,,,411754000.0,,,,,,90581000.0,,,-511068000.0,,,-306739000.0,-401611000.0,
2023-07-30,,7426514000.0,1485417000.0,,725621000.0,,802009000.0,-164997000.0,767666000.0,170230000.0,597637000.0,1.09,1.09,546389000.0,549227000.0,669124000.0,17423000.0,786246000.0,1737865000.0,,,,3254770000.0,,,4931590000.0,1790761000.0,338741000.0,13426757000.0,703407000.0,119464000.0,,2320622000.0,,,,163768000.0,,7447567000.0,-241610000.0,7713265000.0,13426757000.0,216432000.0,20946000.0,-273000.0,-81423000.0,20536000.0,,,,,,728756000.0,,,,,,168529000.0,,,-588489000.0,,,-450977000.0,-312983000.0,
2023-10-29,,10110169000.0,1999841000.0,33700000.0,942167000.0,,1072046000.0,-214482000.0,1013472000.0,220552000.0,793572000.0,1.45,1.45,546421000.0,548982000.0,736532000.0,16664000.0,817391000.0,1680406000.0,,,,3297249000.0,,,4928464000.0,1757171000.0,370252000.0,13448772000.0,771397000.0,51679000.0,,2311776000.0,,,,191917000.0,,7492952000.0,-272252000.0,7734885000.0,13448772000.0,253311000.0,24077000.0,31794000.0,-48998000.0,-35714000.0,,,,,,1047847000.0,,,,,,270211000.0,,,-689544000.0,,,-600064000.0,-245575000.0,
2024-01-28,,2488178000.0,508733000.0,,240386000.0,,284438000.0,-34020000.0,285547000.0,66818000.0,218863000.0,0.4,0.4,547020000.0,547920000.0,963212000.0,18712000.0,751048000.0,1578191000.0,,,,3367164000.0,,,4931257000.0,1753156000.0,377623000.0,13512983000.0,,,,2260779000.0,,,,193172000.0,,7557157000.0,-250783000.0,7844111000.0,13512983000.0,64067000.0,4444000.0,-179000.0,-68094000.0,-103894000.0,,,,,,403980000.0,,,,,,47210000.0,,,-48154000.0,,,-133365000.0,226680000.0,
2024-04-28,,4871723000.0,1012539000.0,,507054000.0,,536758000.0,-94714000.0,529685000.0,121749000.0,408140000.0,0.75,0.74,547868000.0,548685000.0,1486368000.0,23074000.0,731984000.0,1673500000.0,,,,3976519000.0,,,4929034000.0,1748778000.0,412359000.0,14135373000.0,691498000.0,66235000.0,,2304811000.0,,,,220551000.0,,7591157000.0,-262325000.0,7885990000.0,14135373000.0,127696000.0,15005000.0,-468000.0,-87685000.0,-7386000.0,,,,,,640127000.0,,,,,,107175000.0,,,-112716000.0,,,221072000.0,749836000.0,
2024-07-28,,7281798000.0,1500908000.0,,766707000.0,,773452000.0,-161239000.0,755404000.0,170733000.0,584842000.0,1.07,1.07,548685000.0,549266000.0,537476000.0,24454000.0,727054000.0,1649649000.0,,,,2997446000.0,,,4923731000.0,1743615000.0,409125000.0,13113781000.0,675167000.0,74789000.0,,1309746000.0,,,,217008000.0,,7612610000.0,-314373000.0,7867119000.0,13113781000.0,191354000.0,20112000.0,-1422000.0,-89428000.0,-30596000.0,,,,,,858117000.0,,,,,,172656000.0,,,-176899000.0,,,-879823000.0,-199057000.0,
2024-10-27,,9898659000.0,2022138000.0,36100000.0,1005294000.0,,1067932000.0,-215304000.0,1035434000.0,230803000.0,805038000.0,1.47,1.47,548129000.0,548832000.0,741881000.0,24742000.0,817908000.0,1576300000.0,,,,3246476000.0,,,4923487000.0,1732705000.0,411889000.0,13434729000.0,735604000.0,66380000.0,,1399299000.0,,,,211219000.0,,7677537000.0,-263331000.0,7993420000.0,13434729000.0,257756000.0,23233000.0,87670000.0,-1899000.0,-95283000.0,,,,,,1266738000.0,,,,,,256441000.0,,,-236907000.0,,,-1030096000.0,5349000.0,
,,,,,,,,,,,,,,,,,,,,,,,,,,,,,,,,,,,,,,,,,,,,,,,,,,,,,,,,,,,,,,,,,,,
,,,,,,,,,,,,,,,,,,,,,,,,,,,,,,,,,,,,,,,,,,,,,,,,,,,,,,,,,,,,,,,,,,,
