Date,Net sales,Cost of sales,Gross margin,Research and development,"Selling, general and administrative",Total operating expenses,Operating income,"Other income/(expense), net",Income before provision for income taxes,Provision for income taxes,Net income,Earnings per share basic,Earnings per share diluted,Weighted-average basic,Weighted-average diluted,Cash and cash equivalents,Short-term marketable securities,"Accounts receivable, net",Inventories,Deferred tax assets,Vendor non-trade receivables,Other current assets,Total current assets,Long-term marketable securities,"Property, Plant and Equipment, Net",Goodwill,"Acquired intangible assets, net","Other Assets, Noncurrent",Total assets,accounts payable,Accrued expenses,Deferred revenue,Total current liabilities,Deferred revenue - non-current,deferred tax liabilities,long term taxes payable,Total other non-current liabilities,Total liabilities,Retained Earnings (Accumulated Deficit),Accumulated other comprehensive (loss)/income,Total shareholders equity,Total liabilities and shareholders' equity,"Depreciation, amortization and accretion",Stock-based compensation expense,Deferred income tax expense,"Increase (Decrease) in Accounts receivable, net",Increase (Decrease) in Inventories,Increase (Decrease) in Other Receivables,Increase (Decrease) in Other Operating Assets,Increase (Decrease) in Accounts Payable,Increase (Decrease) in Deferred Revenue,Increase (Decrease) Other liabilities,Cash generated by operating activities,Purchases of marketable securities,Proceeds from maturities of marketable securities,Proceeds from sales of marketable securities,Purchases of other long-term investments,"Business acquisitions, net of cash acquired",Cash payments for capital asset purchases,Payments for acquisition of intangible assets,Payments for (Proceeds from) Other Investing Activities,Cash used in investing activities,Proceeds from issuance of common stock,Excess tax benefits from stock-based compensation,Cash generated/used in financing activities,Increase/(decrease) in cash and cash equivalents,"Cash paid for income taxes, net"
2009-12-31,4158000000.0,,,,,4060000000.0,98000000.0,,-287000000.0,-39000000.0,-252000000.0,-0.45,-0.45,,,1642000000.0,,,,,,,,,10231000000.0,,,,12555000000.0,,,,,,,,,6205000000.0,-801000000.0,12000000.0,6189000000.0,12555000000.0,,,-38000000.0,,,,12000000.0,,,95000000.0,552000000.0,,,,,,164000000.0,,0.0,-116000000.0,767000000.0,,698000000.0,1134000000.0,
2010-03-26,823000000.0,,,,,825000000.0,-2000000.0,,-104000000.0,-22000000.0,-84000000.0,,,,,1245000000.0,,,,,,,,,10144000000.0,,,,12060000000.0,,,,,,,,,5741000000.0,-894000000.0,9000000.0,6135000000.0,12060000000.0,,,-21000000.0,,,,-15000000.0,,,-7000000.0,49000000.0,,,,,,27000000.0,,,-39000000.0,55000000.0,,-407000000.0,-397000000.0,
2010-06-18,1937000000.0,,,,,1828000000.0,110000000.0,,-78000000.0,-16000000.0,-65000000.0,,,,,1171000000.0,,,,,,,,,10054000000.0,,,,11957000000.0,,,,,,,,,5738000000.0,-887000000.0,2000000.0,6029000000.0,11957000000.0,,,-17000000.0,,,,-34000000.0,,,-21000000.0,219000000.0,,,,,,67000000.0,,,-158000000.0,55000000.0,,-532000000.0,-471000000.0,
2010-09-10,2943000000.0,,,,,2812000000.0,131000000.0,,-145000000.0,-21000000.0,-124000000.0,,,,,838000000.0,,,,,,,,,10452000000.0,,,,12095000000.0,,,,,,,,,5812000000.0,-946000000.0,9000000.0,6096000000.0,12095000000.0,,,-22000000.0,,,,-24000000.0,,,18000000.0,328000000.0,,,,,292000000.0,99000000.0,,,-498000000.0,158000000.0,,-634000000.0,-804000000.0,
2010-12-31,4437000000.0,,,,,,,,-159000000.0,,,,,,,,,,,77000000.0,,,,,10514000000.0,,,,,,,,,,,,,,,25000000.0,,,,,-36000000.0,,,,,,,,,,,,,,,,,,109000000.0,,,,4000000.0
2011-03-25,903000000.0,,,,,,,,,,,,,,,,,,,,,,,,11485000000.0,,,,,,,,,,,,,,,,,,,,,,,,,,,,,,,,,,,,,,,,,,
2011-06-17,2198000000.0,,,,,,,,,,,,,,,,,,,,,,,,11635000000.0,,,,,,,,,,,,,,,,,,,,,,,,,,,,,,,,,,,,,,,,,,
2011-09-09,3340000000.0,,,,,,,,,,,,,,,,,,,,,,,,11444000000.0,,,,,,,,,,,,,,,,,,,,,,,,,,,,,,,,,,,,,,,,,,
2011-12-31,4998000000.0,,,,,,,,-13000000.0,,,,,,,,,,,101000000.0,,,,,11383000000.0,,,,,,,,,,,,,,,-1000000.0,,,,,-11000000.0,,,,,,,,,,,,,,,,,,,,,,8000000.0
2012-03-23,985000000.0,,,,,,,,,,,,,,,,,,,,,,,,11341000000.0,,,,,,,,,,,,,,,,,,,,,,,,,,,,,,,,,,,,,,,,,,
2012-06-15,2351000000.0,,,,,,,,,,,,,,,,,,,,,,,,11347000000.0,,,,,,,,,,,,,,,,,,,,,,,,,,,,,,,,,,,,,,,,,,
2012-09-07,3555000000.0,,,,,,,,,,,,,,,,,,,,,,,,11731000000.0,,,,,,,,,,,,,,,,,,,,,,,,,,,,,,,,,,,,,,,,,,
2012-12-31,5286000000.0,,,,,,,,44000000.0,,,,,,,,,,,90000000.0,,,,,11588000000.0,,,,,,,,,,,,,,,12000000.0,,,,,17000000.0,,,,,,,,,,,,,,,,,,,,,,12000000.0
2013-03-31,1255000000.0,,,,,,,,,,,,,,,,,,,,,,,,11284000000.0,,,,,,,,,,,,,,,,,,,,,,,,,,,,,,,,,,,,,,,,,,
2013-06-30,2663000000.0,,,,,,,,,,,,,,,,,,,,,,,,11201000000.0,,,,,,,,,,,,,,,,,,,,,,,,,,,,,,,,,,,,,,,,,,
2013-09-30,3871000000.0,,,,,,,,,,,,,,,,,,,,,,,,11110000000.0,,,,,,,,,,,,,,,,,,,,,,,,,,,,,,,,,,,,,,,,,,
2013-12-31,5166000000.0,,,,,4654000000.0,512000000.0,,231000000.0,21000000.0,317000000.0,0.43,0.42,744400000.0,747900000.0,861000000.0,,,,83000000.0,,,,,10995000000.0,,,,12814000000.0,,,,,,,,,5362000000.0,-1263000000.0,-9000000.0,7228000000.0,12814000000.0,,18000000.0,6000000.0,,,,-39000000.0,,,-19000000.0,1019000000.0,,,,,166000000.0,303000000.0,,,-75000000.0,303000000.0,,-493000000.0,444000000.0,17000000.0
2014-03-31,1309000000.0,,,,,1175000000.0,134000000.0,,69000000.0,-7000000.0,179000000.0,0.24,0.24,754900000.0,785100000.0,392000000.0,,,,,,,,,10817000000.0,,,,12209000000.0,,,,,,,,,4664000000.0,-1189000000.0,-2000000.0,7311000000.0,12209000000.0,,4000000.0,-11000000.0,,,,9000000.0,,,-18000000.0,171000000.0,,,,,73000000.0,76000000.0,,,134000000.0,1000000.0,,-775000000.0,-469000000.0,
2014-06-30,2740000000.0,,,,,2381000000.0,359000000.0,,355000000.0,15000000.0,334000000.0,0.44,0.44,755400000.0,755900000.0,440000000.0,,,,,,,,,10749000000.0,,,,12215000000.0,,,,,,,,,4620000000.0,-1148000000.0,3000000.0,7348000000.0,12215000000.0,,10000000.0,-3000000.0,,,,-6000000.0,,,-10000000.0,525000000.0,,,,,73000000.0,147000000.0,,,12000000.0,3000000.0,,-960000000.0,-421000000.0,
2014-12-31,5354000000.0,,,,,4644000000.0,710000000.0,,761000000.0,14000000.0,732000000.0,0.97,0.96,755400000.0,786800000.0,684000000.0,,,,87000000.0,,,,,10575000000.0,,,,12207000000.0,,,,,,,,,4614000000.0,-1098000000.0,-50000000.0,7336000000.0,12207000000.0,,22000000.0,-1000000.0,,,,34000000.0,,,-57000000.0,1150000000.0,,,,,138000000.0,324000000.0,,,-93000000.0,4000000.0,,-1226000000.0,-177000000.0,22000000.0
2015-03-31,1317000000.0,,,,,1173000000.0,144000000.0,,95000000.0,-9000000.0,98000000.0,0.13,0.13,756000000.0,756300000.0,485000000.0,,,,,,,,,10495000000.0,,,,12010000000.0,,,,,,,,,4496000000.0,-1151000000.0,-87000000.0,7289000000.0,12010000000.0,,5000000.0,-13000000.0,,,,-13000000.0,,,-45000000.0,173000000.0,,,,,,125000000.0,,,-167000000.0,1000000.0,,-198000000.0,-199000000.0,
2015-06-30,2766000000.0,,,,,2395000000.0,371000000.0,,324000000.0,13000000.0,310000000.0,0.41,0.41,755000000.0,785500000.0,262000000.0,,,,,,,,,10776000000.0,,,,12041000000.0,,,,,,,,,4593000000.0,-1089000000.0,-84000000.0,7230000000.0,12041000000.0,,8000000.0,-1000000.0,,,,-33000000.0,,,-44000000.0,562000000.0,,,,,402000000.0,220000000.0,,,-566000000.0,,,-410000000.0,-422000000.0,
2015-09-30,4053000000.0,,,,,3550000000.0,503000000.0,,418000000.0,13000000.0,395000000.0,0.53,0.53,752100000.0,752500000.0,265000000.0,,,,,,,,,10683000000.0,,,,11980000000.0,,,,,,,,,4844000000.0,-1152000000.0,-119000000.0,6960000000.0,11980000000.0,,9000000.0,4000000.0,,,,-23000000.0,,,-46000000.0,818000000.0,,,,,402000000.0,297000000.0,,,-702000000.0,,,-521000000.0,-419000000.0,
2015-12-31,5387000000.0,,,,,4737000000.0,650000000.0,,580000000.0,9000000.0,558000000.0,0.74,0.74,752400000.0,752900000.0,239000000.0,,,,83000000.0,,,,,10661000000.0,,,,11784000000.0,,,,,,,,,4559000000.0,-1139000000.0,-107000000.0,7064000000.0,11784000000.0,,11000000.0,5000000.0,,,,-20000000.0,,,-56000000.0,1171000000.0,,,,,438000000.0,388000000.0,,,-736000000.0,2000000.0,,-865000000.0,-445000000.0,9000000.0
2016-03-31,1339000000.0,,,,,1188000000.0,151000000.0,,175000000.0,-9000000.0,182000000.0,0.24,0.24,749600000.0,749700000.0,234000000.0,,,,,,,,,10551000000.0,,,,11690000000.0,,,,,,,,,4473000000.0,-1107000000.0,-94000000.0,7020000000.0,11690000000.0,,3000000.0,-9000000.0,,,,-9000000.0,,,-17000000.0,219000000.0,,,,,,94000000.0,,,-58000000.0,,,-152000000.0,13000000.0,
2016-06-30,2798000000.0,,,,,2408000000.0,390000000.0,,558000000.0,32000000.0,529000000.0,0.71,0.71,746800000.0,747100000.0,266000000.0,,,,,,,,,10452000000.0,,,,11592000000.0,,,,,,,,,4231000000.0,-907000000.0,-71000000.0,7175000000.0,11592000000.0,,6000000.0,13000000.0,,,,2000000.0,,,-7000000.0,612000000.0,,,,,50000000.0,161000000.0,,,57000000.0,,,-627000000.0,45000000.0,
2016-09-30,4093000000.0,,,,,3559000000.0,534000000.0,,685000000.0,42000000.0,636000000.0,0.85,0.85,744800000.0,745200000.0,340000000.0,,,,,,,,,10379000000.0,,,,11542000000.0,,,,,,,,,4274000000.0,-948000000.0,-79000000.0,7091000000.0,11542000000.0,,8000000.0,29000000.0,,,,-1000000.0,,,,917000000.0,,,,,54000000.0,218000000.0,,,-13000000.0,,,-789000000.0,119000000.0,
2016-12-31,5430000000.0,,,,,4746000000.0,684000000.0,,811000000.0,40000000.0,762000000.0,1.03,1.02,743000000.0,743700000.0,372000000.0,,,,71000000.0,,,,,10145000000.0,,,,11408000000.0,,,,,,,,,4210000000.0,-1007000000.0,-83000000.0,6994000000.0,11408000000.0,,12000000.0,27000000.0,,,,-12000000.0,,,6000000.0,1303000000.0,,,,,63000000.0,293000000.0,,,-115000000.0,4000000.0,,-1037000000.0,151000000.0,15000000.0
2017-03-31,1348000000.0,,,,,1177000000.0,171000000.0,,155000000.0,-6000000.0,158000000.0,0.21,0.21,738000000.0,738200000.0,411000000.0,,,,,,,,,10382000000.0,,,,11776000000.0,,,,,,,,,4549000000.0,-992000000.0,-78000000.0,7026000000.0,11776000000.0,,3000000.0,-6000000.0,,,,12000000.0,,,-19000000.0,209000000.0,,,,,467000000.0,64000000.0,,,-384000000.0,,,208000000.0,,
2017-06-30,2789000000.0,,,,,2374000000.0,415000000.0,,394000000.0,27000000.0,368000000.0,0.5,0.5,738600000.0,738800000.0,644000000.0,,,,,,,,,10251000000.0,,,,11854000000.0,,,,,,,,,4557000000.0,-931000000.0,-77000000.0,7101000000.0,11854000000.0,,5000000.0,20000000.0,,,,23000000.0,,,-16000000.0,612000000.0,,,,,467000000.0,111000000.0,,,-380000000.0,,,55000000.0,291000000.0,
2017-09-30,4043000000.0,,,,,3501000000.0,542000000.0,,541000000.0,63000000.0,472000000.0,0.64,0.64,738800000.0,739000000.0,789000000.0,,,,,,,,,10014000000.0,,,,11771000000.0,,,,,,,,,4506000000.0,-974000000.0,-57000000.0,7079000000.0,11771000000.0,,8000000.0,37000000.0,,,,17000000.0,,,-14000000.0,864000000.0,,,,,467000000.0,155000000.0,,,-200000000.0,,,-244000000.0,425000000.0,
2017-12-31,5387000000.0,,,,,4711000000.0,676000000.0,,651000000.0,80000000.0,564000000.0,0.76,0.76,738600000.0,739100000.0,913000000.0,,,,41000000.0,,,,,9692000000.0,,,,11693000000.0,,,,,,,,,4524000000.0,-1071000000.0,-60000000.0,6973000000.0,11693000000.0,,11000000.0,38000000.0,,,,18000000.0,,,-6000000.0,1230000000.0,,,,,468000000.0,205000000.0,,,-267000000.0,,,-402000000.0,565000000.0,40000000.0
2018-03-31,1346000000.0,,,,,1175000000.0,171000000.0,,260000000.0,4000000.0,253000000.0,0.34,0.34,739200000.0,739600000.0,323000000.0,,,,,,,,,10650000000.0,,,,12064000000.0,,,,,,,,,4780000000.0,-962000000.0,-55000000.0,7099000000.0,12064000000.0,,3000000.0,,,,,-7000000.0,,,-9000000.0,248000000.0,,,,,,86000000.0,,,-955000000.0,,,119000000.0,-589000000.0,
2018-06-30,2864000000.0,,,,,2430000000.0,434000000.0,,488000000.0,21000000.0,462000000.0,0.62,0.62,739700000.0,740200000.0,646000000.0,,,,,,,,,10377000000.0,,,,12075000000.0,,,,,,,,,4736000000.0,-901000000.0,-68000000.0,7138000000.0,12075000000.0,,7000000.0,,,,,-25000000.0,,,-12000000.0,655000000.0,,,,,,143000000.0,,,-859000000.0,,,-55000000.0,-263000000.0,
2018-09-30,4163000000.0,,,,,3821000000.0,342000000.0,,908000000.0,63000000.0,784000000.0,1.06,1.06,739900000.0,740500000.0,1269000000.0,,,,,,,,,9775000000.0,,,,12155000000.0,,,,,,,,,4590000000.0,-728000000.0,-65000000.0,7322000000.0,12155000000.0,,11000000.0,,,,,7000000.0,,,31000000.0,941000000.0,,,,,,214000000.0,,,-210000000.0,,,-361000000.0,366000000.0,
2018-12-31,5524000000.0,,,,,4994000000.0,530000000.0,,1301000000.0,150000000.0,1087000000.0,1.47,1.47,739800000.0,740600000.0,1542000000.0,,,,39000000.0,,,,,9760000000.0,,,,12090000000.0,,,,,,,,,4396000000.0,-610000000.0,-59000000.0,7494000000.0,12090000000.0,,14000000.0,4000000.0,,,,5000000.0,,,46000000.0,1300000000.0,,,,,,274000000.0,,,100000000.0,,,-748000000.0,647000000.0,82000000.0
2019-03-31,1390000000.0,,,,,1174000000.0,216000000.0,,191000000.0,2000000.0,186000000.0,0.25,0.25,740600000.0,740800000.0,1082000000.0,,,,,,,,,10296000000.0,,,,12577000000.0,,,,,,,,,4910000000.0,-573000000.0,-59000000.0,7513000000.0,12577000000.0,,4000000.0,,,,,-17000000.0,,,-89000000.0,207000000.0,,,,,,58000000.0,,,-428000000.0,,,-261000000.0,-482000000.0,
2019-06-30,2873000000.0,,,,,2377000000.0,496000000.0,,497000000.0,18000000.0,472000000.0,0.64,0.64,739900000.0,740200000.0,1107000000.0,,,,,,,,,10000000000.0,,,,12525000000.0,,,,,,,,,4910000000.0,-432000000.0,-56000000.0,7467000000.0,12525000000.0,,7000000.0,1000000.0,,,,-41000000.0,,,-82000000.0,624000000.0,,,,,,118000000.0,,,-460000000.0,,,-611000000.0,-446000000.0,
2019-09-30,4135000000.0,,,,,3502000000.0,633000000.0,,873000000.0,22000000.0,840000000.0,1.14,1.14,735000000.0,735400000.0,2030000000.0,,,,,,,,,9688000000.0,,,,13132000000.0,,,,,,,,,5494000000.0,-208000000.0,-62000000.0,7499000000.0,13132000000.0,,11000000.0,-2000000.0,,,,-8000000.0,,,-75000000.0,914000000.0,,,,,,,,,-74000000.0,,,-380000000.0,459000000.0,
2019-12-31,5469000000.0,,,,,4670000000.0,799000000.0,,962000000.0,30000000.0,920000000.0,1.26,1.26,730.3,731.1,1573000000.0,,,,32000000.0,,,,,9671000000.0,,,,12305000000.0,,,,,,,,,4838000000.0,-307000000.0,-56000000.0,7319000000.0,12305000000.0,,15000000.0,7000000.0,,,,-7000000.0,,,-106000000.0,1250000000.0,,,,,,,,,58000000.0,,,-1315000000.0,-6000000.0,93000000.0
2020-03-31,1052000000.0,,,,,1063000000.0,-11000000.0,,-40000000.0,-37000000.0,-3000000.0,,,708100000.0,708100000.0,2796000000.0,,,,,,,,,9628000000.0,,,,13446000000.0,,,,,,,,,6292000000.0,-451000000.0,-72000000.0,7064000000.0,13446000000.0,,3000000.0,,,,,18000000.0,,,-11000000.0,157000000.0,,,,,,,,,-103000000.0,,,1166000000.0,1212000000.0,
2020-06-30,1155000000.0,,,,,1519000000.0,-364000000.0,,-442000000.0,-83000000.0,-355000000.0,-0.5,-0.5,706700000.0,706700000.0,1578000000.0,,,,,,,,,9613000000.0,,,,12190000000.0,,,,,,,,,5387000000.0,-802000000.0,-74000000.0,6717000000.0,12190000000.0,,7000000.0,,,,,51000000.0,,,-9000000.0,-15000000.0,,,,,,,,,-264000000.0,,,268000000.0,-17000000.0,
2020-09-30,1353000000.0,,,,,2035000000.0,-682000000.0,,-831000000.0,-156000000.0,-668000000.0,-0.95,-0.95,706100000.0,706100000.0,2430000000.0,,,,,,,,,9487000000.0,,,,13071000000.0,,,,,,,,,6584000000.0,-1115000000.0,-79000000.0,6402000000.0,13071000000.0,,11000000.0,,,,,161000000.0,,,-14000000.0,-164000000.0,,,,,,,,,-349000000.0,,,1337000000.0,818000000.0,
2020-12-31,1620000000.0,,,,,2573000000.0,-953000000.0,,-961000000.0,-220000000.0,-732000000.0,-1.04,-1.04,705.9,705.9,2335000000.0,,,,184000000.0,,,,,9416000000.0,,,,12890000000.0,,,,,,,,,6456000000.0,-1180000000.0,-74000000.0,6321000000.0,12890000000.0,,17000000.0,-165000000.0,,,,33000000.0,,,-22000000.0,-307000000.0,,,,,,,,,-195000000.0,,,1231000000.0,726000000.0,
2021-03-31,399000000.0,,,,,565000000.0,-166000000.0,,-199000000.0,-46000000.0,-152000000.0,-0.22,-0.22,705600000.0,705600000.0,2008000000.0,,,,,,,,,9506000000.0,,,,12721000000.0,,,,,,,,,6447000000.0,-1332000000.0,-77000000.0,6145000000.0,12721000000.0,,4000000.0,,,,,39000000.0,,,-7000000.0,-49000000.0,,,,,,,,,-275000000.0,,,-11000000.0,-335000000.0,
2021-06-30,1048000000.0,,,,,1282000000.0,-234000000.0,,-282000000.0,-68000000.0,-212000000.0,-0.3,-0.3,707600000.0,707600000.0,1450000000.0,,,,,,,,,10071000000.0,,,,12809000000.0,,,,,,,,,6447000000.0,-1392000000.0,-71000000.0,6232000000.0,12809000000.0,,9000000.0,,,,,64000000.0,,,-7000000.0,-40000000.0,,,,,,,,,-974000000.0,138000000.0,,127000000.0,-885000000.0,
2021-09-30,1892000000.0,,,,,2221000000.0,-329000000.0,,-415000000.0,-81000000.0,-331000000.0,-0.47,-0.47,713900000.0,713900000.0,1038000000.0,,,,,,,,,10124000000.0,,,,12712000000.0,,,,,,,,,6467000000.0,-1511000000.0,-75000000.0,6121000000.0,12712000000.0,,13000000.0,,,,,99000000.0,,,8000000.0,78000000.0,,,,,,,,,-1502000000.0,138000000.0,,127000000.0,-1297000000.0,-3000000.0
2021-12-31,2890000000.0,,,,,3140000000.0,-250000000.0,,-102000000.0,-91000000.0,-11000000.0,-0.02,-0.02,710.3,710.3,807000000.0,,,,266000000.0,,,,,9994000000.0,,,,12352000000.0,,,,,,,,,5780000000.0,-1192000000.0,-76000000.0,6441000000.0,12352000000.0,,18000000.0,-93000000.0,,,,-10000000.0,,,40000000.0,292000000.0,,,,,,,,,-1158000000.0,138000000.0,,-657000000.0,-1523000000.0,
2022-03-31,1074000000.0,,,,,952000000.0,122000000.0,,102000000.0,-16000000.0,116000000.0,0.16,0.16,714300000.0,716100000.0,266000000.0,,,,,,,,,9596000000.0,,,,11829000000.0,,,,,,,,,5101000000.0,-1098000000.0,-69000000.0,6520000000.0,11829000000.0,,5000000.0,,,,,5000000.0,,,-14000000.0,261000000.0,,,,,,,,,-92000000.0,,,-693000000.0,-523000000.0,-8000000.0
2022-06-30,2455000000.0,,,,,2006000000.0,449000000.0,,401000000.0,39000000.0,372000000.0,0.52,0.52,714800000.0,717000000.0,699000000.0,,,,,,,,,9538000000.0,,,,12044000000.0,,,,,,,,,5099000000.0,-885000000.0,-74000000.0,6777000000.0,12044000000.0,,10000000.0,,,,,-43000000.0,,,-5000000.0,708000000.0,,,,,,,,,-60000000.0,0.0,,-715000000.0,-68000000.0,-7000000.0
2022-09-30,3644000000.0,,,,,3047000000.0,597000000.0,,523000000.0,29000000.0,486000000.0,0.68,0.68,714900000.0,717600000.0,883000000.0,,,,,,,,,9481000000.0,,,,12167000000.0,,,,,,,,,5185000000.0,-856000000.0,-77000000.0,6812000000.0,12167000000.0,,19000000.0,,,,,-7000000.0,,,3000000.0,1056000000.0,,,,,,,,,-172000000.0,1000000.0,,-759000000.0,121000000.0,-7000000.0
2022-12-31,4907000000.0,,,,,4132000000.0,775000000.0,,669000000.0,26000000.0,633000000.0,0.89,0.88,714.7,717.5,667000000.0,,,,246000000.0,,,,,9748000000.0,,,,12269000000.0,,,,,,,,,5390000000.0,-939000000.0,-75000000.0,6710000000.0,12269000000.0,,26000000.0,20000000.0,,,,-20000000.0,,,14000000.0,1416000000.0,,,,,,,,,-618000000.0,1000000.0,,-874000000.0,-79000000.0,
2023-03-31,1381000000.0,,,,,1133000000.0,248000000.0,,289000000.0,-2000000.0,287000000.0,0.4,0.4,713400000.0,714900000.0,563000000.0,,,,,,,,,9720000000.0,,,,12225000000.0,,,,,,,,,5195000000.0,-739000000.0,-73000000.0,6858000000.0,12225000000.0,,7000000.0,,,,,-3000000.0,,,-42000000.0,308000000.0,,,,,,,,,-105000000.0,,,308000000.0,-104000000.0,-1000000.0
2023-06-30,2774000000.0,,,,,2277000000.0,497000000.0,,517000000.0,14000000.0,497000000.0,0.7,0.7,712300000.0,714200000.0,802000000.0,,,,,,,,,9717000000.0,,,,12365000000.0,,,,,,,,,5220000000.0,-636000000.0,-70000000.0,6972000000.0,12365000000.0,,13000000.0,,,,,-16000000.0,,,-84000000.0,820000000.0,,,,,,,,,-275000000.0,,,-396000000.0,151000000.0,2000000.0
2023-09-30,3988000000.0,,,,,3334000000.0,654000000.0,,645000000.0,27000000.0,608000000.0,0.85,0.85,711400000.0,713600000.0,916000000.0,,,,,,,,,9679000000.0,,,,12292000000.0,,,,,,,,,5261000000.0,-652000000.0,-73000000.0,6870000000.0,12292000000.0,,19000000.0,,,,,13000000.0,,,-72000000.0,1134000000.0,,,,,,,,,-263000000.0,0.0,,-606000000.0,265000000.0,5000000.0
2023-12-31,5311000000.0,,,,,4484000000.0,827000000.0,,788000000.0,36000000.0,740000000.0,1.04,1.04,709700000.0,712800000.0,1144000000.0,,,,221000000.0,,,,,9624000000.0,,,,12243000000.0,,,,,,,,,5417000000.0,-839000000.0,-70000000.0,6633000000.0,12243000000.0,,30000000.0,26000000.0,,,,3000000.0,,,-71000000.0,1441000000.0,,,,,,,,,-183000000.0,1000000.0,,-771000000.0,489000000.0,12000000.0
2024-03-31,1471000000.0,,,,,1180000000.0,291000000.0,,270000000.0,-2000000.0,268000000.0,0.38,0.38,704000000.0,705500000.0,1349000000.0,,,,,,,,,9565000000.0,,,,12464000000.0,,,,,,,,,5524000000.0,-712000000.0,-73000000.0,6736000000.0,12464000000.0,,6000000.0,,,,,-8000000.0,,,-13000000.0,365000000.0,,,,,,,,,-100000000.0,,,-44000000.0,219000000.0,2000000.0
2024-06-30,2937000000.0,,,,,2354000000.0,583000000.0,,528000000.0,16000000.0,507000000.0,0.72,0.72,704300000.0,705900000.0,805000000.0,,,,,,,,,10017000000.0,,,,12407000000.0,,,,,,,,,5418000000.0,-615000000.0,-78000000.0,6814000000.0,12407000000.0,,11000000.0,,,,,-38000000.0,,,-12000000.0,818000000.0,,,,,,,,,-775000000.0,,,-353000000.0,-314000000.0,5000000.0
2024-09-30,4256000000.0,,,,,3538000000.0,718000000.0,,618000000.0,20000000.0,589000000.0,0.84,0.84,703100000.0,704700000.0,564000000.0,,,,,,,,,10962000000.0,,,,13080000000.0,,,,,,,,,6198000000.0,-674000000.0,-75000000.0,6712000000.0,13080000000.0,,17000000.0,,,,,14000000.0,,,50000000.0,1167000000.0,,,,,,,,,-1851000000.0,,,129000000.0,-557000000.0,6000000.0
