Date,Net sales,Cost of sales,Gross margin,Research and development,"Selling, general and administrative",Total operating expenses,Operating income,"Other income/(expense), net",Income before provision for income taxes,Provision for income taxes,Net income,Earnings per share basic,Earnings per share diluted,Weighted-average basic,Weighted-average diluted,Cash and cash equivalents,Short-term marketable securities,"Accounts receivable, net",Inventories,Deferred tax assets,Vendor non-trade receivables,Other current assets,Total current assets,Long-term marketable securities,"Property, Plant and Equipment, Net",Goodwill,"Acquired intangible assets, net","Other Assets, Noncurrent",Total assets,accounts payable,Accrued expenses,Deferred revenue,Total current liabilities,Deferred revenue - non-current,deferred tax liabilities,long term taxes payable,Total other non-current liabilities,Total liabilities,Retained Earnings (Accumulated Deficit),Accumulated other comprehensive (loss)/income,Total shareholders equity,Total liabilities and shareholders' equity,"Depreciation, amortization and accretion",Stock-based compensation expense,Deferred income tax expense,"Increase (Decrease) in Accounts receivable, net",Increase (Decrease) in Inventories,Increase (Decrease) in Other Receivables,Increase (Decrease) in Other Operating Assets,Increase (Decrease) in Accounts Payable,Increase (Decrease) in Deferred Revenue,Increase (Decrease) Other liabilities,Cash generated by operating activities,Purchases of marketable securities,Proceeds from maturities of marketable securities,Proceeds from sales of marketable securities,Purchases of other long-term investments,"Business acquisitions, net of cash acquired",Cash payments for capital asset purchases,Payments for acquisition of intangible assets,Payments for (Proceeds from) Other Investing Activities,Cash used in investing activities,Proceeds from issuance of common stock,Excess tax benefits from stock-based compensation,Cash generated/used in financing activities,Increase/(decrease) in cash and cash equivalents,"Cash paid for income taxes, net"
2009-12-31,5298668000.0,,,,1208672000.0,4537078000.0,,,671131000.0,235137000.0,435994000.0,,,,,253605000.0,,410390000.0,519712000.0,39868000.0,,,1385434000.0,,,571580000.0,125520000.0,183377000.0,3675031000.0,287935000.0,,,910628000.0,,0.0,,501334000.0,2914692000.0,4148353000.0,-202844000.0,720459000.0,3675031000.0,,,,46584000.0,74000000.0,,,,,,1065749000.0,,,,,,126324000.0,,,-150326000.0,,4455000.0,-698921000.0,216502000.0,252230000.0
2010-04-04,1407843000.0,,,,340646000.0,1154509000.0,,,229585000.0,82191000.0,147394000.0,0.66,0.64,167257.0,229551.0,303786000.0,,411245000.0,481854000.0,56884000.0,,,1413032000.0,,1394678000.0,577712000.0,125327000.0,180619000.0,3698687000.0,294223000.0,,,902295000.0,,4640000.0,,500504000.0,2909622000.0,4224841000.0,-217082000.0,752217000.0,3698687000.0,,,,-855000.0,75658000.0,,,,,,181186000.0,,,,,,30603000.0,,,-35377000.0,,1293000.0,-95628000.0,50181000.0,29576000.0
2010-07-04,2641085000.0,,,,677626000.0,2263327000.0,,,331229000.0,137112000.0,194117000.0,,,,230324000.0,249070000.0,,321051000.0,603728000.0,67841000.0,,,1414988000.0,,1378512000.0,517416000.0,123062000.0,175289000.0,3619987000.0,304993000.0,,,876009000.0,,2055000.0,,508086000.0,2887485000.0,4200758000.0,-242446000.0,697368000.0,3619987000.0,,,,89339000.0,-55116000.0,,,,,,264848000.0,,,,,,65003000.0,,,-74099000.0,,2204000.0,-195284000.0,-4535000.0,201580000.0
2010-10-03,4188200000.0,,,,1035250000.0,3510794000.0,,,608618000.0,234332000.0,374286000.0,,,,230491000.0,244947000.0,,605741000.0,594574000.0,77478000.0,,,1664812000.0,,1378034000.0,522489000.0,123488000.0,176293000.0,3886943000.0,350253000.0,,,1270090000.0,,1539000.0,,501831000.0,3024006000.0,4310037000.0,-240372000.0,826749000.0,3886943000.0,,,,-195351000.0,-60262000.0,,,,,,388199000.0,,,,,,108569000.0,,,-121610000.0,,690000.0,-275247000.0,-8658000.0,236632000.0
2010-12-31,5671009000.0,,,30500000.0,1426477000.0,4765711000.0,,,808864000.0,299065000.0,509799000.0,,,227740000.0,,884642000.0,,390061000.0,533622000.0,-77147000.0,,,2005217000.0,,1437702000.0,524134000.0,123080000.0,161212000.0,4272732000.0,410655000.0,163412000.0,,1298845000.0,,,,494461000.0,3335131000.0,4374718000.0,-215067000.0,902316000.0,4272732000.0,,,-18654000.0,20329000.0,-13910000.0,,,,,,901423000.0,,,,,,179538000.0,,,-199286000.0,,1385000.0,-71100000.0,631037000.0,350948000.0
2011-04-03,1564223000.0,,,,377798000.0,1287674000.0,,,252072000.0,91957000.0,160115000.0,,,227134.0,230194.0,752266000.0,,433519000.0,535520000.0,61260000.0,,,1954521000.0,,1443821000.0,527019000.0,122712000.0,165622000.0,4235155000.0,381504000.0,,,1290932000.0,,,,494315000.0,3326171000.0,4458210000.0,-205740000.0,875417000.0,4235155000.0,,,,-43458000.0,10302000.0,,,,,,159378000.0,,,,,,77486000.0,,,-87181000.0,,3818000.0,-204573000.0,-132376000.0,15692000.0
2011-07-03,2889394000.0,,,,723716000.0,2384491000.0,,,457075000.0,166941000.0,290134000.0,,,227029.0,230301.0,790297000.0,,296946000.0,659224000.0,69714000.0,,,1992076000.0,,1493537000.0,527724000.0,122057000.0,163157000.0,4312753000.0,399841000.0,,,1221813000.0,,,,503858000.0,3267059000.0,4512163000.0,-205822000.0,1012260000.0,4312753000.0,,,,93115000.0,-118202000.0,,,,,,286692000.0,,,,,,171046000.0,,,-185520000.0,,7117000.0,-195517000.0,-94345000.0,193698000.0
2011-10-02,4513643000.0,,,,1080594000.0,3687624000.0,,,755150000.0,268321000.0,,,,,230114.0,292339000.0,,620745000.0,654455000.0,106694000.0,,,1814015000.0,,1512780000.0,517157000.0,113803000.0,161438000.0,4130506000.0,430251000.0,,,1181427000.0,,,,495540000.0,3175829000.0,4633156000.0,-292260000.0,927672000.0,4130506000.0,157561000.0,,4157000.0,230684000.0,125533000.0,,,,,,257229000.0,,,,,,251206000.0,,,-251086000.0,,9561000.0,-598446000.0,-592303000.0,223991000.0
2011-12-31,6080788000.0,,,32200000.0,1477750000.0,5025760000.0,,,962845000.0,,,,,226574.0,229919.0,693686000.0,,399499000.0,648953000.0,175405000.0,,,2046558000.0,,1559717000.0,516745000.0,111913000.0,138722000.0,4412199000.0,420017000.0,612186000.0,,1173775000.0,,,,617276000.0,3539551000.0,4699597000.0,-442331000.0,849022000.0,4412199000.0,215763000.0,,33611000.0,9438000.0,115331000.0,,,,,,580867000.0,,,,,,323961000.0,,,-333005000.0,,13997000.0,-438818000.0,-190956000.0,292315000.0
2012-04-01,1732064000.0,,,,405562000.0,1397534000.0,,,310506000.0,111855000.0,,,,,228655000.0,567339000.0,,502455000.0,649454000.0,121750000.0,,,2012445000.0,,1585887000.0,594741000.0,225919000.0,147912000.0,4599457000.0,380404000.0,598210000.0,,1323809000.0,,26839000.0,,614586000.0,3713864000.0,4814715000.0,-396303000.0,860330000.0,4599457000.0,54868000.0,,11991000.0,91631000.0,21364000.0,,,,,,275802000.0,,,,,,88487000.0,,,-264583000.0,,10566000.0,-137566000.0,-126347000.0,7583000.0
2012-09-30,4893217000.0,,,,1217939000.0,4034686000.0,,,785628000.0,274576000.0,,,,,228701000.0,466235000.0,,649328000.0,726492000.0,103438000.0,,,2135955000.0,,1618178000.0,594854000.0,220223000.0,154845000.0,4737782000.0,435283000.0,644959000.0,,1552954000.0,,35770000.0,,636339000.0,3740820000.0,4960822000.0,-335239000.0,981262000.0,4737782000.0,162848000.0,,12189000.0,-238415000.0,-84302000.0,,,,,,605907000.0,,,,,,200988000.0,,,-402442000.0,,28190000.0,-430916000.0,-227451000.0,233652000.0
2012-12-31,6644252000.0,,,39000000.0,1703796000.0,5533104000.0,,,1015579000.0,354648000.0,,,,,228337000.0,728272000.0,,461383000.0,633262000.0,99015000.0,,,2113485000.0,,1674071000.0,588003000.0,214713000.0,152119000.0,4754839000.0,441977000.0,650906000.0,,1471110000.0,,35657000.0,,668732000.0,3706466000.0,5027617000.0,-385076000.0,1036749000.0,4754839000.0,210037000.0,,13785000.0,-50470000.0,26598000.0,,,,,,1094827000.0,,,,,,258727000.0,,,-473369000.0,,33876000.0,-586872000.0,34586000.0,327230000.0
2013-03-31,1827426000.0,,,,450669000.0,1435609000.0,,,368184000.0,126278000.0,,,,,227706000.0,730096000.0,,516593000.0,626643000.0,119812000.0,,,2180021000.0,,1705387000.0,585735000.0,210071000.0,147623000.0,4845630000.0,412319000.0,620420000.0,,1492067000.0,,35024000.0,,666175000.0,3733066000.0,5177919000.0,-376339000.0,1100434000.0,4845630000.0,48748000.0,,-7793000.0,-55210000.0,-2181000.0,,,,,,293180000.0,,,,,,90592000.0,,,-93291000.0,,28088000.0,-198065000.0,1824000.0,74000.0
2013-06-30,3335940000.0,,,,896739000.0,2675206000.0,,,616007000.0,214597000.0,,,,,227274000.0,568360000.0,,366288000.0,778988000.0,102762000.0,,,1998887000.0,,1709346000.0,578906000.0,202495000.0,176309000.0,4696868000.0,413144000.0,564080000.0,,1084206000.0,,32923000.0,,663519000.0,3575141000.0,5246132000.0,-380658000.0,1111822000.0,4696868000.0,98875000.0,,-14549000.0,95095000.0,-150326000.0,,,,,,349446000.0,,,,,,151735000.0,,,-159482000.0,,36938000.0,-349876000.0,-159912000.0,190773000.0
2013-09-29,5189826000.0,,,,1378725000.0,4158456000.0,,,964884000.0,330489000.0,,,,224112000.0,227149000.0,701328000.0,,659740000.0,762635000.0,73352000.0,,,2375694000.0,,1719820000.0,580335000.0,200938000.0,182217000.0,5077919000.0,481593000.0,630422000.0,,1260768000.0,,33271000.0,,637042000.0,3727344000.0,5373743000.0,-318787000.0,1338959000.0,5077919000.0,150557000.0,,-13007000.0,-198357000.0,-132773000.0,,,,,,623714000.0,,,,,,215257000.0,,,-229171000.0,,42899000.0,-421487000.0,-26944000.0,240305000.0
2013-12-31,1800000000.0,,,47600000.0,1922508000.0,5806404000.0,,,1251319000.0,430849000.0,820470000.0,,,,227203000.0,1118508000.0,,477912000.0,659541000.0,-51693000.0,,,2487334000.0,,1805345000.0,576561000.0,195244000.0,293004000.0,5357488000.0,461514000.0,699722000.0,,1408022000.0,,104204000.0,,434068000.0,3741436000.0,5454286000.0,-166567000.0,1604834000.0,5357488000.0,201033000.0,53967000.0,7457000.0,-16529000.0,-26279000.0,,,,,,1188405000.0,,,,,,323551000.0,,,-351580000.0,,48396000.0,-446589000.0,390236000.0,373902000.0
2014-03-30,1871813000.0,,,,464959000.0,1468207000.0,,,382321000.0,129826000.0,252495000.0,,,224213000.0,227046000.0,1006096000.0,,620493000.0,678755000.0,46610000.0,,,2544974000.0,,1909323000.0,572288000.0,189537000.0,212724000.0,5428846000.0,465162000.0,623841000.0,,1444445000.0,,97024000.0,,424814000.0,3759783000.0,5601471000.0,-152275000.0,1605469000.0,5428846000.0,49303000.0,12955000.0,-7917000.0,-140912000.0,31614000.0,,,,,,203757000.0,,,,,-10035000.0,73521000.0,,,-69036000.0,,38962000.0,-247133000.0,-112412000.0,16054000.0
2014-06-29,3450163000.0,,,,903722000.0,2769093000.0,,,639051000.0,218388000.0,420663000.0,,,223493000.0,226006000.0,562601000.0,,423648000.0,855182000.0,48079000.0,,,2261809000.0,,1943387000.0,576824000.0,190381000.0,212568000.0,5184969000.0,464938000.0,523185000.0,,1261565000.0,,106207000.0,,413807000.0,3576409000.0,5665043000.0,-146343000.0,1545267000.0,5184969000.0,100133000.0,27697000.0,-2002000.0,55933000.0,-145913000.0,,,,,,171932000.0,,,,,-10035000.0,136509000.0,,,-235802000.0,,42965000.0,-492037000.0,-555907000.0,266527000.0
2014-09-28,5411741000.0,,,,1381291000.0,4364475000.0,,,984474000.0,340070000.0,644404000.0,,,222950000.0,225293000.0,477088000.0,,786366000.0,900743000.0,56871000.0,,,2532572000.0,,2078713000.0,778374000.0,331647000.0,195247000.0,5916553000.0,522787000.0,737788000.0,,2192219000.0,,145847000.0,,410857000.0,4308693000.0,5773534000.0,-176516000.0,1543954000.0,5916553000.0,153006000.0,41759000.0,-10031000.0,-217114000.0,-165205000.0,,,,,,387433000.0,,,,,362447000.0,214259000.0,,,-692367000.0,,46222000.0,-336486000.0,-641420000.0,278775000.0
2014-12-31,7421768000.0,,,47554000.0,1900970000.0,6032193000.0,1956211000.0,-503407000.0,1306043000.0,459131000.0,846912000.0,,,222555000.0,224837000.0,374854000.0,,596940000.0,801036000.0,1142000.0,,,2247047000.0,,2151901000.0,792955000.0,294841000.0,142772000.0,5629516000.0,482017000.0,813513000.0,,1935647000.0,,99373000.0,,526003000.0,4109986000.0,5860784000.0,-358573000.0,1455062000.0,5629516000.0,211532000.0,54068000.0,18796000.0,67464000.0,88497000.0,,,,,,838221000.0,,,,,396265000.0,345947000.0,,,-862573000.0,,53497000.0,-719302000.0,-743654000.0,384318000.0
2015-04-05,1937800000.0,,,,504170000.0,1543794000.0,532546000.0,,374804000.0,130067000.0,244737000.0,,,220644000.0,222719000.0,305690000.0,,606687000.0,745761000.0,119497000.0,,,2108099000.0,,2149215000.0,933771000.0,407756000.0,158621000.0,5757462000.0,449149000.0,704283000.0,,2175130000.0,,136493000.0,,541058000.0,4412946000.0,5991140000.0,-403812000.0,1266065000.0,5757462000.0,58338000.0,13889000.0,-11577000.0,5965000.0,-79220000.0,,,,,,256402000.0,,,,,218952000.0,57781000.0,,,-249065000.0,,17066000.0,-76501000.0,-69164000.0,17845000.0
2015-07-05,3516625000.0,,,,969555000.0,3124959000.0,391666000.0,,358668000.0,213872000.0,144796000.0,,,220140000.0,221935000.0,302659000.0,,443452000.0,873996000.0,79676000.0,,,2007447000.0,,2180326000.0,711335000.0,402567000.0,147655000.0,5449330000.0,423379000.0,707365000.0,,2018272000.0,,130124000.0,,515267000.0,4211062000.0,5776618000.0,-316325000.0,1150259000.0,5449330000.0,118801000.0,26615000.0,-20044000.0,-133382000.0,59773000.0,,,,,,480948000.0,,,,,218654000.0,141450000.0,,,-337589000.0,,21111000.0,-215554000.0,-72195000.0,214072000.0
2015-10-04,5477404000.0,,,,1469861000.0,4782724000.0,694680000.0,,605306000.0,305739000.0,299567000.0,,,219678000.0,221322000.0,343913000.0,,760789000.0,813583000.0,99628000.0,,,2209330000.0,,2187736000.0,689684000.0,388747000.0,155123000.0,5630620000.0,448599000.0,807621000.0,,2235241000.0,,123095000.0,,504972000.0,4693494000.0,5807281000.0,-383935000.0,888613000.0,5630620000.0,182855000.0,39989000.0,-10385000.0,186156000.0,2064000.0,,,,,,587864000.0,,,,,218654000.0,220782000.0,,,-331414000.0,,22966000.0,-287391000.0,-30941000.0,256610000.0
2015-12-31,7386626000.0,,,49281000.0,1969308000.0,6348867000.0,1037759000.0,,901847000.0,388896000.0,512951000.0,,,,,346529000.0,,599073000.0,750970000.0,0.0,,,1848598000.0,,2240460000.0,684252000.0,379305000.0,155366000.0,5344371000.0,474266000.0,856967000.0,,2217912000.0,,53188000.0,,468718000.0,4296909000.0,5897603000.0,-371025000.0,997997000.0,5344371000.0,244928000.0,51533000.0,-38537000.0,24440000.0,-52049000.0,,,,,,1214456000.0,,,,,218654000.0,329707000.0,,,-477255000.0,,24839000.0,-755162000.0,-28325000.0,368926000.0
2016-04-03,1828812000.0,,,,471734000.0,1489303000.0,339509000.0,,339729000.0,109897000.0,229832000.0,,,,,285958000.0,,544027000.0,770382000.0,,,,1772918000.0,,2230071000.0,690654000.0,375309000.0,185104000.0,5305840000.0,436343000.0,769793000.0,,2336972000.0,,52604000.0,,465523000.0,4426487000.0,6005068000.0,-379738000.0,831439000.0,5305840000.0,59913000.0,11678000.0,,-55046000.0,19412000.0,,,,,,257115000.0,,,,,0.0,33607000.0,,,-49177000.0,,6091000.0,-271235000.0,-60571000.0,29574000.0
2016-07-03,3466483000.0,,,,934265000.0,2864212000.0,602271000.0,,573025000.0,197237000.0,375788000.0,,,,,250185000.0,,483545000.0,871285000.0,,,,1807599000.0,,2198615000.0,818380000.0,521233000.0,157213000.0,5567384000.0,455225000.0,718921000.0,,2671446000.0,,53988000.0,,496110000.0,4792723000.0,6030252000.0,-396681000.0,727950000.0,5567384000.0,156779000.0,26208000.0,,-118932000.0,110987000.0,,,,,,347098000.0,,,,,285374000.0,104109000.0,,,-404589000.0,,14813000.0,-40601000.0,-96344000.0,239501000.0
2016-10-02,5469937000.0,,,,1408759000.0,4493642000.0,976295000.0,,900862000.0,297671000.0,603191000.0,,,,,333333000.0,,759619000.0,843519000.0,,,,2130517000.0,,2159589000.0,816133000.0,510291000.0,169753000.0,5845413000.0,458028000.0,683012000.0,,2017035000.0,,45133000.0,,478707000.0,4903341000.0,6129088000.0,-396822000.0,895445000.0,5845413000.0,241901000.0,40699000.0,,157142000.0,83221000.0,,,,,,422539000.0,,,,,285374000.0,168225000.0,,,-485962000.0,,20978000.0,49762000.0,-13196000.0,306580000.0
2016-12-31,7440181000.0,,3157891000.0,47268000.0,1915378000.0,,1205783000.0,,1099481000.0,379437000.0,720044000.0,,,,,296967000.0,,581381000.0,745678000.0,17274000.0,,,1816778000.0,,2177248000.0,812344000.0,492737000.0,168365000.0,5524333000.0,522536000.0,750986000.0,,1909443000.0,,39587000.0,,400161000.0,4696646000.0,6115961000.0,-375888000.0,785856000.0,5524333000.0,301837000.0,54785000.0,-38097000.0,-21096000.0,-13965000.0,,,,,,983475000.0,,,,,285374000.0,269476000.0,,,-595454000.0,,22062000.0,-434443000.0,-49562000.0,425539000.0
2017-04-02,1879678000.0,,906560000.0,,461900000.0,,191931000.0,,168361000.0,70113000.0,125044000.0,,,,,235031000.0,,595779000.0,795404000.0,,,,1873861000.0,,2050439000.0,814882000.0,381716000.0,163661000.0,5342385000.0,499149000.0,646879000.0,,1710917000.0,,35499000.0,,399575000.0,4496932000.0,6112471000.0,-357410000.0,830078000.0,5342385000.0,64952000.0,12122000.0,,14398000.0,49726000.0,,,,,,234462000.0,,,,,,33297000.0,,,-40684000.0,,,-256874000.0,-61936000.0,7532000.0
2017-07-02,3542669000.0,,1669770000.0,,907788000.0,,507272000.0,,449478000.0,148503000.0,328545000.0,,,,,214062000.0,,417457000.0,936437000.0,,,,1911529000.0,,2033790000.0,818068000.0,378271000.0,182980000.0,5380228000.0,471545000.0,641743000.0,,1742205000.0,,21081000.0,,397204000.0,4510246000.0,6187409000.0,-355964000.0,855305000.0,5380228000.0,132079000.0,24557000.0,,-163924000.0,190759000.0,,,,,,335734000.0,,,,,0.0,84687000.0,,,-106237000.0,,,-315140000.0,-82905000.0,265756000.0
2017-10-01,5575790000.0,,2609992000.0,,1404970000.0,,946292000.0,,850279000.0,275291000.0,601848000.0,,,,,275056000.0,,742832000.0,938187000.0,,,,2214454000.0,,2050124000.0,822348000.0,375455000.0,174611000.0,5655477000.0,529442000.0,673435000.0,,2337670000.0,,22303000.0,,402396000.0,4816501000.0,6325011000.0,-337027000.0,823270000.0,5655477000.0,194313000.0,37966000.0,,161451000.0,192509000.0,,,,,,625899000.0,,,,,0.0,148923000.0,,,-187142000.0,,,-465719000.0,-21911000.0,271412000.0
2017-12-31,7515426000.0,,3444519000.0,45850000.0,1913403000.0,,1274641000.0,,1110668000.0,354131000.0,782981000.0,,,,,380179000.0,,588262000.0,752836000.0,203843000.0,,,2001910000.0,,2106697000.0,821061000.0,369156000.0,251879000.0,5553726000.0,523229000.0,676134000.0,,2076543000.0,,45656000.0,,438939000.0,4622161000.0,6371082000.0,-313746000.0,915338000.0,5553726000.0,261853000.0,51061000.0,18582000.0,6881000.0,71404000.0,,,,,,1249515000.0,,,,,0.0,257675000.0,,,-328664000.0,,,-843768000.0,83212000.0,351832000.0
2018-04-01,1971959000.0,,974060000.0,,485324000.0,,480512000.0,,449231000.0,98512000.0,350203000.0,,,,,476434000.0,,614295000.0,782460000.0,,,133155000.0,2270496000.0,,2119016000.0,1645274000.0,1032848000.0,262095000.0,7332798000.0,519988000.0,623709000.0,,3705507000.0,,142516000.0,,435186000.0,6343143000.0,6634316000.0,-354475000.0,972128000.0,7332798000.0,74416000.0,10458000.0,,9882000.0,11266000.0,,,,,,352057000.0,,,,,915457000.0,60133000.0,,,-981759000.0,,,725905000.0,96255000.0,12817000.0
2018-07-01,3723574000.0,,1767480000.0,,934872000.0,,796236000.0,,709237000.0,135199000.0,577058000.0,,,,,467352000.0,,501863000.0,916440000.0,,,162009000.0,2365105000.0,,2083840000.0,1674966000.0,1016312000.0,262704000.0,7405653000.0,496865000.0,635728000.0,,2514257000.0,,141199000.0,,436691000.0,6341836000.0,6727127000.0,-367818000.0,1049944000.0,7405653000.0,150996000.0,23546000.0,,-100864000.0,147090000.0,,,,,,602882000.0,,,,,915457000.0,135919000.0,,,-1064280000.0,,,553159000.0,87173000.0,70398000.0
2018-09-30,5803167000.0,,2630973000.0,,1388793000.0,,1202499000.0,,1066091000.0,226640000.0,840771000.0,,,,,823787000.0,,814923000.0,880673000.0,,,185693000.0,2794046000.0,,2092899000.0,1677101000.0,1008051000.0,261248000.0,7836189000.0,581481000.0,663974000.0,,2758826000.0,,144980000.0,,429232000.0,6586917000.0,6843057000.0,-335954000.0,1234902000.0,7836189000.0,225803000.0,35668000.0,,212193000.0,111901000.0,,,,,,892861000.0,,,,,915457000.0,241214000.0,,,-972239000.0,,,529016000.0,443608000.0,94969000.0
2018-12-31,7791069000.0,4215744000.0,3575325000.0,38521000.0,1874829000.0,,1623664000.0,,1410061000.0,239010000.0,1177562000.0,,,,,587998000.0,,594145000.0,784879000.0,178763000.0,,180248000.0,2239181000.0,,2130294000.0,1801103000.0,1278292000.0,252984000.0,7703020000.0,502314000.0,679163000.0,,2418566000.0,,176860000.0,,446048000.0,6295754000.0,7032020000.0,-356780000.0,1398721000.0,7703020000.0,295144000.0,49286000.0,36255000.0,-8585000.0,12746000.0,,,,,,1599993000.0,,,,,1338459000.0,328601000.0,,,-1502894000.0,,,116108000.0,207819000.0,118842000.0
2019-03-31,2016488000.0,1123984000.0,892504000.0,,453573000.0,,438869000.0,,395934000.0,92053000.0,304358000.0,,,,,465965000.0,,694136000.0,791289000.0,,,194383000.0,2216929000.0,,2108075000.0,1803601000.0,1267833000.0,459754000.0,7857376000.0,500633000.0,650657000.0,,2398185000.0,,181381000.0,,618133000.0,6434016000.0,7193240000.0,-348520000.0,1414737000.0,7857376000.0,72329000.0,10556000.0,,99991000.0,6410000.0,,,,,,329960000.0,,,,,0.0,92814000.0,,,-111623000.0,,,-341145000.0,-122033000.0,28733000.0
2019-06-30,3783705000.0,2016457000.0,1767248000.0,,907366000.0,,848939000.0,,759103000.0,141951000.0,617198000.0,,,,,365963000.0,,538746000.0,957953000.0,,,154617000.0,2093558000.0,,2107185000.0,1805955000.0,1257868000.0,499303000.0,7793560000.0,479792000.0,650922000.0,,2387427000.0,,197096000.0,,636913000.0,6109479000.0,7358277000.0,-336736000.0,1675120000.0,7793560000.0,144346000.0,23712000.0,,-55399000.0,173074000.0,,,,,,679328000.0,,,,,0.0,176270000.0,,,-206386000.0,,,-698730000.0,-222035000.0,136922000.0
2019-09-29,5918127000.0,3207561000.0,2710566000.0,,1388729000.0,,1309754000.0,,1166463000.0,224129000.0,942505000.0,,,,,,,849218000.0,969071000.0,,,167827000.0,2375055000.0,,2099985000.0,1982362000.0,1452726000.0,524323000.0,8464260000.0,553561000.0,726344000.0,,2982374000.0,,,,627842000.0,6702669000.0,7525653000.0,-324141000.0,1753162000.0,8464260000.0,218841000.0,39579000.0,,240457000.0,174514000.0,,,,,,993387000.0,,,,,401461000.0,236599000.0,,7151000.0,-697641000.0,,,-582824000.0,-285362000.0,162757000.0
2019-12-31,7986252000.0,4363774000.0,3622478000.0,37146000.0,1905929000.0,,1595952000.0,,1380784000.0,234032000.0,1149692000.0,,,,,,,568509000.0,815251000.0,261339000.0,,154345000.0,2117102000.0,,2153139000.0,1985955000.0,1341166000.0,512000000.0,8140395000.0,550828000.0,702372000.0,,2008793000.0,,200018000.0,,655777000.0,6395401000.0,1290461000.0,-323966000.0,1739222000.0,8140395000.0,291544000.0,51899000.0,-15072000.0,-40252000.0,21194000.0,,,,,,1763873000.0,,,,,402160000.0,318192000.0,,8029000.0,-780480000.0,,,-1081455000.0,-94736000.0,238067000.0
2020-03-29,2037317000.0,1170695000.0,866622000.0,,475384000.0,,382800000.0,,335012000.0,66229000.0,271137000.0,,,,,,,705639000.0,832193000.0,,,173400000.0,2854753000.0,,2150217000.0,1976699000.0,1324797000.0,523913000.0,8855443000.0,531928000.0,673285000.0,,2892799000.0,,,,637533000.0,7180902000.0,1404453000.0,-365741000.0,1671231000.0,8855443000.0,70624000.0,12575000.0,,153086000.0,27907000.0,,,,,,246093000.0,,,,,,99217000.0,,,-110669000.0,,,495625000.0,601534000.0,14107000.0
2020-06-28,3744646000.0,2085472000.0,1659174000.0,,884333000.0,,766173000.0,,669089000.0,132264000.0,540038000.0,,,,,,,540398000.0,999380000.0,,,157019000.0,2902944000.0,,2165346000.0,1979002000.0,1314332000.0,524687000.0,8911071000.0,530042000.0,643938000.0,,2214818000.0,,,,643847000.0,7154982000.0,1516543000.0,-367193000.0,1753605000.0,8911071000.0,142524000.0,25490000.0,,-11794000.0,194396000.0,,,,,,614047000.0,,,,,,185784000.0,,-2374000.0,-209802000.0,,,295858000.0,672069000.0,71633000.0
2020-09-27,5964475000.0,3225277000.0,2739198000.0,,1352947000.0,,1377583000.0,,1231597000.0,247514000.0,987321000.0,,,,,,,829513000.0,958483000.0,,,157096000.0,3207096000.0,,2183376000.0,1981503000.0,1303788000.0,554111000.0,9255034000.0,589586000.0,730947000.0,,2228193000.0,,,,653587000.0,7186221000.0,1800186000.0,-352307000.0,2065854000.0,9255034000.0,217689000.0,37897000.0,,275649000.0,151919000.0,,,,,,1095266000.0,,,,,0.0,292051000.0,,2765000.0,-341254000.0,,,-19965000.0,712627000.0,165214000.0
2020-12-31,8149719000.0,4448450000.0,3701269000.0,37577000.0,1890925000.0,,1782698000.0,,1494997000.0,219584000.0,1278708000.0,,,,,,,615233000.0,964207000.0,263687000.0,,158809000.0,2977905000.0,,2285255000.0,1988215000.0,1295214000.0,555887000.0,9131845000.0,580058000.0,781766000.0,,1891745000.0,,,,683434000.0,6893962000.0,1928673000.0,-338082000.0,2234352000.0,9131845000.0,294907000.0,57584000.0,26880000.0,55537000.0,151918000.0,,,,,,1699657000.0,,,,,0.0,441626000.0,,3550000.0,-531280000.0,,,-499228000.0,650725000.0,215491000.0
2021-04-04,2295948000.0,1246997000.0,1048951000.0,,494665000.0,,553044000.0,,514194000.0,117323000.0,395799000.0,,,,,,,634830000.0,909802000.0,,,118589000.0,2860024000.0,,2298817000.0,1989462000.0,1284111000.0,577692000.0,9038128000.0,553642000.0,717171000.0,,1774632000.0,,,,673756000.0,6773282000.0,2162464000.0,-329006000.0,2255994000.0,9038128000.0,77897000.0,15656000.0,,22099000.0,-53323000.0,,,,,,609640000.0,,,,,,114471000.0,,-2530000.0,-137005000.0,,,-491862000.0,-11745000.0,14350000.0
2021-07-04,4285370000.0,2310974000.0,1974396000.0,,962294000.0,,1009719000.0,,932610000.0,234509000.0,697029000.0,,,,,,,532401000.0,1060422000.0,,,136004000.0,2219181000.0,,2341825000.0,2166446000.0,1509435000.0,612614000.0,8883863000.0,615641000.0,708292000.0,,1587002000.0,,,,671601000.0,6609970000.0,2301805000.0,-296136000.0,2265049000.0,8883863000.0,153929000.0,32482000.0,,-88945000.0,68968000.0,,,,,,1017652000.0,,,,,418191000.0,227607000.0,,-3123000.0,-700120000.0,,,-1041691000.0,-717786000.0,139078000.0
2021-10-03,6645209000.0,3609478000.0,3035731000.0,,1448433000.0,,1584550000.0,,1454283000.0,311255000.0,1141956000.0,,,,,,,841227000.0,1026541000.0,,,130418000.0,2741944000.0,,2370193000.0,2164580000.0,1494106000.0,628686000.0,9439183000.0,671855000.0,751972000.0,,1906495000.0,,,,639896000.0,6902050000.0,2565538000.0,-298400000.0,2528294000.0,9439183000.0,231953000.0,51009000.0,,222864000.0,38864000.0,,,,,,1403717000.0,,,,,419501000.0,347450000.0,,-3129000.0,-839739000.0,,,-1037826000.0,-468471000.0,199735000.0
2021-12-31,8971337000.0,4922739000.0,4048598000.0,40107000.0,2001351000.0,,2043722000.0,,1797224000.0,314405000.0,1477512000.0,,,,,,,671464000.0,988511000.0,312539000.0,,127678000.0,2246206000.0,,,2633174000.0,2037588000.0,868203000.0,10412231000.0,692338000.0,855638000.0,,2493313000.0,,,,787058000.0,7655002000.0,2719936000.0,-249215000.0,2757229000.0,10412231000.0,315002000.0,66711000.0,13374000.0,14642000.0,-21457000.0,,,,,,2082884000.0,,,,,1601073000.0,495877000.0,,-2539000.0,-2222828000.0,,,-681136000.0,-814721000.0,275171000.0
2022-04-03,2666221000.0,1420741000.0,1245480000.0,,524216000.0,,720990000.0,,677404000.0,143926000.0,533478000.0,,,,,,,868426000.0,1031503000.0,,,132525000.0,2457438000.0,,2592628000.0,2620594000.0,2029220000.0,902347000.0,10645044000.0,825231000.0,784660000.0,,2565637000.0,,,,781048000.0,7729495000.0,3071416000.0,-242009000.0,,10645044000.0,91036000.0,15337000.0,,189621000.0,37320000.0,,,,,,656467000.0,,,,,,141063000.0,,400000.0,-163966000.0,,,-463454000.0,8789000.0,10023000.0
2022-07-03,5038803000.0,2793324000.0,2245479000.0,,1067684000.0,,1177521000.0,,1080864000.0,231830000.0,849034000.0,,,,,,,654399000.0,1208239000.0,,,130344000.0,2428465000.0,,2590826000.0,2616497000.0,2007748000.0,904822000.0,10588874000.0,876193000.0,736685000.0,,3300910000.0,,,,764041000.0,7697134000.0,3208598000.0,-268381000.0,,10588874000.0,184882000.0,32561000.0,,-19216000.0,220071000.0,,,,,,1113773000.0,,,,,0.0,240960000.0,,-6166000.0,-350985000.0,,,-755405000.0,10456000.0,172888000.0
2022-10-02,7766956000.0,4412977000.0,3353979000.0,,1619564000.0,,1734141000.0,,1553949000.0,305428000.0,1248521000.0,,,,,,,929482000.0,1184385000.0,,,156025000.0,2692734000.0,,2622587000.0,2604889000.0,1985099000.0,888406000.0,10832907000.0,915299000.0,845472000.0,,3388614000.0,,,,750870000.0,7749827000.0,3401198000.0,-296050000.0,,10832907000.0,279082000.0,50640000.0,,259064000.0,201425000.0,,,,,,1560194000.0,,,,,0.0,359993000.0,,-9730000.0,-509976000.0,,,-1076031000.0,-1525000.0,190724000.0
2022-12-31,10419294000.0,5920509000.0,4498785000.0,46943000.0,2236009000.0,,2260787000.0,,1917071000.0,272254000.0,1644817000.0,,,,,,,711203000.0,1173119000.0,304848000.0,,128307000.0,2620406000.0,,,2606956000.0,1966269000.0,944989000.0,10948820000.0,970558000.0,832518000.0,,3257154000.0,,,,719742000.0,7649276000.0,3589781000.0,-252333000.0,,10948820000.0,378959000.0,65991000.0,36889000.0,38165000.0,186963000.0,,,,,,2327837000.0,,,,,0.0,519481000.0,,-7639000.0,-787376000.0,,,-1415725000.0,134623000.0,221321000.0
2023-04-02,2987614000.0,1605292000.0,1382322000.0,,581587000.0,,799924000.0,,759256000.0,172071000.0,587185000.0,,,,,,,856841000.0,1180367000.0,,,116054000.0,2726100000.0,,2822238000.0,2607833000.0,1947584000.0,964993000.0,11111518000.0,1004907000.0,780195000.0,,3281348000.0,,,,712143000.0,7653153000.0,3970562000.0,-238007000.0,,11111518000.0,98199000.0,18992000.0,,140962000.0,3263000.0,,,,,,755397000.0,,,,,,176093000.0,,-85000.0,-188317000.0,,,-552248000.0,-3543000.0,12279000.0
2023-07-02,5477894000.0,2963473000.0,2514421000.0,,1153391000.0,,1360589000.0,,1198776000.0,204608000.0,994168000.0,,,,,,,764269000.0,1385424000.0,,,115103000.0,2880905000.0,,3014876000.0,2695997000.0,1928184000.0,961741000.0,11525676000.0,1014058000.0,828207000.0,,2726057000.0,,,,714532000.0,7830891000.0,4171010000.0,-221041000.0,,11525676000.0,199787000.0,35841000.0,,43503000.0,201906000.0,,,,,,1049808000.0,,,,,165818000.0,330505000.0,,629000.0,-516029000.0,,,-506679000.0,-17728000.0,229144000.0
2023-10-01,8507881000.0,4633207000.0,3874674000.0,,1777695000.0,,2096538000.0,,1852189000.0,339444000.0,1512745000.0,,,,,,,1127728000.0,1347820000.0,,,110352000.0,3190417000.0,,3156064000.0,2693182000.0,1907371000.0,950395000.0,11935671000.0,1085016000.0,968926000.0,,2936477000.0,,,,641801000.0,7968031000.0,4451463000.0,-250647000.0,,11935671000.0,303096000.0,56351000.0,,409688000.0,168110000.0,,,,,,1565541000.0,,,,,165818000.0,548600000.0,,2993000.0,-735543000.0,,,-784365000.0,7363000.0,264497000.0
2023-12-31,11164992000.0,6167176000.0,4997816000.0,50030000.0,2436508000.0,,2560867000.0,,2171864000.0,310077000.0,1861787000.0,,,,,,,823617000.0,1340996000.0,332899000.0,,118021000.0,2912103000.0,,,2696050000.0,1879229000.0,1061427000.0,11902941000.0,1086183000.0,867815000.0,,3008352000.0,,,,660673000.0,7803855000.0,4562263000.0,-230078000.0,,11902941000.0,419815000.0,81021000.0,16233000.0,102080000.0,157153000.0,,,,,,2323190000.0,,,,,165818000.0,771109000.0,,4934000.0,-1198676000.0,,,-1148251000.0,-61987000.0,303942000.0
2024-03-31,3252749000.0,1576668000.0,1676081000.0,,617981000.0,,1058100000.0,,986258000.0,188805000.0,797453000.0,,,,,,,1205724000.0,1137857000.0,,,393738000.0,3387377000.0,,3333096000.0,2693921000.0,1859052000.0,1071065000.0,12389754000.0,946000000.0,872475000.0,,3489030000.0,,,,663648000.0,8281467000.0,5087126000.0,-230835000.0,,12389754000.0,107764000.0,5986000.0,,383417000.0,-202055000.0,,,,,,569134000.0,,,,,,213304000.0,,321000.0,-227569000.0,,,-221655000.0,118502000.0,31284000.0
2024-06-30,5327229000.0,2817403000.0,2509826000.0,,1158968000.0,,1345921000.0,,1232132000.0,253785000.0,978347000.0,,,,,,,846440000.0,1459488000.0,,,397033000.0,3335627000.0,,3368322000.0,2691613000.0,1838525000.0,1140255000.0,12415674000.0,1138226000.0,783723000.0,,3885631000.0,,,,700065000.0,8405808000.0,4997269000.0,-251613000.0,,12415674000.0,218185000.0,17500000.0,,33051000.0,128122000.0,,,,,,894740000.0,,,,,0.0,343457000.0,,222000.0,-389732000.0,,,-452874000.0,65156000.0,165530000.0
2024-09-29,8314723000.0,4572178000.0,3742545000.0,,1750888000.0,,1959085000.0,,1750879000.0,326231000.0,1424648000.0,,,,,,,1142514000.0,1301956000.0,,,377412000.0,3551804000.0,,3389034000.0,2692195000.0,1818980000.0,1129029000.0,12621410000.0,1214564000.0,807392000.0,,4195014000.0,,,,709359000.0,8416441000.0,5172717000.0,-252120000.0,,12621410000.0,331440000.0,32573000.0,,330777000.0,-27676000.0,,,,,,1589994000.0,,,,,0.0,471415000.0,,-287000.0,-549324000.0,,,-846969000.0,213049000.0,180338000.0
