Date,Net sales,Cost of sales,Gross margin,Research and development,"Selling, general and administrative",Total operating expenses,Operating income,"Other income/(expense), net",Income before provision for income taxes,Provision for income taxes,Net income,Earnings per share basic,Earnings per share diluted,Weighted-average basic,Weighted-average diluted,Cash and cash equivalents,Short-term marketable securities,"Accounts receivable, net",Inventories,Deferred tax assets,Vendor non-trade receivables,Other current assets,Total current assets,Long-term marketable securities,"Property, Plant and Equipment, Net",Goodwill,"Acquired intangible assets, net","Other Assets, Noncurrent",Total assets,accounts payable,Accrued expenses,Deferred revenue,Total current liabilities,Deferred revenue - non-current,deferred tax liabilities,long term taxes payable,Total other non-current liabilities,Total liabilities,Retained Earnings (Accumulated Deficit),Accumulated other comprehensive (loss)/income,Total shareholders equity,Total liabilities and shareholders' equity,"Depreciation, amortization and accretion",Stock-based compensation expense,Deferred income tax expense,"Increase (Decrease) in Accounts receivable, net",Increase (Decrease) in Inventories,Increase (Decrease) in Other Receivables,Increase (Decrease) in Other Operating Assets,Increase (Decrease) in Accounts Payable,Increase (Decrease) in Deferred Revenue,Increase (Decrease) Other liabilities,Cash generated by operating activities,Purchases of marketable securities,Proceeds from maturities of marketable securities,Proceeds from sales of marketable securities,Purchases of other long-term investments,"Business acquisitions, net of cash acquired",Cash payments for capital asset purchases,Payments for acquisition of intangible assets,Payments for (Proceeds from) Other Investing Activities,Cash used in investing activities,Proceeds from issuance of common stock,Excess tax benefits from stock-based compensation,Cash generated/used in financing activities,Increase/(decrease) in cash and cash equivalents,"Cash paid for income taxes, net"
2009-12-31,30960414000.0,,,,4227535000.0,,1707603000.0,,1601760000.0,562085000.0,1039675000.0,6.21,6.15,,,1613588000.0,6190062000.0,,,,,505960000.0,9252816000.0,1307088000.0,679142000.0,1992924000.0,,921524000.0,14153494000.0,,,228817000.0,5259992000.0,,,,246286000.0,8377491000.0,4429611000.0,42135000.0,5776003000.0,14153494000.0,,65870000.0,,59966000.0,,,-112473000.0,,-9281000.0,13682000.0,1421582000.0,7197007000.0,1270525000.0,3951326000.0,,12436000.0,185450000.0,,,-1859261000.0,,5339000.0,80844000.0,-356835000.0,627227000.0
2010-03-31,8440594000.0,,,,1127043000.0,,443240000.0,,416926000.0,158158000.0,258768000.0,1.54,1.52,,,1813993000.0,6764833000.0,,,,,514549000.0,10259986000.0,1333659000.0,665909000.0,1992924000.0,,956658000.0,15209136000.0,,,235584000.0,5905861000.0,,,,328979000.0,9123899000.0,4688379000.0,69994000.0,6085237000.0,15209136000.0,,27339000.0,,280978000.0,,,29177000.0,,6767000.0,246068000.0,754651000.0,1525349000.0,433788000.0,545166000.0,,0.0,39028000.0,,,-527217000.0,,734000.0,-27029000.0,200405000.0,5210000.0
2010-06-30,17093315000.0,,,,2288833000.0,,1005316000.0,,952780000.0,353936000.0,598844000.0,3.56,3.52,168472000.0,170229000.0,1998982000.0,6882063000.0,,,,,535708000.0,10787089000.0,1405734000.0,660223000.0,1994593000.0,,842931000.0,15690570000.0,,,209346000.0,5996989000.0,,,,313843000.0,9211745000.0,5028455000.0,158428000.0,6478825000.0,15690570000.0,,39627000.0,,501482000.0,,,-73683000.0,,-19471000.0,219163000.0,1079962000.0,2759168000.0,1014032000.0,1091282000.0,,1669000.0,91427000.0,,,-672141000.0,,1264000.0,-22427000.0,385394000.0,356390000.0
2010-09-30,25517963000.0,,,,3363021000.0,,1653749000.0,,1575070000.0,583005000.0,992065000.0,5.9,5.84,168082000.0,169964000.0,2922852000.0,7142395000.0,,,,,479417000.0,11384613000.0,1477147000.0,670277000.0,1997277000.0,,861038000.0,16390352000.0,,,213778000.0,6261125000.0,,,,239868000.0,9451383000.0,5421676000.0,259025000.0,6938969000.0,16390352000.0,,52104000.0,,-15592000.0,,,-119728000.0,,-15073000.0,520771000.0,2289171000.0,3582352000.0,1492601000.0,1298912000.0,,10120000.0,152432000.0,,,-865070000.0,,1406000.0,-114837000.0,1309264000.0,632745000.0
2010-12-31,33868208000.0,,,,4662802000.0,,1854622000.0,,1749562000.0,650172000.0,1099390000.0,6.55,6.47,167782000.0,169798000.0,1673137000.0,6872767000.0,,,165401000.0,,583141000.0,10137699000.0,1499672000.0,815337000.0,2567809000.0,,1082736000.0,16103253000.0,,,185410000.0,5744626000.0,,,,272867000.0,9179197000.0,5529001000.0,120584000.0,6924056000.0,16103253000.0,,62947000.0,-198978000.0,45535000.0,,,-81133000.0,,-46233000.0,721894000.0,2241794000.0,4589332000.0,1749801000.0,2012494000.0,,832450000.0,222302000.0,,,-1810989000.0,,1964000.0,-371256000.0,59549000.0,784924000.0
2011-03-31,9190718000.0,,,,1255843000.0,,524012000.0,,496784000.0,181608000.0,315176000.0,1.88,1.86,167271000.0,169534000.0,1756041000.0,7420959000.0,,,,,669288000.0,11096774000.0,1568090000.0,819729000.0,2576208000.0,390132000.0,1099259000.0,17160060000.0,,,219004000.0,6364734000.0,,,,371837000.0,9933082000.0,5844177000.0,108808000.0,7226978000.0,17160060000.0,,29775000.0,,260329000.0,,,110920000.0,,33594000.0,204176000.0,795452000.0,1186574000.0,398800000.0,153832000.0,,5000000.0,70481000.0,,,-690727000.0,,5131000.0,-21821000.0,82904000.0,76215000.0
2011-06-30,18474849000.0,,,,2448248000.0,,1278189000.0,,1223298000.0,447835000.0,775463000.0,4.64,4.57,167146000.0,169560000.0,1567824000.0,7609737000.0,,,,,721537000.0,11475227000.0,1592919000.0,822611000.0,2577511000.0,394325000.0,1126637000.0,17594905000.0,,,204859000.0,6355764000.0,,,,427741000.0,10008188000.0,6262943000.0,189030000.0,7586717000.0,17594905000.0,,40978000.0,,587374000.0,,,174800000.0,,19449000.0,202069000.0,956665000.0,1902083000.0,731204000.0,432006000.0,,10952000.0,129181000.0,,,-858849000.0,,11287000.0,-203129000.0,-105313000.0,407416000.0
2011-09-30,27775492000.0,,,,3809905000.0,,2003974000.0,,1922018000.0,701795000.0,1220223000.0,7.34,7.24,166138000.0,168558000.0,4019405000.0,7864637000.0,,,,,706493000.0,13632338000.0,1695943000.0,850888000.0,2579916000.0,380670000.0,1140644000.0,19899729000.0,,,2005366000.0,8516501000.0,,,,283121000.0,12041759000.0,6667005000.0,279844000.0,7857970000.0,19899729000.0,,52778000.0,,77299000.0,,,205092000.0,,1819931000.0,391892000.0,3875980000.0,2667353000.0,1084062000.0,625461000.0,,13652000.0,215926000.0,,,-1143197000.0,,12246000.0,-386515000.0,2346268000.0,717654000.0
2011-12-31,36832000000.0,,,,5395000000.0,,2344000000.0,,2235000000.0,816000000.0,1419000000.0,8.58,8.46,165413000.0,167827000.0,1377000000.0,7743000000.0,,,30000000.0,,1027000000.0,11181000000.0,1710000000.0,912000000.0,2740000000.0,435000000.0,1165000000.0,17708000000.0,,,213000000.0,6056000000.0,,,,267000000.0,9645000000.0,6825000000.0,303000000.0,8063000000.0,17708000000.0,,67000000.0,22000000.0,106000000.0,,,183000000.0,,26000000.0,194000000.0,2079000000.0,3678000000.0,1569000000.0,1259000000.0,,226000000.0,346000000.0,,,-1358000000.0,,15000000.0,-1017000000.0,-296000000.0,874000000.0
2012-03-31,10219000000.0,,,,1383000000.0,,416000000.0,,390000000.0,142000000.0,248000000.0,1.51,1.49,163717000.0,166088000.0,3656000000.0,7889000000.0,,,,,1181000000.0,14056000000.0,1704000000.0,939000000.0,2785000000.0,456000000.0,1216000000.0,20700000000.0,,,2298000000.0,8823000000.0,,,,332000000.0,12466000000.0,7032000000.0,313000000.0,8234000000.0,20700000000.0,,40000000.0,,255000000.0,,,138000000.0,,2034000000.0,52000000.0,2346000000.0,714000000.0,424000000.0,242000000.0,,56000000.0,86000000.0,,,-190000000.0,,20000000.0,123000000.0,2279000000.0,5000000.0
2012-06-30,19918000000.0,,,,2767000000.0,,1006000000.0,,954000000.0,350000000.0,604000000.0,3.7,3.65,163267000.0,165363000.0,3869000000.0,7882000000.0,,,,,1422000000.0,14071000000.0,1783000000.0,976000000.0,2792000000.0,440000000.0,1233000000.0,20855000000.0,,,2341000000.0,8676000000.0,,,,321000000.0,12400000000.0,7346000000.0,327000000.0,8455000000.0,20855000000.0,,54000000.0,,-177000000.0,,,250000000.0,,2077000000.0,51000000.0,3052000000.0,1364000000.0,757000000.0,529000000.0,,76000000.0,185000000.0,,,-339000000.0,,21000000.0,-221000000.0,2492000000.0,293000000.0
2012-09-30,29569000000.0,,,,4175000000.0,,1707000000.0,,1629000000.0,599000000.0,1030000000.0,6.34,6.27,162391000.0,164382000.0,1363000000.0,8058000000.0,,,,,1615000000.0,11678000000.0,1837000000.0,1034000000.0,2962000000.0,465000000.0,1286000000.0,18797000000.0,,,172000000.0,6369000000.0,,,,270000000.0,10106000000.0,7731000000.0,397000000.0,8691000000.0,18797000000.0,,68000000.0,,-436000000.0,,,236000000.0,,-95000000.0,121000000.0,1718000000.0,2166000000.0,1111000000.0,894000000.0,,288000000.0,304000000.0,,,-753000000.0,,21000000.0,-979000000.0,-14000000.0,514000000.0
2012-12-31,39126000000.0,,,,5830000000.0,,2016000000.0,,1911000000.0,689000000.0,1222000000.0,7.56,7.47,161484000.0,163457000.0,1306000000.0,8001000000.0,,,-33000000.0,,1670000000.0,11710000000.0,1846000000.0,1098000000.0,3640000000.0,731000000.0,1685000000.0,19979000000.0,,,230000000.0,6375000000.0,,,,288000000.0,11132000000.0,7881000000.0,386000000.0,8847000000.0,19979000000.0,,82000000.0,-80000000.0,-326000000.0,,,253000000.0,,-43000000.0,300000000.0,1923000000.0,3221000000.0,1497000000.0,1404000000.0,,1235000000.0,410000000.0,,,-1965000000.0,,22000000.0,-29000000.0,-71000000.0,745000000.0
2013-03-31,10486000000.0,,,,1446000000.0,,765000000.0,,730000000.0,257000000.0,473000000.0,2.97,2.95,158917000.0,160403000.0,1398000000.0,8141000000.0,,,,,1818000000.0,12678000000.0,1824000000.0,1119000000.0,3641000000.0,703000000.0,1712000000.0,20974000000.0,,,243000000.0,6944000000.0,,,,334000000.0,11810000000.0,8311000000.0,328000000.0,9164000000.0,20974000000.0,,32000000.0,,588000000.0,,,130000000.0,,13000000.0,190000000.0,412000000.0,783000000.0,294000000.0,192000000.0,,5000000.0,90000000.0,,,-392000000.0,,1000000.0,72000000.0,92000000.0,1000000.0
2013-06-30,20807000000.0,,,,2907000000.0,,1454000000.0,,1384000000.0,491000000.0,893000000.0,5.64,5.58,158446000.0,159962000.0,1519000000.0,7556000000.0,,,,,1960000000.0,12628000000.0,1770000000.0,1133000000.0,3638000000.0,675000000.0,1679000000.0,20848000000.0,,,193000000.0,6770000000.0,,,,327000000.0,11513000000.0,8688000000.0,209000000.0,9335000000.0,20848000000.0,,51000000.0,,860000000.0,,,108000000.0,,-37000000.0,52000000.0,585000000.0,1385000000.0,549000000.0,854000000.0,,12000000.0,187000000.0,,,-148000000.0,,0.0,-224000000.0,213000000.0,511000000.0
2013-09-30,31126000000.0,,,,4447000000.0,,2075000000.0,,1970000000.0,709000000.0,1261000000.0,7.98,7.9,158026000.0,159611000.0,1255000000.0,8262000000.0,,,,,2232000000.0,12573000000.0,1737000000.0,1180000000.0,3716000000.0,724000000.0,1697000000.0,20903000000.0,,,198000000.0,6551000000.0,,,,316000000.0,11297000000.0,9014000000.0,196000000.0,9606000000.0,20903000000.0,,73000000.0,,89000000.0,,,165000000.0,,-32000000.0,24000000.0,1732000000.0,2665000000.0,853000000.0,1107000000.0,,161000000.0,310000000.0,,,-1143000000.0,,6000000.0,-640000000.0,-51000000.0,724000000.0
2013-12-31,41313000000.0,,,,6355000000.0,,2061000000.0,,1921000000.0,690000000.0,1231000000.0,7.81,7.73,157503000.0,159151000.0,1138000000.0,8090000000.0,,,74000000.0,,2122000000.0,12300000000.0,1710000000.0,1218000000.0,3733000000.0,693000000.0,1774000000.0,20735000000.0,,,206000000.0,6323000000.0,,,,289000000.0,11419000000.0,8942000000.0,158000000.0,9316000000.0,20735000000.0,,92000000.0,42000000.0,251000000.0,,,330000000.0,,-24000000.0,313000000.0,1716000000.0,3261000000.0,1077000000.0,1592000000.0,,187000000.0,441000000.0,,,-1182000000.0,,8000000.0,-702000000.0,-168000000.0,734000000.0
2014-03-31,11712000000.0,,,,1785000000.0,,721000000.0,,686000000.0,318000000.0,368000000.0,2.37,2.35,155091000.0,156647000.0,1662000000.0,8248000000.0,,,,,2605000000.0,13975000000.0,1800000000.0,1244000000.0,3699000000.0,657000000.0,1848000000.0,22566000000.0,,,263000000.0,7714000000.0,,,,330000000.0,12841000000.0,9266000000.0,226000000.0,9725000000.0,22566000000.0,,33000000.0,,524000000.0,,,566000000.0,,57000000.0,684000000.0,671000000.0,507000000.0,258000000.0,118000000.0,,6000000.0,106000000.0,,,-171000000.0,,8000000.0,24000000.0,524000000.0,12000000.0
2014-06-30,23934000000.0,,,,3620000000.0,,1402000000.0,,1332000000.0,620000000.0,712000000.0,4.59,4.54,155423000.0,157046000.0,1593000000.0,7565000000.0,,,,,2854000000.0,14086000000.0,1895000000.0,1289000000.0,3696000000.0,629000000.0,2155000000.0,23121000000.0,,,249000000.0,7880000000.0,,,,360000000.0,13121000000.0,9567000000.0,260000000.0,10000000000.0,23121000000.0,,55000000.0,,1137000000.0,,,914000000.0,,42000000.0,641000000.0,471000000.0,968000000.0,512000000.0,1007000000.0,,3000000.0,216000000.0,,,404000000.0,,9000000.0,-420000000.0,455000000.0,601000000.0
2014-09-30,36172000000.0,,,,5518000000.0,,1991000000.0,,1883000000.0,881000000.0,1002000000.0,6.46,6.39,155006000.0,156641000.0,2705000000.0,8088000000.0,,,,,3839000000.0,15636000000.0,1947000000.0,1349000000.0,3695000000.0,607000000.0,1704000000.0,24331000000.0,,,246000000.0,7769000000.0,,,,312000000.0,14206000000.0,9813000000.0,233000000.0,10125000000.0,24331000000.0,,76000000.0,,68000000.0,,,960000000.0,,40000000.0,238000000.0,1425000000.0,1949000000.0,702000000.0,1171000000.0,,3000000.0,361000000.0,,,-368000000.0,,10000000.0,510000000.0,1567000000.0,852000000.0
2014-12-31,48500000000.0,,,,7639000000.0,,2362000000.0,,2170000000.0,1023000000.0,1147000000.0,7.44,7.36,154187000.0,155874000.0,1935000000.0,7598000000.0,,,101000000.0,,4011000000.0,14712000000.0,1949000000.0,1419000000.0,3711000000.0,572000000.0,1675000000.0,23466000000.0,,,361000000.0,7355000000.0,,,,291000000.0,13820000000.0,9916000000.0,223000000.0,9646000000.0,23466000000.0,,98000000.0,-64000000.0,264000000.0,,,952000000.0,,155000000.0,413000000.0,1618000000.0,2883000000.0,885000000.0,2409000000.0,,18000000.0,528000000.0,,,-63000000.0,,12000000.0,-758000000.0,797000000.0,1030000000.0
2015-03-31,13833000000.0,,,,1945000000.0,,790000000.0,,744000000.0,314000000.0,430000000.0,2.86,2.82,150490000.0,152349000.0,1946000000.0,7600000000.0,,,,,5214000000.0,17402000000.0,1972000000.0,1258000000.0,3231000000.0,419000000.0,1761000000.0,25624000000.0,,,378000000.0,9177000000.0,,,,281000000.0,15580000000.0,10302000000.0,227000000.0,10044000000.0,25624000000.0,,44000000.0,,644000000.0,,,1145000000.0,,17000000.0,1051000000.0,107000000.0,829000000.0,330000000.0,528000000.0,,0.0,123000000.0,,,-94000000.0,,13000000.0,-2000000.0,11000000.0,26000000.0
2015-06-30,27565000000.0,,,,3762000000.0,,1363000000.0,,1537000000.0,676000000.0,861000000.0,5.74,5.67,149982000.0,151748000.0,2250000000.0,7041000000.0,,,,,5555000000.0,16975000000.0,1839000000.0,1299000000.0,3266000000.0,401000000.0,2005000000.0,25384000000.0,,,291000000.0,8973000000.0,,,,357000000.0,15301000000.0,10689000000.0,153000000.0,10083000000.0,25384000000.0,,69000000.0,,1087000000.0,,,1437000000.0,,-70000000.0,923000000.0,-501000000.0,1721000000.0,615000000.0,1570000000.0,,38000000.0,259000000.0,,,1222000000.0,,14000000.0,-406000000.0,315000000.0,736000000.0
2015-09-30,40928000000.0,,,,5450000000.0,,2058000000.0,,2185000000.0,1010000000.0,1175000000.0,7.85,7.77,149617000.0,151321000.0,1597000000.0,7423000000.0,,,,,5767000000.0,15773000000.0,1879000000.0,1343000000.0,3266000000.0,379000000.0,2035000000.0,24296000000.0,,,297000000.0,7742000000.0,,,,225000000.0,13943000000.0,10960000000.0,137000000.0,10353000000.0,24296000000.0,,92000000.0,,-56000000.0,,,1080000000.0,,-64000000.0,-140000000.0,531000000.0,4345000000.0,881000000.0,3448000000.0,,38000000.0,384000000.0,,,617000000.0,,15000000.0,-1486000000.0,-338000000.0,1038000000.0
2015-12-31,54289000000.0,,,,7318000000.0,,2347000000.0,,2431000000.0,1155000000.0,1276000000.0,8.54,8.44,149455000.0,151142000.0,2571000000.0,7267000000.0,,,256000000.0,,4712000000.0,15711000000.0,1843000000.0,1384000000.0,3265000000.0,357000000.0,2502000000.0,24705000000.0,,,364000000.0,8152000000.0,,,,235000000.0,14359000000.0,11017000000.0,58000000.0,10346000000.0,24705000000.0,,109000000.0,-2000000.0,180000000.0,,,872000000.0,,3000000.0,-129000000.0,868000000.0,6739000000.0,1065000000.0,5493000000.0,,38000000.0,523000000.0,,,320000000.0,,15000000.0,-552000000.0,636000000.0,1179000000.0
2016-03-31,13800000000.0,,,,1768000000.0,,547000000.0,,500000000.0,266000000.0,234000000.0,1.57,1.56,149161000.0,150554000.0,2801000000.0,7738000000.0,,,,,5568000000.0,17844000000.0,1940000000.0,1420000000.0,3265000000.0,336000000.0,2465000000.0,26934000000.0,,,360000000.0,10105000000.0,,,,278000000.0,16409000000.0,11205000000.0,76000000.0,10525000000.0,26934000000.0,,23000000.0,,576000000.0,,,685000000.0,,-4000000.0,1210000000.0,482000000.0,1430000000.0,213000000.0,914000000.0,,,125000000.0,,,-428000000.0,,20000000.0,176000000.0,230000000.0,5000000.0
2016-06-30,27807000000.0,,,,3494000000.0,,1230000000.0,,1136000000.0,571000000.0,565000000.0,3.79,3.75,149386000.0,150851000.0,2429000000.0,7417000000.0,,,,,5337000000.0,17736000000.0,2051000000.0,1452000000.0,3266000000.0,316000000.0,2731000000.0,27236000000.0,,,311000000.0,9934000000.0,,,,347000000.0,16362000000.0,11492000000.0,134000000.0,10874000000.0,27236000000.0,,48000000.0,,1392000000.0,,,678000000.0,,-53000000.0,1198000000.0,206000000.0,2528000000.0,635000000.0,1853000000.0,,1000000.0,256000000.0,,,-297000000.0,,0.0,-51000000.0,-142000000.0,536000000.0
2016-09-30,41501000000.0,,,,5253000000.0,,2179000000.0,,2038000000.0,1023000000.0,1015000000.0,6.8,6.73,149417000.0,150904000.0,6769000000.0,7329000000.0,,,,,4791000000.0,19654000000.0,2273000000.0,1478000000.0,3272000000.0,298000000.0,2789000000.0,29466000000.0,,,3351000000.0,11816000000.0,,,,279000000.0,18181000000.0,11899000000.0,112000000.0,11285000000.0,29466000000.0,,76000000.0,,-396000000.0,,,419000000.0,,2987000000.0,127000000.0,4709000000.0,4533000000.0,1082000000.0,3319000000.0,,7000000.0,395000000.0,,,-534000000.0,,0.0,23000000.0,4198000000.0,851000000.0
2016-12-31,54379000000.0,,,,7277000000.0,,1741000000.0,,1552000000.0,938000000.0,614000000.0,4.11,4.07,149375000.0,150917000.0,3877000000.0,7595000000.0,,,399000000.0,,3438000000.0,16190000000.0,2203000000.0,1505000000.0,3272000000.0,280000000.0,2226000000.0,25396000000.0,,,280000000.0,7822000000.0,,,,263000000.0,14711000000.0,11454000000.0,-66000000.0,10685000000.0,25396000000.0,,115000000.0,-71000000.0,158000000.0,,,-426000000.0,,-84000000.0,937000000.0,1936000000.0,6566000000.0,1426000000.0,4312000000.0,,7000000.0,527000000.0,,,-1362000000.0,,0.0,732000000.0,1306000000.0,916000000.0
2017-03-31,13762000000.0,,,,1553000000.0,,1738000000.0,,1689000000.0,574000000.0,1115000000.0,7.54,7.49,147824000.0,148872000.0,8425000000.0,8205000000.0,,,,,3849000000.0,22317000000.0,2424000000.0,1525000000.0,3279000000.0,262000000.0,2167000000.0,31712000000.0,,,3420000000.0,13504000000.0,,,,367000000.0,21478000000.0,12509000000.0,-58000000.0,10234000000.0,31712000000.0,,26000000.0,,558000000.0,,,415000000.0,,3140000000.0,542000000.0,4205000000.0,1876000000.0,284000000.0,795000000.0,,7000000.0,122000000.0,,,-926000000.0,,,1269000000.0,4548000000.0,-4000000.0
2017-06-30,27296000000.0,,,,3006000000.0,,2838000000.0,,2731000000.0,966000000.0,1765000000.0,12.07,11.98,146212000.0,147253000.0,8139000000.0,8115000000.0,,,,,3884000000.0,22568000000.0,2670000000.0,1543000000.0,3280000000.0,245000000.0,2192000000.0,32253000000.0,,,3356000000.0,13705000000.0,,,,417000000.0,21300000000.0,13101000000.0,-5000000.0,10953000000.0,32253000000.0,,83000000.0,,1150000000.0,,,545000000.0,,3076000000.0,317000000.0,4099000000.0,3208000000.0,649000000.0,1723000000.0,,9000000.0,233000000.0,,,-1078000000.0,,,1241000000.0,4262000000.0,694000000.0
2017-09-30,40578000000.0,,,,4694000000.0,,3696000000.0,,3530000000.0,1266000000.0,2264000000.0,15.56,15.44,145546000.0,146622000.0,9865000000.0,8622000000.0,,,,,3776000000.0,23185000000.0,2716000000.0,1560000000.0,3281000000.0,227000000.0,2214000000.0,32956000000.0,,,3447000000.0,14418000000.0,,,,457000000.0,21745000000.0,13542000000.0,12000000.0,11211000000.0,32956000000.0,,116000000.0,,-358000000.0,,,369000000.0,,3167000000.0,641000000.0,6962000000.0,4337000000.0,919000000.0,2028000000.0,,10000000.0,376000000.0,,,-1776000000.0,,,802000000.0,5988000000.0,1206000000.0
2017-12-31,53767000000.0,,,,6567000000.0,,4262000000.0,,4020000000.0,1572000000.0,2448000000.0,16.94,16.81,144493000.0,145585000.0,4042000000.0,9557000000.0,,,217000000.0,,2949000000.0,17402000000.0,2745000000.0,1584000000.0,3281000000.0,226000000.0,2166000000.0,27178000000.0,,,378000000.0,9406000000.0,,,,237000000.0,17336000000.0,13670000000.0,19000000.0,9842000000.0,27178000000.0,,157000000.0,132000000.0,-406000000.0,,,582000000.0,,98000000.0,641000000.0,4051000000.0,6265000000.0,1111000000.0,2768000000.0,,31000000.0,526000000.0,,,-2941000000.0,,0.0,-945000000.0,165000000.0,1498000000.0
2018-03-31,14279000000.0,,,,1749000000.0,,760000000.0,,707000000.0,216000000.0,491000000.0,3.56,3.53,137903000.0,138830000.0,8855000000.0,9742000000.0,,,,,4059000000.0,23932000000.0,2361000000.0,1595000000.0,3760000000.0,276000000.0,1805000000.0,33453000000.0,,,3706000000.0,15455000000.0,,,,303000000.0,23372000000.0,14086000000.0,-154000000.0,10081000000.0,33453000000.0,,35000000.0,,422000000.0,,,1164000000.0,,3328000000.0,885000000.0,3686000000.0,1711000000.0,217000000.0,1392000000.0,,169000000.0,134000000.0,,,-405000000.0,,,1532000000.0,4813000000.0,4000000.0
2018-06-30,28538000000.0,,,,3510000000.0,,1622000000.0,,726000000.0,-174000000.0,684000000.0,4.96,4.93,137833000.0,138703000.0,8052000000.0,9464000000.0,,,,,4410000000.0,26864000000.0,379000000.0,1626000000.0,3895000000.0,284000000.0,1506000000.0,34270000000.0,,,3630000000.0,18768000000.0,,,,321000000.0,24059000000.0,14211000000.0,-176000000.0,10211000000.0,34270000000.0,,69000000.0,,619000000.0,,,1658000000.0,,3252000000.0,680000000.0,3561000000.0,2624000000.0,555000000.0,2408000000.0,,354000000.0,272000000.0,,,-287000000.0,,,1515000000.0,,405000000.0
2018-09-30,42744000000.0,,,,5410000000.0,,2583000000.0,,1636000000.0,308000000.0,1328000000.0,9.64,9.58,137792000.0,138695000.0,4142000000.0,9695000000.0,,,,,4178000000.0,19077000000.0,405000000.0,1685000000.0,3895000000.0,263000000.0,1380000000.0,27490000000.0,,,294000000.0,11324000000.0,,,,603000000.0,16897000000.0,14786000000.0,-206000000.0,10593000000.0,27490000000.0,,105000000.0,,211000000.0,,,939000000.0,,-84000000.0,548000000.0,2506000000.0,3379000000.0,815000000.0,2614000000.0,,354000000.0,436000000.0,,,-2640000000.0,,,234000000.0,,511000000.0
2018-12-31,56912000000.0,,,,7525000000.0,,3100000000.0,,2074000000.0,391000000.0,1683000000.0,12.24,12.16,137486000.0,138403000.0,2343000000.0,10026000000.0,,,245000000.0,,3564000000.0,16948000000.0,411000000.0,1735000000.0,3897000000.0,245000000.0,1375000000.0,25413000000.0,,,283000000.0,10077000000.0,,,,581000000.0,15252000000.0,15072000000.0,-159000000.0,10161000000.0,25413000000.0,,137000000.0,194000000.0,200000000.0,,,484000000.0,,-95000000.0,-676000000.0,2173000000.0,4687000000.0,972000000.0,3494000000.0,,354000000.0,612000000.0,,,-3087000000.0,,,-785000000.0,-1699000000.0,631000000.0
2019-03-31,16107000000.0,,,,1660000000.0,,847000000.0,,749000000.0,183000000.0,566000000.0,4.18,4.16,135383000.0,135962000.0,3877000000.0,9876000000.0,,,,,3965000000.0,19673000000.0,422000000.0,1754000000.0,3897000000.0,228000000.0,1555000000.0,28349000000.0,,,312000000.0,11927000000.0,,,,992000000.0,17508000000.0,15563000000.0,-10000000.0,10841000000.0,28349000000.0,,33000000.0,,940000000.0,,,102000000.0,,29000000.0,16000000.0,896000000.0,2175000000.0,397000000.0,2062000000.0,,0.0,139000000.0,,,145000000.0,,,493000000.0,,-22000000.0
2019-06-30,32352000000.0,,,,3363000000.0,,1962000000.0,,1990000000.0,484000000.0,1506000000.0,11.14,11.1,135223000.0,135770000.0,4778000000.0,9991000000.0,,,,,4487000000.0,20160000000.0,411000000.0,1796000000.0,3922000000.0,211000000.0,1568000000.0,28913000000.0,,,312000000.0,11539000000.0,,,,911000000.0,17041000000.0,16429000000.0,112000000.0,11872000000.0,28913000000.0,,76000000.0,,-123000000.0,,,548000000.0,,29000000.0,-116000000.0,2330000000.0,3135000000.0,894000000.0,2626000000.0,,0.0,296000000.0,,,89000000.0,,,16000000.0,,346000000.0
2019-09-30,48593000000.0,,,,5252000000.0,,2830000000.0,,2879000000.0,684000000.0,2195000000.0,16.31,16.24,134589000.0,135189000.0,5527000000.0,10430000000.0,,,,,3519000000.0,20324000000.0,404000000.0,1864000000.0,3922000000.0,194000000.0,1605000000.0,29180000000.0,,,274000000.0,11106000000.0,,,,897000000.0,17579000000.0,17045000000.0,177000000.0,11601000000.0,29180000000.0,,119000000.0,,-179000000.0,,,-334000000.0,,-9000000.0,168000000.0,4772000000.0,4130000000.0,1281000000.0,2878000000.0,,0.0,506000000.0,,,-477000000.0,,,-1111000000.0,,578000000.0
2019-12-31,64888000000.0,,,,7381000000.0,,3192000000.0,,3470000000.0,763000000.0,2707000000.0,20.2,20.1,134055000.0,134727000.0,4054000000.0,10972000000.0,,,236000000.0,,3806000000.0,19888000000.0,406000000.0,1955000000.0,3928000000.0,,1834000000.0,29074000000.0,,,247000000.0,10929000000.0,,,,935000000.0,17037000000.0,17483000000.0,156000000.0,12037000000.0,29074000000.0,,163000000.0,162000000.0,32000000.0,,,-118000000.0,,-36000000.0,471000000.0,5284000000.0,6361000000.0,1733000000.0,4086000000.0,,0.0,736000000.0,,,-1278000000.0,,,-2295000000.0,1711000000.0,518000000.0
2020-03-31,18935000000.0,,,,2117000000.0,,1074000000.0,,725000000.0,252000000.0,473000000.0,3.58,3.56,132135000.0,132811000.0,6054000000.0,11104000000.0,,,,,5384000000.0,24551000000.0,393000000.0,2023000000.0,4443000000.0,396000000.0,2130000000.0,34633000000.0,,,274000000.0,14830000000.0,,,,1186000000.0,22278000000.0,17871000000.0,48000000.0,12355000000.0,34633000000.0,,36000000.0,,953000000.0,,,1470000000.0,,27000000.0,1203000000.0,474000000.0,2459000000.0,735000000.0,1415000000.0,,709000000.0,192000000.0,,,-1210000000.0,,,2736000000.0,2000000000.0,
2020-06-30,38018000000.0,,,,4471000000.0,,3509000000.0,,3336000000.0,1035000000.0,2301000000.0,17.41,17.31,132248000.0,133023000.0,7163000000.0,12836000000.0,,,,,5631000000.0,27868000000.0,389000000.0,2118000000.0,4443000000.0,374000000.0,2515000000.0,38455000000.0,,,266000000.0,16455000000.0,,,,1323000000.0,24039000000.0,19616000000.0,317000000.0,14416000000.0,38455000000.0,,82000000.0,,1185000000.0,,,2124000000.0,,19000000.0,2267000000.0,3541000000.0,5464000000.0,1645000000.0,2084000000.0,,709000000.0,418000000.0,,,-2862000000.0,,,2430000000.0,3109000000.0,36000000.0
2020-09-30,58093000000.0,,,,6984000000.0,,5332000000.0,,5126000000.0,1485000000.0,3641000000.0,27.53,27.37,132318000.0,133196000.0,7985000000.0,,,,,,5170000000.0,27031000000.0,1105000000.0,2228000000.0,4443000000.0,352000000.0,2510000000.0,38477000000.0,,,287000000.0,14905000000.0,,,,1543000000.0,22709000000.0,20872000000.0,370000000.0,15768000000.0,38477000000.0,,129000000.0,,82000000.0,,,1547000000.0,,40000000.0,1257000000.0,5356000000.0,7230000000.0,3500000000.0,2097000000.0,,709000000.0,668000000.0,,,-3010000000.0,,,1585000000.0,3931000000.0,778000000.0
2020-12-31,77155000000.0,,,,10052000000.0,,4986000000.0,,4674000000.0,1307000000.0,3367000000.0,25.47,25.31,132199000.0,133012000.0,4673000000.0,,,,302000000.0,,5276000000.0,23641000000.0,1212000000.0,2371000000.0,4447000000.0,,2128000000.0,34969000000.0,,,318000000.0,13394000000.0,,,,1787000000.0,21241000000.0,20517000000.0,391000000.0,13728000000.0,34969000000.0,,181000000.0,195000000.0,85000000.0,,,581000000.0,,71000000.0,599000000.0,5639000000.0,9125000000.0,4986000000.0,2747000000.0,,709000000.0,964000000.0,,,-3065000000.0,,,-1955000000.0,619000000.0,1132000000.0
2021-03-31,20668000000.0,,,,2007000000.0,,1223000000.0,,1061000000.0,233000000.0,828000000.0,6.42,6.39,128931000.0,129551000.0,3877000000.0,,,,,,6202000000.0,25526000000.0,1120000000.0,2507000000.0,4602000000.0,343000000.0,2455000000.0,37415000000.0,,,325000000.0,15300000000.0,,,,1863000000.0,23225000000.0,21252000000.0,108000000.0,14190000000.0,37415000000.0,,39000000.0,,1049000000.0,,,1095000000.0,,7000000.0,-151000000.0,-837000000.0,3720000000.0,692000000.0,1953000000.0,,123000000.0,290000000.0,,,-1488000000.0,,,1529000000.0,-796000000.0,-1000000.0
2021-06-30,41313000000.0,,,,4123000000.0,,2459000000.0,,1832000000.0,416000000.0,1416000000.0,11.0,10.94,128811000.0,129469000.0,3378000000.0,,,,,,6503000000.0,25790000000.0,1182000000.0,2690000000.0,4914000000.0,,2254000000.0,38070000000.0,,,323000000.0,15051000000.0,,,,2113000000.0,23227000000.0,21751000000.0,216000000.0,14843000000.0,38070000000.0,,84000000.0,,1285000000.0,,,879000000.0,,5000000.0,-301000000.0,-477000000.0,5307000000.0,1627000000.0,2421000000.0,,325000000.0,619000000.0,,,-2203000000.0,,,1385000000.0,-1295000000.0,386000000.0
2021-09-30,62010000000.0,,,,6726000000.0,,3087000000.0,,3483000000.0,536000000.0,2947000000.0,22.9,22.77,128714000.0,129398000.0,4304000000.0,,,,,,5913000000.0,25815000000.0,1095000000.0,2898000000.0,10806000000.0,2658000000.0,4563000000.0,45320000000.0,,,277000000.0,15027000000.0,,,,2545000000.0,29038000000.0,23191000000.0,145000000.0,,45320000000.0,,132000000.0,0.0,294000000.0,,,476000000.0,,-84000000.0,207000000.0,2358000000.0,6573000000.0,2103000000.0,2920000000.0,,3959000000.0,945000000.0,,,-6454000000.0,,,3727000000.0,-369000000.0,219000000.0
2021-12-31,83064000000.0,,,,10121000000.0,,3148000000.0,,3419000000.0,485000000.0,2933000000.0,22.79,22.67,128688000.0,129396000.0,3394000000.0,,,,578000000.0,,6493000000.0,24893000000.0,780000000.0,3073000000.0,11092000000.0,2639000000.0,4379000000.0,44358000000.0,,,254000000.0,15331000000.0,,,,2383000000.0,28255000000.0,23086000000.0,42000000.0,,44358000000.0,,180000000.0,15000000.0,280000000.0,,,491000000.0,,-65000000.0,176000000.0,2262000000.0,7197000000.0,2597000000.0,3547000000.0,,4187000000.0,1316000000.0,,,-6556000000.0,,,3015000000.0,-1279000000.0,227000000.0
2022-03-31,23970000000.0,,,,2886000000.0,,1289000000.0,,1216000000.0,286000000.0,930000000.0,7.32,7.29,126938000.0,127474000.0,4864000000.0,,,,,,5710000000.0,26840000000.0,392000000.0,3189000000.0,11139000000.0,2651000000.0,4610000000.0,46308000000.0,,,288000000.0,17532000000.0,,,,2149000000.0,30966000000.0,23915000000.0,-572000000.0,,46308000000.0,,43000000.0,,1360000000.0,,,628000000.0,,34000000.0,-103000000.0,302000000.0,2161000000.0,588000000.0,1294000000.0,,74000000.0,295000000.0,,,-648000000.0,,,1816000000.0,1470000000.0,-20000000.0
2022-06-30,47632000000.0,,,,6059000000.0,,2504000000.0,,2340000000.0,713000000.0,1626000000.0,12.83,12.77,126730000.0,127279000.0,5153000000.0,,,,,,5393000000.0,27217000000.0,380000000.0,3121000000.0,8911000000.0,1756000000.0,3690000000.0,46820000000.0,,,264000000.0,17839000000.0,,,,1907000000.0,31310000000.0,24511000000.0,-1051000000.0,,46820000000.0,,93000000.0,167000000.0,1733000000.0,,,655000000.0,,10000000.0,-333000000.0,1261000000.0,3239000000.0,947000000.0,1363000000.0,,167000000.0,574000000.0,,,-1670000000.0,,,2235000000.0,1826000000.0,373000000.0
2022-09-30,70431000000.0,,,,9120000000.0,,3676000000.0,,3640000000.0,820000000.0,2821000000.0,22.27,22.16,126678000.0,127356000.0,13558000000.0,,,,,,5420000000.0,33711000000.0,375000000.0,3218000000.0,9096000000.0,1797000000.0,3627000000.0,50765000000.0,,,6012000000.0,25051000000.0,,,,1599000000.0,34448000000.0,25606000000.0,-1467000000.0,,50765000000.0,,173000000.0,-33000000.0,-11000000.0,,,465000000.0,,5758000000.0,-195000000.0,9714000000.0,4740000000.0,1214000000.0,1979000000.0,,293000000.0,862000000.0,,,6000000.0,,,444000000.0,10164000000.0,751000000.0
2022-12-31,92870000000.0,,,,12671000000.0,,3800000000.0,,3564000000.0,762000000.0,2806000000.0,22.2,22.08,126419000.0,127094000.0,5061000000.0,,,,851000000.0,,5567000000.0,26183000000.0,380000000.0,3221000000.0,9142000000.0,1765000000.0,3380000000.0,43055000000.0,,,286000000.0,17178000000.0,,,,1473000000.0,27685000000.0,25492000000.0,-1304000000.0,15311000000.0,43055000000.0,,216000000.0,-100000000.0,54000000.0,,,463000000.0,,32000000.0,44000000.0,4587000000.0,6049000000.0,1365000000.0,2434000000.0,,337000000.0,1120000000.0,,,-1006000000.0,,,-1914000000.0,1667000000.0,758000000.0
2023-03-31,26742000000.0,,,,2979000000.0,,1719000000.0,,1597000000.0,359000000.0,1239000000.0,9.91,9.87,125005000.0,125564000.0,13735000000.0,,,,,,5758000000.0,37532000000.0,371000000.0,3234000000.0,9320000000.0,1754000000.0,3580000000.0,54776000000.0,,,7220000000.0,26942000000.0,,,,1457000000.0,38142000000.0,26619000000.0,-1113000000.0,16577000000.0,54776000000.0,,38000000.0,,1433000000.0,,,907000000.0,,6934000000.0,-238000000.0,6687000000.0,1313000000.0,267000000.0,50000000.0,,73000000.0,223000000.0,,,-1292000000.0,,,3279000000.0,8674000000.0,6000000.0
2023-06-30,53489000000.0,,,,6090000000.0,,3155000000.0,,2849000000.0,655000000.0,2198000000.0,17.62,17.54,124790000.0,125336000.0,16214000000.0,,,,,,5865000000.0,38759000000.0,389000000.0,3309000000.0,9539000000.0,1782000000.0,3726000000.0,56455000000.0,,,7378000000.0,28279000000.0,,,,1563000000.0,39564000000.0,27468000000.0,-1226000000.0,16834000000.0,56455000000.0,,89000000.0,0.0,-269000000.0,,,1141000000.0,,7092000000.0,-170000000.0,9863000000.0,2737000000.0,577000000.0,811000000.0,,189000000.0,487000000.0,,,-2025000000.0,,,3315000000.0,11153000000.0,681000000.0
2023-09-30,79912000000.0,,,,9361000000.0,,4361000000.0,,3935000000.0,911000000.0,3030000000.0,24.37,24.26,124335000.0,124885000.0,15148000000.0,,,,,,6136000000.0,38253000000.0,370000000.0,3342000000.0,9540000000.0,1765000000.0,3638000000.0,55905000000.0,,,7536000000.0,27823000000.0,,,,1595000000.0,38901000000.0,28191000000.0,-1503000000.0,16949000000.0,55905000000.0,,142000000.0,0.0,126000000.0,,,935000000.0,,7250000000.0,39000000.0,11115000000.0,3366000000.0,885000000.0,815000000.0,,223000000.0,721000000.0,,,-2610000000.0,,,1582000000.0,10087000000.0,957000000.0
2023-12-31,106374000000.0,,,,13188000000.0,,4013000000.0,,3320000000.0,836000000.0,2489000000.0,20.09,20.0,123866000.0,124441000.0,4694000000.0,,,,48000000.0,,6631000000.0,29986000000.0,382000000.0,3030000000.0,9550000000.0,1693000000.0,3377000000.0,47065000000.0,,,266000000.0,18872000000.0,,,,1662000000.0,30747000000.0,27540000000.0,-999000000.0,16262000000.0,47065000000.0,,175000000.0,-164000000.0,337000000.0,,,1318000000.0,,-20000000.0,841000000.0,3981000000.0,7552000000.0,1292000000.0,3795000000.0,,233000000.0,1004000000.0,,,-3492000000.0,,,-856000000.0,-367000000.0,997000000.0
2024-03-31,29611000000.0,,,,3042000000.0,,1236000000.0,,990000000.0,251000000.0,741000000.0,6.13,6.11,120978000.0,121268000.0,5910000000.0,,,,,,6264000000.0,32796000000.0,380000000.0,2979000000.0,9563000000.0,1679000000.0,3643000000.0,50091000000.0,,,301000000.0,19689000000.0,,,,1826000000.0,33905000000.0,28173000000.0,-1086000000.0,16130000000.0,50091000000.0,,45000000.0,,1890000000.0,,,-97000000.0,,35000000.0,-422000000.0,423000000.0,1259000000.0,645000000.0,391000000.0,,14000000.0,177000000.0,,,-414000000.0,,,1207000000.0,1216000000.0,1000000.0
2024-06-30,59151000000.0,,,,6190000000.0,,2377000000.0,,1891000000.0,474000000.0,1420000000.0,11.76,11.74,120712000.0,120967000.0,5501000000.0,,,,,,5843000000.0,32858000000.0,388000000.0,2821000000.0,9567000000.0,1663000000.0,3723000000.0,50093000000.0,,,313000000.0,19790000000.0,,,,1829000000.0,33365000000.0,28745000000.0,-1122000000.0,16671000000.0,50093000000.0,,100000000.0,,2055000000.0,,,-592000000.0,,47000000.0,-327000000.0,1636000000.0,2962000000.0,1355000000.0,499000000.0,,17000000.0,291000000.0,,,-1416000000.0,,,587000000.0,807000000.0,362000000.0
2024-09-30,88548000000.0,,,,9529000000.0,,3105000000.0,,2526000000.0,629000000.0,1900000000.0,15.76,15.72,120609000.0,120899000.0,5116000000.0,,,,,,6633000000.0,32926000000.0,400000000.0,2693000000.0,9590000000.0,1650000000.0,3669000000.0,50007000000.0,,,195000000.0,18727000000.0,,,,1770000000.0,32383000000.0,29118000000.0,-653000000.0,17565000000.0,50007000000.0,,153000000.0,,109000000.0,,,-258000000.0,,-71000000.0,-498000000.0,3494000000.0,6403000000.0,2214000000.0,1758000000.0,,37000000.0,421000000.0,,,-2889000000.0,,,-183000000.0,422000000.0,570000000.0
