Date,Net sales,Cost of sales,Gross margin,Research and development,"Selling, general and administrative",Total operating expenses,Operating income,"Other income/(expense), net",Income before provision for income taxes,Provision for income taxes,Net income,Earnings per share basic,Earnings per share diluted,Weighted-average basic,Weighted-average diluted,Cash and cash equivalents,Short-term marketable securities,"Accounts receivable, net",Inventories,Deferred tax assets,Vendor non-trade receivables,Other current assets,Total current assets,Long-term marketable securities,"Property, Plant and Equipment, Net",Goodwill,"Acquired intangible assets, net","Other Assets, Noncurrent",Total assets,accounts payable,Accrued expenses,Deferred revenue,Total current liabilities,Deferred revenue - non-current,deferred tax liabilities,long term taxes payable,Total other non-current liabilities,Total liabilities,Retained Earnings (Accumulated Deficit),Accumulated other comprehensive (loss)/income,Total shareholders equity,Total liabilities and shareholders' equity,"Depreciation, amortization and accretion",Stock-based compensation expense,Deferred income tax expense,"Increase (Decrease) in Accounts receivable, net",Increase (Decrease) in Inventories,Increase (Decrease) in Other Receivables,Increase (Decrease) in Other Operating Assets,Increase (Decrease) in Accounts Payable,Increase (Decrease) in Deferred Revenue,Increase (Decrease) Other liabilities,Cash generated by operating activities,Purchases of marketable securities,Proceeds from maturities of marketable securities,Proceeds from sales of marketable securities,Purchases of other long-term investments,"Business acquisitions, net of cash acquired",Cash payments for capital asset purchases,Payments for acquisition of intangible assets,Payments for (Proceeds from) Other Investing Activities,Cash used in investing activities,Proceeds from issuance of common stock,Excess tax benefits from stock-based compensation,Cash generated/used in financing activities,Increase/(decrease) in cash and cash equivalents,"Cash paid for income taxes, net"
2010-06-30,734124000.0,431762000.0,302362000.0,,178791000.0,,120673000.0,,114133000.0,37110000.0,77023000.0,0.95,0.94,80369000.0,81800000.0,159138000.0,,,170109000.0,,,47773000.0,577450000.0,,179284000.0,1169641000.0,277431000.0,7721000.0,2211527000.0,,131549000.0,,237535000.0,,152271000.0,,89754000.0,939392000.0,949494000.0,-38693000.0,1272135000.0,2211527000.0,,9330000.0,1656000.0,20950000.0,14618000.0,,,,,,95705000.0,,,,,51273000.0,17533000.0,,,-68806000.0,,2284000.0,65263000.0,85612000.0,
2010-09-30,1107855000.0,651360000.0,456495000.0,,266961000.0,,183112000.0,,171309000.0,55722000.0,115587000.0,1.42,1.4,80517000.0,81938000.0,206054000.0,,,191698000.0,,,53019000.0,660959000.0,,187021000.0,1208756000.0,281978000.0,7747000.0,2346461000.0,,163119000.0,,280854000.0,,158536000.0,,90754000.0,1010703000.0,975702000.0,-9107000.0,1335758000.0,2346461000.0,,12858000.0,1210000.0,19684000.0,27664000.0,,,,,,157346000.0,,,,,68330000.0,26006000.0,,,-94336000.0,,3271000.0,62318000.0,132528000.0,
2010-12-31,1513073000.0,894590000.0,618483000.0,,358272000.0,,249116000.0,,231874000.0,74774000.0,157100000.0,1.93,1.9,80466000.0,81983000.0,235136000.0,,,196546000.0,,,47523000.0,692758000.0,,188562000.0,1207001000.0,281392000.0,11982000.0,2381695000.0,,117879000.0,,353668000.0,,148534000.0,,95383000.0,1006035000.0,1005040000.0,-12709000.0,1375660000.0,2381695000.0,,17358000.0,-7336000.0,22162000.0,26651000.0,,,,,,184477000.0,,,,,91286000.0,31740000.0,,,-122306000.0,,3457000.0,95521000.0,161610000.0,
2011-03-31,427089000.0,248389000.0,178700000.0,,100979000.0,,77721000.0,,70360000.0,22409000.0,47951000.0,0.58,0.57,81430000.0,83248000.0,195548000.0,,,215650000.0,,,50632000.0,704007000.0,,199703000.0,1246258000.0,299333000.0,16127000.0,2465428000.0,,113002000.0,,328709000.0,,153915000.0,,94435000.0,992442000.0,1052991000.0,13858000.0,1472986000.0,2465428000.0,,4849000.0,3011000.0,22325000.0,12875000.0,,,,,,29127000.0,,,,,50361000.0,11442000.0,,2126000.0,-63929000.0,,2370000.0,-11859000.0,-39588000.0,
2011-06-30,880887000.0,517348000.0,363539000.0,,206189000.0,,157350000.0,,143616000.0,45483000.0,98133000.0,1.19,1.17,82151000.0,83778000.0,202961000.0,,,282381000.0,,,58429000.0,814005000.0,,231538000.0,1450988000.0,406340000.0,20449000.0,2923320000.0,,122894000.0,9638000.0,350126000.0,3658000.0,169810000.0,,98617000.0,1411670000.0,1075006000.0,22169000.0,1511650000.0,2923320000.0,,10082000.0,2427000.0,25722000.0,19532000.0,,,,,,80838000.0,,,,,446044000.0,18618000.0,,2289000.0,-454300000.0,,4010000.0,331602000.0,-32175000.0,
2011-09-30,1357768000.0,812697000.0,545071000.0,,313485000.0,,228655000.0,,206717000.0,60248000.0,146469000.0,1.77,1.75,82402000.0,83586000.0,220461000.0,,,271617000.0,,,54882000.0,805306000.0,,219702000.0,1441640000.0,393947000.0,33133000.0,2893728000.0,,173854000.0,9816000.0,393159000.0,3321000.0,166325000.0,,95619000.0,1388307000.0,1109168000.0,-25653000.0,1505421000.0,2893728000.0,,9755000.0,1623000.0,18721000.0,13026000.0,,,,,,175609000.0,,,,,446069000.0,27984000.0,,2262000.0,-463664000.0,,4920000.0,272685000.0,-14675000.0,
2011-12-31,1838451000.0,1099778000.0,738673000.0,36000000.0,421703000.0,,304656000.0,,273881000.0,80024000.0,193857000.0,2.34,2.32,82145000.0,83543000.0,230259000.0,,,254258000.0,-116252000.0,,51799000.0,789161000.0,,213717000.0,1431366000.0,382222000.0,19641000.0,2836107000.0,,130696000.0,7954000.0,258278000.0,3198000.0,142482000.0,,115846000.0,1322972000.0,1142412000.0,-55469000.0,1513135000.0,2836107000.0,72386000.0,12076000.0,-3576000.0,16488000.0,607000.0,,,,,,217241000.0,,,,,443634000.0,34548000.0,,3379000.0,-469537000.0,,5298000.0,253412000.0,-4877000.0,
2012-03-31,489417000.0,286528000.0,202889000.0,,113382000.0,,84569000.0,,74024000.0,21853000.0,52171000.0,0.63,0.62,82804000.0,83902000.0,245543000.0,,,253564000.0,,,59137000.0,829069000.0,,214153000.0,1442160000.0,374111000.0,19633000.0,2879126000.0,,129255000.0,6471000.0,249260000.0,3063000.0,147125000.0,,112320000.0,1278555000.0,1194583000.0,-38094000.0,1600571000.0,2879126000.0,,4661000.0,74000.0,15450000.0,212000.0,,,,,,58742000.0,,,,,,8515000.0,,40000.0,-8555000.0,,2118000.0,-39821000.0,15284000.0,
2012-06-30,983561000.0,577559000.0,406002000.0,,225264000.0,,173219000.0,,151908000.0,45386000.0,106522000.0,1.28,1.27,83180000.0,84090000.0,221110000.0,,,254497000.0,,,57273000.0,798089000.0,,215673000.0,1450969000.0,371475000.0,20596000.0,2856802000.0,,124167000.0,4914000.0,260900000.0,4959000.0,152854000.0,,110070000.0,1277549000.0,1215516000.0,-61641000.0,1579253000.0,2856802000.0,,8176000.0,3537000.0,7390000.0,-787000.0,,,,,,139478000.0,,,,,34201000.0,18688000.0,,90000.0,-52979000.0,,2456000.0,-90847000.0,-9149000.0,
2012-09-30,1463420000.0,862578000.0,600842000.0,,332431000.0,,253807000.0,,222092000.0,65443000.0,156649000.0,1.88,1.87,82820000.0,83785000.0,260503000.0,,,249564000.0,,,56292000.0,843864000.0,,223762000.0,1490821000.0,378660000.0,20328000.0,2957435000.0,,154557000.0,16147000.0,294042000.0,5657000.0,157971000.0,,113817000.0,1348598000.0,1249130000.0,-35674000.0,1608837000.0,2957435000.0,,11162000.0,4621000.0,8199000.0,-9187000.0,,,,,,240498000.0,,,,,69021000.0,28108000.0,,365000.0,-97494000.0,,3295000.0,-113874000.0,30244000.0,
2012-12-31,1954258000.0,1150558000.0,803700000.0,36400000.0,444490000.0,,128218000.0,,86204000.0,48574000.0,37630000.0,0.45,0.45,82689000.0,83641000.0,318864000.0,,,234950000.0,-85834000.0,,71956000.0,881865000.0,,219161000.0,1321727000.0,341372000.0,21265000.0,2785390000.0,,150176000.0,9682000.0,291427000.0,6534000.0,121349000.0,,128375000.0,1320392000.0,1113541000.0,-43403000.0,1464998000.0,2785390000.0,78312000.0,13102000.0,-37229000.0,-12747000.0,-23799000.0,,,,,,326180000.0,,,,,68930000.0,35520000.0,,529000.0,-105266000.0,,4474000.0,-136485000.0,88605000.0,
2013-03-31,494448000.0,282451000.0,211997000.0,,117285000.0,,94712000.0,,85434000.0,24134000.0,61300000.0,0.74,0.74,82197000.0,83152000.0,341045000.0,,,239575000.0,,,71425000.0,921918000.0,,215091000.0,1325939000.0,339641000.0,20011000.0,2822600000.0,,154470000.0,11765000.0,283622000.0,6811000.0,121017000.0,,120752000.0,1340953000.0,1174841000.0,-68193000.0,1481647000.0,2822600000.0,,5612000.0,-117000.0,14843000.0,3115000.0,,,,,,72195000.0,,,,,34648000.0,7625000.0,,57000.0,-42330000.0,,2439000.0,1553000.0,22181000.0,
2013-06-30,1012893000.0,578047000.0,434846000.0,,240575000.0,,194271000.0,,173823000.0,49962000.0,123861000.0,1.5,1.49,82013000.0,82943000.0,374489000.0,,,231504000.0,,,62072000.0,936100000.0,,213384000.0,1329797000.0,329030000.0,19341000.0,2827652000.0,,143994000.0,12576000.0,294683000.0,6304000.0,122291000.0,,120179000.0,1348160000.0,1199610000.0,-61924000.0,1479492000.0,2827652000.0,,9489000.0,-64000.0,13156000.0,-5380000.0,,,,,,181514000.0,,,,,36849000.0,15822000.0,,130000.0,-52801000.0,,4771000.0,-65850000.0,55625000.0,
2013-09-30,1503510000.0,857155000.0,646355000.0,,354715000.0,,291640000.0,,260434000.0,72774000.0,187660000.0,2.28,2.27,81762000.0,82701000.0,399805000.0,,,236771000.0,,,58216000.0,950769000.0,,214253000.0,1344176000.0,321400000.0,18783000.0,2849381000.0,,155235000.0,10699000.0,309042000.0,5948000.0,126006000.0,,119766000.0,1334857000.0,1244804000.0,-31219000.0,1514524000.0,2849381000.0,,13464000.0,1184000.0,-2954000.0,-2644000.0,,,,,,299910000.0,,,,,36849000.0,23140000.0,,217000.0,-60206000.0,,6897000.0,-163391000.0,80941000.0,
2013-12-31,2024130000.0,1150766000.0,873364000.0,33000000.0,477851000.0,,395513000.0,,353129000.0,97914000.0,255215000.0,3.11,3.09,81517000.0,82489000.0,439629000.0,,,230967000.0,-106473000.0,,67131000.0,990953000.0,,213488000.0,1349456000.0,311227000.0,22453000.0,2887577000.0,,150751000.0,9455000.0,304609000.0,5578000.0,144908000.0,,93066000.0,1314588000.0,1293740000.0,-3305000.0,1572989000.0,2887577000.0,79334000.0,16993000.0,-3156000.0,-6195000.0,-9088000.0,,,,,,401522000.0,,,,,36849000.0,31536000.0,,344000.0,-68162000.0,,8560000.0,-219045000.0,120765000.0,
2014-03-31,543996000.0,299576000.0,244420000.0,,130585000.0,,113835000.0,,104222000.0,29674000.0,74548000.0,0.92,0.91,80527000.0,81575000.0,458383000.0,,,244175000.0,,,72915000.0,1063376000.0,,216045000.0,1349926000.0,300710000.0,21765000.0,2951822000.0,,163543000.0,12343000.0,313981000.0,5184000.0,146643000.0,,91348000.0,1330824000.0,1368288000.0,-1425000.0,1620998000.0,2951822000.0,,6312000.0,-748000.0,33910000.0,12605000.0,,,,,,74185000.0,,,,,0.0,10809000.0,,-21000.0,-10788000.0,,2925000.0,-43303000.0,18754000.0,
2014-06-30,1090689000.0,605137000.0,485552000.0,,259629000.0,,225923000.0,,205768000.0,59443000.0,146325000.0,1.81,1.79,80317000.0,81362000.0,485335000.0,,,254182000.0,,,69858000.0,1081526000.0,,223395000.0,1363753000.0,300275000.0,22048000.0,2990997000.0,,142493000.0,11773000.0,423375000.0,4763000.0,147408000.0,,90001000.0,1366110000.0,1395031000.0,14121000.0,1624887000.0,2990997000.0,,11963000.0,-471000.0,16218000.0,15584000.0,,,,,,166180000.0,,,,,25995000.0,23299000.0,,29000.0,-49323000.0,,3680000.0,-70745000.0,45706000.0,
2014-09-30,1623868000.0,903670000.0,720198000.0,,383428000.0,,336770000.0,,307098000.0,89332000.0,217766000.0,2.7,2.68,80064000.0,81093000.0,487066000.0,,,251058000.0,,,68367000.0,1076957000.0,,219824000.0,1336353000.0,284356000.0,21822000.0,2939312000.0,,160895000.0,12724000.0,398551000.0,5047000.0,144443000.0,,88245000.0,1351412000.0,1466472000.0,-38812000.0,1587900000.0,2939312000.0,,16445000.0,-5170000.0,21394000.0,17888000.0,,,,,,266583000.0,,,,,25442000.0,33820000.0,,52000.0,-59314000.0,,5360000.0,-137089000.0,47437000.0,
2014-12-31,2147767000.0,1198452000.0,949315000.0,36800000.0,504419000.0,,431224000.0,,392440000.0,113054000.0,279386000.0,3.48,3.45,79715000.0,80728000.0,509137000.0,,,237631000.0,-88040000.0,,72983000.0,1075791000.0,,219543000.0,1321277000.0,271164000.0,20295000.0,2908070000.0,,163409000.0,11813000.0,411968000.0,4612000.0,130368000.0,,114277000.0,1421619000.0,1483821000.0,-92278000.0,1486451000.0,2908070000.0,76907000.0,20717000.0,-8593000.0,11110000.0,7821000.0,,,,,,367961000.0,,,,,25443000.0,47997000.0,,280000.0,-72260000.0,,6275000.0,-184072000.0,69508000.0,
2015-03-31,502198000.0,276157000.0,226041000.0,,124284000.0,,101757000.0,,92883000.0,26929000.0,65954000.0,0.84,0.84,77996000.0,78856000.0,494496000.0,,,243565000.0,,,76121000.0,1081388000.0,,216336000.0,1293768000.0,257459000.0,20203000.0,2869154000.0,,140669000.0,11182000.0,360037000.0,4097000.0,130967000.0,,107295000.0,1418162000.0,1549775000.0,-147005000.0,1450992000.0,2869154000.0,,6882000.0,1000000.0,18039000.0,11215000.0,,,,,,49404000.0,,,,,,10077000.0,,48000.0,-10125000.0,,3220000.0,-20062000.0,-14641000.0,
2015-06-30,1017079000.0,559423000.0,457656000.0,,245990000.0,,211666000.0,,191381000.0,55842000.0,135539000.0,1.74,1.72,77731000.0,78576000.0,311495000.0,,,260814000.0,,,75177000.0,933597000.0,,234634000.0,1397660000.0,313694000.0,23773000.0,2903358000.0,,145771000.0,10477000.0,307665000.0,3692000.0,152852000.0,,113256000.0,1448550000.0,1569726000.0,-121316000.0,1454808000.0,2903358000.0,,11802000.0,524000.0,15274000.0,10473000.0,,,,,,148428000.0,,,,,173333000.0,23826000.0,,105000.0,-197264000.0,,4083000.0,-126149000.0,-197642000.0,
2015-09-30,1520870000.0,839954000.0,680916000.0,,360784000.0,,333479000.0,,303658000.0,88614000.0,215044000.0,2.77,2.75,77431000.0,78266000.0,306482000.0,,,252518000.0,,,75391000.0,906399000.0,,240270000.0,1400185000.0,300922000.0,22586000.0,2870362000.0,,169907000.0,9696000.0,324186000.0,3486000.0,153505000.0,,111298000.0,1441769000.0,1624759000.0,-141045000.0,1428593000.0,2870362000.0,,14735000.0,1473000.0,1417000.0,6474000.0,,,,,,261781000.0,,,,,193163000.0,32611000.0,,-647000.0,-197450000.0,,4350000.0,-235576000.0,-202655000.0,
2015-12-31,2020668000.0,1116353000.0,904315000.0,33600000.0,479408000.0,,431738000.0,,392345000.0,109538000.0,282807000.0,3.65,3.62,77126000.0,77972000.0,328018000.0,,,239124000.0,3446000.0,,35542000.0,862684000.0,,240945000.0,1396529000.0,287837000.0,17448000.0,2805443000.0,,153672000.0,9885000.0,309597000.0,3763000.0,110483000.0,,102365000.0,1362152000.0,1666680000.0,-146498000.0,1443291000.0,2805443000.0,78120000.0,20048000.0,-339000.0,-8832000.0,-4557000.0,,,,,,360321000.0,,,,,195013000.0,43776000.0,,273000.0,-210491000.0,,5265000.0,-295528000.0,-181119000.0,
2016-03-31,502572000.0,279237000.0,223335000.0,,120778000.0,,102557000.0,,92812000.0,24682000.0,68130000.0,0.9,0.89,75749000.0,76699000.0,358445000.0,,,278230000.0,,,42999000.0,976508000.0,,252512000.0,1524929000.0,370786000.0,17563000.0,3142298000.0,,150766000.0,11660000.0,292282000.0,3258000.0,154612000.0,,108262000.0,1649388000.0,1734810000.0,-128513000.0,1492910000.0,3142298000.0,,6442000.0,2950000.0,19267000.0,270000.0,,,,,,70365000.0,,,,,221556000.0,8650000.0,,-91000.0,-230115000.0,,0.0,186412000.0,30427000.0,
2016-06-30,1052268000.0,584875000.0,467393000.0,,251860000.0,,215533000.0,,196457000.0,52568000.0,143889000.0,1.89,1.87,75719000.0,76687000.0,361488000.0,,,257659000.0,,,53656000.0,969284000.0,,250904000.0,1516303000.0,354335000.0,18530000.0,3109356000.0,,141408000.0,11820000.0,297713000.0,2041000.0,152875000.0,,107513000.0,1612426000.0,1759157000.0,-153872000.0,1496930000.0,3109356000.0,,11603000.0,3669000.0,22625000.0,-11386000.0,,,,,,158843000.0,,,,,221556000.0,17052000.0,,-27000.0,-238581000.0,,0.0,118799000.0,33470000.0,
2016-09-30,1582624000.0,884342000.0,698282000.0,,371825000.0,,324390000.0,,295765000.0,82003000.0,213762000.0,2.81,2.78,75819000.0,76880000.0,239397000.0,,,276013000.0,,,54614000.0,857353000.0,,261092000.0,1662892000.0,462430000.0,18697000.0,3262464000.0,,160816000.0,11200000.0,305357000.0,1828000.0,182688000.0,,120075000.0,1707721000.0,1803060000.0,-147585000.0,1554743000.0,3262464000.0,28360000.0,15325000.0,4880000.0,2178000.0,-22250000.0,,,,,,284324000.0,,,,,510001000.0,28642000.0,,73000.0,-506187000.0,,0.0,141722000.0,-88621000.0,
2016-12-31,2113043000.0,1182276000.0,930767000.0,39400000.0,498994000.0,,405801000.0,,368512000.0,97403000.0,271109000.0,3.57,3.53,75803000.0,76758000.0,235964000.0,,,252859000.0,,,61085000.0,822721000.0,,247816000.0,1632592000.0,435504000.0,16311000.0,3154944000.0,,152852000.0,12607000.0,309158000.0,2442000.0,166427000.0,,121230000.0,1611050000.0,1834739000.0,-201653000.0,1543894000.0,3154944000.0,86892000.0,20326000.0,-17308000.0,-302000.0,-32747000.0,,,,,,399917000.0,,,,,510001000.0,38242000.0,,69000.0,-509199000.0,,0.0,46548000.0,-92054000.0,
2017-03-31,553552000.0,302611000.0,250941000.0,,130473000.0,,115671000.0,,104427000.0,28528000.0,75899000.0,0.99,0.99,76115000.0,76894000.0,216095000.0,,,257900000.0,,,54978000.0,823680000.0,,250114000.0,1645565000.0,428583000.0,15843000.0,3163785000.0,,142670000.0,15463000.0,278455000.0,2361000.0,171438000.0,,122304000.0,1522480000.0,1910638000.0,-178437000.0,1641305000.0,3163785000.0,8903000.0,6159000.0,1293000.0,20058000.0,2761000.0,,,,,,84979000.0,,,,,0.0,10162000.0,,-546000.0,-9616000.0,,,-99391000.0,-19869000.0,
2017-06-30,1126918000.0,619052000.0,507866000.0,,262265000.0,,240804000.0,,217884000.0,58141000.0,159743000.0,2.09,2.07,76220000.0,77320000.0,218361000.0,,,264545000.0,,,70757000.0,861418000.0,,254230000.0,1666747000.0,425432000.0,16338000.0,3224165000.0,,145824000.0,15582000.0,313905000.0,2167000.0,171877000.0,,122877000.0,1497154000.0,1937357000.0,-128780000.0,1727011000.0,3224165000.0,18633000.0,12398000.0,2414000.0,31110000.0,4796000.0,,,,,,172580000.0,,,,,0.0,19539000.0,,-96000.0,-19443000.0,,,-186092000.0,-17603000.0,
2017-09-30,1701408000.0,935612000.0,765796000.0,,393691000.0,,367308000.0,,331671000.0,88160000.0,243511000.0,3.19,3.15,76309000.0,77523000.0,303291000.0,,,266705000.0,,,77977000.0,955478000.0,,250889000.0,1679768000.0,414853000.0,16773000.0,3317761000.0,,170223000.0,13055000.0,336851000.0,2205000.0,172808000.0,,122937000.0,1507449000.0,1992638000.0,-97462000.0,1810312000.0,3317761000.0,28425000.0,18143000.0,1888000.0,28407000.0,4869000.0,,,,,,296580000.0,,,,,0.0,28054000.0,,337000.0,-23232000.0,,,-236728000.0,67327000.0,
2017-12-31,2287312000.0,1260634000.0,1026678000.0,42400000.0,524940000.0,,502556000.0,,455273000.0,118016000.0,337257000.0,4.41,4.36,76232000.0,77333000.0,375950000.0,,,259724000.0,,,74203000.0,1004043000.0,,258350000.0,1704158000.0,414746000.0,18331000.0,3399628000.0,,184705000.0,11031000.0,360975000.0,3297000.0,,,155685000.0,1513086000.0,2057915000.0,-89507000.0,1886542000.0,3399628000.0,84216000.0,24405000.0,-33742000.0,15803000.0,-760000.0,,,,,,432753000.0,,,,,38161000.0,43858000.0,,533000.0,-54746000.0,,0.0,-277421000.0,139986000.0,
2018-03-31,612324000.0,335672000.0,276652000.0,,138327000.0,,136683000.0,,130132000.0,31174000.0,98958000.0,1.29,1.27,76419000.0,77739000.0,412973000.0,,,283876000.0,,,43781000.0,1069288000.0,,267130000.0,1722768000.0,408188000.0,18085000.0,3485459000.0,,158156000.0,12586000.0,316282000.0,3489000.0,,,160915000.0,1468574000.0,2162663000.0,-65690000.0,2016885000.0,3485459000.0,10183000.0,7652000.0,-2041000.0,30816000.0,21116000.0,,,,,,71729000.0,,,,,,10009000.0,,184000.0,-10193000.0,,,-26487000.0,37023000.0,
2018-06-30,1246684000.0,682665000.0,564019000.0,,275875000.0,,284514000.0,,266873000.0,60789000.0,206084000.0,2.69,2.65,76539000.0,77722000.0,458751000.0,,331868000.0,283854000.0,,,41448000.0,1113745000.0,,267828000.0,1690571000.0,393088000.0,18226000.0,3483458000.0,,162962000.0,10899000.0,347030000.0,,,,160842000.0,1494307000.0,2203473000.0,-125780000.0,1989151000.0,3483458000.0,19957000.0,13252000.0,-3021000.0,40044000.0,28011000.0,,,,,,192426000.0,,,,,,20968000.0,4000000.0,861000.0,-25829000.0,,,-71956000.0,82801000.0,
2018-09-30,1869572000.0,1025320000.0,844252000.0,,406354000.0,,429647000.0,,400114000.0,87678000.0,312436000.0,4.07,4.02,76562000.0,77717000.0,491767000.0,,326841000.0,287126000.0,,,51451000.0,1155239000.0,,276821000.0,1708783000.0,395497000.0,18467000.0,3554807000.0,,185453000.0,10271000.0,360213000.0,,,,154625000.0,1494233000.0,2276634000.0,-114102000.0,2060574000.0,3554807000.0,29725000.0,19814000.0,-1480000.0,34057000.0,27903000.0,,,,,,325753000.0,,,,,20205000.0,39856000.0,4000000.0,1180000.0,-65030000.0,,,-134569000.0,115817000.0,
2018-12-31,2483666000.0,1365771000.0,1117895000.0,48000000.0,536724000.0,,569088000.0,,528939000.0,118366000.0,410573000.0,5.36,5.29,76412000.0,77563000.0,466407000.0,,313719000.0,279995000.0,,,33938000.0,1092532000.0,,281220000.0,1697955000.0,383327000.0,18823000.0,3473857000.0,,187536000.0,8055000.0,364661000.0,,,,138214000.0,1479217000.0,2342079000.0,-129225000.0,1994640000.0,3473857000.0,77544000.0,24754000.0,-4345000.0,23419000.0,23031000.0,,,,,,479345000.0,,,,,20205000.0,56089000.0,4000000.0,1500000.0,-81431000.0,,,-290011000.0,90457000.0,
2019-03-31,622231000.0,338397000.0,283834000.0,,136052000.0,,147782000.0,,137001000.0,26733000.0,110268000.0,1.46,1.44,75442000.0,76284000.0,456130000.0,,335803000.0,298327000.0,,,40989000.0,1129228000.0,,271920000.0,1694408000.0,372740000.0,83164000.0,3551460000.0,,178198000.0,12392000.0,339247000.0,,,,177663000.0,1496228000.0,2452375000.0,-130017000.0,2055232000.0,3551460000.0,9660000.0,7560000.0,3027000.0,21402000.0,18548000.0,,,,,,88663000.0,,,,,,12875000.0,,195000.0,-12441000.0,,,-86981000.0,-10277000.0,
2019-06-30,1264330000.0,688159000.0,576171000.0,,270980000.0,,303065000.0,,281651000.0,58200000.0,223477000.0,2.96,2.92,75460000.0,76387000.0,543189000.0,,326748000.0,301006000.0,,,46329000.0,1216882000.0,,275025000.0,1697332000.0,365741000.0,85235000.0,3640215000.0,,162838000.0,11861000.0,361791000.0,,,,177681000.0,1528174000.0,2489911000.0,-124909000.0,2112041000.0,3640215000.0,19870000.0,14413000.0,10685000.0,14177000.0,21007000.0,,,,,,219838000.0,,,,,,25742000.0,0.0,-501000.0,-24461000.0,,,-118628000.0,76782000.0,
2019-09-30,1888576000.0,1030427000.0,858149000.0,,399237000.0,,444830000.0,,410867000.0,82200000.0,328671000.0,4.34,4.3,75698000.0,76577000.0,515985000.0,,318057000.0,303494000.0,,,53840000.0,1190624000.0,,273330000.0,1774390000.0,390908000.0,84643000.0,3713895000.0,,185156000.0,9823000.0,370670000.0,,,,169427000.0,1550842000.0,2556423000.0,-159861000.0,2163053000.0,3713895000.0,29599000.0,20620000.0,11528000.0,2071000.0,16987000.0,,,,,,376902000.0,,,,,87180000.0,36773000.0,0.0,-407000.0,-122589000.0,,,-192671000.0,49578000.0,
2019-12-31,2494573000.0,1369539000.0,1125034000.0,56400000.0,524987000.0,,579003000.0,,532903000.0,107382000.0,425521000.0,5.62,5.56,75594000.0,76454000.0,632581000.0,,298118000.0,293467000.0,,,37211000.0,1261445000.0,,280316000.0,1779745000.0,388031000.0,104375000.0,3813912000.0,,180290000.0,17633000.0,357877000.0,,,,197368000.0,1550683000.0,2615131000.0,-127345000.0,2263229000.0,3813912000.0,76876000.0,27669000.0,6625000.0,-22338000.0,3322000.0,,,,,,528062000.0,,,,,87180000.0,50912000.0,0.0,-115000.0,-137015000.0,,,-227585000.0,166174000.0,
2020-03-31,594462000.0,322506000.0,271956000.0,,132015000.0,,139941000.0,,127499000.0,25501000.0,101998000.0,1.35,1.33,75740000.0,76452000.0,569219000.0,,329131000.0,340581000.0,,,51437000.0,1289072000.0,,283276000.0,1831973000.0,426205000.0,113151000.0,3943677000.0,,208847000.0,43563000.0,366890000.0,,,,199791000.0,1713890000.0,2717129000.0,-150311000.0,2229787000.0,3943677000.0,10453000.0,6730000.0,2012000.0,24190000.0,23717000.0,,,,,,84760000.0,,,,,120839000.0,12762000.0,,160000.0,-133720000.0,,,-7802000.0,-63362000.0,
2020-06-30,1155711000.0,648955000.0,506756000.0,,252380000.0,,250535000.0,,219194000.0,46332000.0,172862000.0,2.29,2.27,75459000.0,76198000.0,746348000.0,,272387000.0,324931000.0,,,55716000.0,1397250000.0,,281852000.0,1842730000.0,422228000.0,129532000.0,4073592000.0,,225931000.0,38493000.0,401307000.0,,,,216386000.0,1812555000.0,2712312000.0,-129555000.0,2261037000.0,4073592000.0,20591000.0,13665000.0,2421000.0,-34253000.0,9529000.0,,,,,,254213000.0,,,,,120839000.0,21085000.0,,636000.0,-140446000.0,,,2050000.0,113767000.0,
2020-09-30,1736824000.0,978568000.0,758256000.0,,369750000.0,,381748000.0,,340469000.0,63800000.0,276710000.0,3.66,3.64,75423000.0,76119000.0,877758000.0,,276459000.0,302410000.0,,,65152000.0,1520752000.0,,293304000.0,1863577000.0,417080000.0,130882000.0,4225595000.0,,236937000.0,41840000.0,409699000.0,,,,223331000.0,1829066000.0,2778130000.0,-81249000.0,2396529000.0,4225595000.0,30851000.0,21155000.0,1323000.0,-33291000.0,-17920000.0,,,,,,407899000.0,,,,,118159000.0,39438000.0,,238000.0,-155605000.0,,,-20808000.0,245177000.0,
2020-12-31,2351646000.0,1324222000.0,1027424000.0,48200000.0,494935000.0,,520713000.0,,470340000.0,92562000.0,377778000.0,4.98,4.94,75741000.0,76400000.0,1025851000.0,,288288000.0,289910000.0,,,48324000.0,1657231000.0,,298273000.0,1895574000.0,415563000.0,147757000.0,4414398000.0,,208828000.0,28374000.0,399058000.0,,,,266797000.0,1874072000.0,2841546000.0,-13525000.0,2540203000.0,4414398000.0,83495000.0,19375000.0,8238000.0,-20873000.0,-36523000.0,,,,38967000.0,,569273000.0,,,,,123133000.0,51545000.0,0.0,306000.0,-172577000.0,,,-42602000.0,393270000.0,
2021-03-31,652036000.0,359413000.0,292623000.0,,134848000.0,,155547000.0,,145619000.0,32947000.0,112708000.0,1.48,1.48,75892000.0,76341000.0,958142000.0,,339923000.0,304636000.0,,,46573000.0,1651144000.0,,302805000.0,1928665000.0,441640000.0,136477000.0,4460731000.0,,206088000.0,33286000.0,377513000.0,,,,255370000.0,1850716000.0,2954254000.0,-60555000.0,2609926000.0,4460731000.0,10554000.0,7752000.0,561000.0,46289000.0,7539000.0,,,,11089000.0,,109324000.0,,,,,106236000.0,14609000.0,,-1100000.0,-119534000.0,,,-40424000.0,-67709000.0,
2021-06-30,1337983000.0,739288000.0,598695000.0,,279528000.0,,313803000.0,,275495000.0,60644000.0,214903000.0,2.83,2.81,75968000.0,76429000.0,714380000.0,,354204000.0,360079000.0,,,62761000.0,1493689000.0,,313353000.0,2210570000.0,626586000.0,138799000.0,4782997000.0,,230426000.0,41471000.0,450359000.0,,,,258782000.0,2110133000.0,2974163000.0,-29223000.0,2672796000.0,4782997000.0,21480000.0,13245000.0,-13982000.0,46257000.0,20936000.0,,,,15502000.0,,245596000.0,,,,,575606000.0,30593000.0,,-905000.0,-609252000.0,,,63961000.0,-311471000.0,
2021-09-30,2050002000.0,1139738000.0,910264000.0,,426708000.0,,474988000.0,,426552000.0,96000000.0,330645000.0,4.35,4.33,76010000.0,76452000.0,806497000.0,,367194000.0,353924000.0,,,56161000.0,1583361000.0,,314631000.0,2197084000.0,613366000.0,146137000.0,4854579000.0,,252092000.0,45055000.0,469108000.0,,,,258044000.0,2128296000.0,3048856000.0,-57086000.0,2726245000.0,4854579000.0,32281000.0,18575000.0,-7070000.0,59249000.0,28072000.0,,,,14817000.0,,402229000.0,,,,,575606000.0,45487000.0,,-874000.0,-624169000.0,,,24549000.0,-219354000.0,
2021-12-31,2764800000.0,1540300000.0,1224500000.0,50100000.0,578200000.0,,637000000.0,,579800000.0,130500000.0,449400000.0,5.91,5.88,76000000.0,76400000.0,855400000.0,,354900000.0,370400000.0,,,95800000.0,1678000000.0,,327300000.0,2167700000.0,597300000.0,146900000.0,4917200000.0,,259800000.0,49000000.0,480000000.0,,,,247400000.0,2114100000.0,3126500000.0,-69600000.0,2803100000.0,4917200000.0,103000000.0,20400000.0,-6100000.0,49400000.0,46100000.0,,,,19800000.0,,565300000.0,45200000.0,,,,577400000.0,72700000.0,,-1400000.0,-698100000.0,,,-9500000.0,-170500000.0,
2022-03-31,751100000.0,408600000.0,342500000.0,,154300000.0,,187600000.0,,180400000.0,40500000.0,140000000.0,1.84,1.83,76100000.0,76400000.0,733200000.0,,407400000.0,428500000.0,,,108400000.0,1681300000.0,,325800000.0,2213500000.0,629200000.0,149900000.0,4999700000.0,,258100000.0,59800000.0,468300000.0,,,,245300000.0,2100800000.0,3266500000.0,-88500000.0,2899000000.0,4999700000.0,12200000.0,6600000.0,1000000.0,49000000.0,50200000.0,,,,6400000.0,,79700000.0,,,,,114700000.0,16100000.0,,100000.0,-124400000.0,,,-71300000.0,-122200000.0,
2022-06-30,1547200000.0,847800000.0,699400000.0,,321800000.0,,374200000.0,,357500000.0,79500000.0,278200000.0,3.66,3.65,76000000.0,76200000.0,557800000.0,,421500000.0,457400000.0,,,110400000.0,1551300000.0,,323300000.0,2238600000.0,655000000.0,144600000.0,4912800000.0,,254000000.0,57300000.0,513800000.0,,,,230500000.0,2124800000.0,3313800000.0,-169800000.0,2788200000.0,4912800000.0,24700000.0,13500000.0,-200000.0,68700000.0,84500000.0,,,,1300000.0,,192000000.0,,,,,234900000.0,31700000.0,,100000.0,-260100000.0,,,-197100000.0,-297600000.0,
2022-09-30,2371200000.0,1290000000.0,1081200000.0,,483700000.0,,576400000.0,,585900000.0,129200000.0,456900000.0,6.02,6.0,75800000.0,76100000.0,680700000.0,,402200000.0,455300000.0,,,92900000.0,1635000000.0,,303500000.0,2191200000.0,628600000.0,134300000.0,4892600000.0,,264600000.0,45200000.0,506500000.0,,,,206700000.0,2090000000.0,3447100000.0,-264100000.0,2802800000.0,4892600000.0,37000000.0,16400000.0,200000.0,62500000.0,99600000.0,,,,-24700000.0,,390100000.0,,,,,232600000.0,48000000.0,,200000.0,-224400000.0,,,-274600000.0,-174700000.0,
2022-12-31,3181900000.0,1755000000.0,1426900000.0,61400000.0,652700000.0,,751400000.0,,749400000.0,162700000.0,586900000.0,7.74,7.71,75700000.0,76000000.0,430200000.0,,431300000.0,470900000.0,,,55400000.0,1399300000.0,,382100000.0,2638100000.0,947800000.0,144600000.0,5511900000.0,,289100000.0,44700000.0,543600000.0,,,,195800000.0,2472300000.0,3531700000.0,-126200000.0,3039300000.0,5511900000.0,119700000.0,21600000.0,-18500000.0,71700000.0,72400000.0,,,,-25000000.0,,557400000.0,0.0,,,,945600000.0,68000000.0,,-1400000.0,-917200000.0,,,-37800000.0,-425200000.0,
2023-03-31,845400000.0,462900000.0,382500000.0,,189700000.0,,192300000.0,,179800000.0,40000000.0,139800000.0,1.85,1.84,75600000.0,75900000.0,510700000.0,,438700000.0,497600000.0,,,69700000.0,1524500000.0,,397000000.0,2657900000.0,933500000.0,145100000.0,5658000000.0,,275900000.0,55400000.0,491900000.0,,,,198600000.0,2428500000.0,3671500000.0,-89200000.0,3229200000.0,5658000000.0,12800000.0,12800000.0,-200000.0,700000.0,23300000.0,,,,10200000.0,,147900000.0,3200000.0,,,,0.0,26600000.0,,300000.0,-29200000.0,,,-45200000.0,80500000.0,
2023-06-30,1691600000.0,931100000.0,760500000.0,,364000000.0,,392400000.0,,358300000.0,80000000.0,278400000.0,3.68,3.66,75600000.0,75900000.0,457000000.0,,447100000.0,482500000.0,,,93200000.0,1487900000.0,,421600000.0,2714400000.0,957300000.0,138700000.0,5719900000.0,,247900000.0,51300000.0,486600000.0,,,,196800000.0,2441000000.0,3713400000.0,-87800000.0,3278700000.0,5719900000.0,27200000.0,17000000.0,0.0,5800000.0,2000000.0,,,,4200000.0,,289100000.0,19100000.0,,,,110300000.0,48200000.0,,300000.0,-176600000.0,,,-92000000.0,26800000.0,
2023-09-30,2485000000.0,1374900000.0,1110100000.0,,529900000.0,,572000000.0,,620100000.0,132800000.0,487500000.0,6.44,6.42,75600000.0,75900000.0,562700000.0,,422800000.0,446600000.0,,,78300000.0,1518200000.0,,421500000.0,2677300000.0,919600000.0,133000000.0,5669600000.0,,262000000.0,48900000.0,487500000.0,,,,194800000.0,2282400000.0,3874000000.0,-146200000.0,3387100000.0,5669600000.0,41900000.0,18900000.0,-1800000.0,-11600000.0,-24500000.0,,,,5600000.0,,515700000.0,24600000.0,,,,110300000.0,68300000.0,,-2900000.0,-90000000.0,,,-286700000.0,132500000.0,
2023-12-31,3273900000.0,1827000000.0,1446900000.0,68400000.0,703500000.0,,732500000.0,,760300000.0,164700000.0,596100000.0,7.87,7.85,75600000.0,75900000.0,534300000.0,,419000000.0,420800000.0,,,63400000.0,1446300000.0,,430300000.0,2838300000.0,1011800000.0,138500000.0,5865200000.0,,271500000.0,55900000.0,500300000.0,,,,206700000.0,2324000000.0,3934300000.0,-45800000.0,3541400000.0,5865200000.0,152100000.0,21800000.0,-14700000.0,-20500000.0,-66200000.0,,,,12700000.0,,716700000.0,29000000.0,,,,311800000.0,89900000.0,,-3500000.0,-283800000.0,,,-344700000.0,104100000.0,
2024-03-31,800500000.0,443100000.0,357400000.0,,195100000.0,,161200000.0,,154500000.0,33200000.0,121400000.0,1.6,1.6,75700000.0,75900000.0,616300000.0,,429100000.0,426000000.0,,,74300000.0,1554500000.0,,428200000.0,2803000000.0,969100000.0,134600000.0,5889400000.0,,274100000.0,62400000.0,460600000.0,,,,201600000.0,2271100000.0,4055700000.0,-110200000.0,3618600000.0,5889400000.0,16200000.0,12500000.0,200000.0,12200000.0,9500000.0,,,,6800000.0,,156600000.0,0.0,,,,,20000000.0,,0.0,-20000000.0,,,-41000000.0,82000000.0,
2024-06-30,1607700000.0,883500000.0,724200000.0,,377900000.0,,343900000.0,,333700000.0,71200000.0,262700000.0,3.46,3.46,75700000.0,75900000.0,700700000.0,,416100000.0,427900000.0,,,74700000.0,1629500000.0,,419100000.0,2787200000.0,930900000.0,136600000.0,5903300000.0,,252000000.0,59100000.0,477400000.0,,,,193900000.0,2249900000.0,4092500000.0,-116400000.0,3653800000.0,5903300000.0,81000000.0,16900000.0,400000.0,11900000.0,19800000.0,,,,300000.0,,290200000.0,0.0,,,,-1600000.0,35900000.0,,-500000.0,11700000.0,,,-118200000.0,166400000.0,
2024-09-30,2405900000.0,1327800000.0,1078100000.0,,560800000.0,,511900000.0,,488100000.0,106700000.0,381800000.0,5.03,5.02,75700000.0,75900000.0,633200000.0,,467300000.0,488200000.0,,,81300000.0,1677800000.0,,468600000.0,3316000000.0,1349400000.0,155700000.0,6967500000.0,,301200000.0,65000000.0,564600000.0,,,,208200000.0,3149200000.0,4159300000.0,-24700000.0,3818900000.0,6967500000.0,124900000.0,20900000.0,400000.0,14500000.0,21600000.0,,,,-4300000.0,,495500000.0,0.0,,,,984500000.0,49600000.0,,7300000.0,-991800000.0,,,606700000.0,117000000.0,
,,,,,,,,,,,,,,,,,,,,,,,,,,,,,,,,,,,,,,,,,,,,,,,,,,,,,,,,,,,,,,,,,,,
,,,,,,,,,,,,,,,,,,,,,,,,,,,,,,,,,,,,,,,,,,,,,,,,,,,,,,,,,,,,,,,,,,,
