Date,Net sales,Cost of sales,Gross margin,Research and development,"Selling, general and administrative",Total operating expenses,Operating income,"Other income/(expense), net",Income before provision for income taxes,Provision for income taxes,Net income,Earnings per share basic,Earnings per share diluted,Weighted-average basic,Weighted-average diluted,Cash and cash equivalents,Short-term marketable securities,"Accounts receivable, net",Inventories,Deferred tax assets,Vendor non-trade receivables,Other current assets,Total current assets,Long-term marketable securities,"Property, Plant and Equipment, Net",Goodwill,"Acquired intangible assets, net","Other Assets, Noncurrent",Total assets,accounts payable,Accrued expenses,Deferred revenue,Total current liabilities,Deferred revenue - non-current,deferred tax liabilities,long term taxes payable,Total other non-current liabilities,Total liabilities,Retained Earnings (Accumulated Deficit),Accumulated other comprehensive (loss)/income,Total shareholders equity,Total liabilities and shareholders' equity,"Depreciation, amortization and accretion",Stock-based compensation expense,Deferred income tax expense,"Increase (Decrease) in Accounts receivable, net",Increase (Decrease) in Inventories,Increase (Decrease) in Other Receivables,Increase (Decrease) in Other Operating Assets,Increase (Decrease) in Accounts Payable,Increase (Decrease) in Deferred Revenue,Increase (Decrease) Other liabilities,Cash generated by operating activities,Purchases of marketable securities,Proceeds from maturities of marketable securities,Proceeds from sales of marketable securities,Purchases of other long-term investments,"Business acquisitions, net of cash acquired",Cash payments for capital asset purchases,Payments for acquisition of intangible assets,Payments for (Proceeds from) Other Investing Activities,Cash used in investing activities,Proceeds from issuance of common stock,Excess tax benefits from stock-based compensation,Cash generated/used in financing activities,Increase/(decrease) in cash and cash equivalents,"Cash paid for income taxes, net"
2010-06-30,,,,108475000.0,227532000.0,1136997000.0,,,182713000.0,51772000.0,130941000.0,1.65,1.63,79188000.0,80111000.0,110552000.0,,,454608000.0,66493000.0,,115971000.0,1223620000.0,,482041000.0,665582000.0,,167626000.0,2726882000.0,155056000.0,163519000.0,,495359000.0,,,,154647000.0,,2430322000.0,-303606000.0,844770000.0,2726882000.0,40221000.0,10780000.0,-14737000.0,53766000.0,30384000.0,,21818000.0,58580000.0,,9668000.0,127640000.0,,,,,,37013000.0,,,-36351000.0,,,-58594000.0,30417000.0,
2010-09-30,,,,161688000.0,336487000.0,1704096000.0,,,288897000.0,80917000.0,207980000.0,2.61,2.58,79357000.0,80266000.0,114885000.0,,,503991000.0,74699000.0,,122602000.0,1328150000.0,,505673000.0,665582000.0,,174109000.0,2864307000.0,169652000.0,181893000.0,,643597000.0,,,,164665000.0,,2485785000.0,-265374000.0,947154000.0,2864307000.0,60137000.0,16708000.0,-40720000.0,60926000.0,53155000.0,,22224000.0,92841000.0,,10644000.0,208325000.0,,,,,,53597000.0,,,-53980000.0,,,-118586000.0,34750000.0,
2010-12-31,,,,218772000.0,447392000.0,2263269000.0,,,359593000.0,96036000.0,263557000.0,3.29,3.26,,,131332000.0,,,531675000.0,74160000.0,,136224000.0,1325195000.0,,538118000.0,665582000.0,,171926000.0,2872455000.0,200153000.0,301265000.0,,660951000.0,,,,147779000.0,,2519706000.0,,999422000.0,2872455000.0,79242000.0,22001000.0,-13301000.0,12143000.0,86250000.0,,53917000.0,116817000.0,,2811000.0,315136000.0,,,,,,106301000.0,,,-106783000.0,,1403000.0,-156744000.0,51197000.0,
2011-03-31,,,,57456000.0,106619000.0,598650000.0,,,115621000.0,31578000.0,84043000.0,1.04,1.03,80049000.0,81150000.0,111970000.0,,,559550000.0,58573000.0,,137448000.0,1387619000.0,,551082000.0,665582000.0,,174153000.0,2946546000.0,185205000.0,198631000.0,,633972000.0,,,,149683000.0,,2582057000.0,-245914000.0,1098562000.0,2946546000.0,17962000.0,6329000.0,17915000.0,55564000.0,11933000.0,,-9122000.0,-93103000.0,,-8908000.0,-34944000.0,,,,,,19375000.0,,,-19448000.0,,816000.0,34210000.0,-19362000.0,
2011-06-30,,,,113685000.0,212843000.0,1209318000.0,251342000.0,,220542000.0,60311000.0,160231000.0,1.98,1.96,80451000.0,81489000.0,123431000.0,,,568162000.0,54097000.0,,147990000.0,1439230000.0,,564693000.0,665582000.0,,178198000.0,3008601000.0,166438000.0,178101000.0,,628652000.0,,,,150877000.0,,2636419000.0,-230179000.0,1184615000.0,3008601000.0,37356000.0,15912000.0,27215000.0,73172000.0,14098000.0,,13541000.0,-137545000.0,,-2216000.0,2145000.0,,,,,,45699000.0,,,-45695000.0,,5075000.0,33964000.0,-7901000.0,
2011-09-30,,,,167322000.0,309626000.0,1810619000.0,379942000.0,,333016000.0,90544000.0,242472000.0,3.0,2.96,80644000.0,81628000.0,107283000.0,,,534765000.0,48667000.0,,173755000.0,1383437000.0,,563691000.0,665582000.0,,177105000.0,2953529000.0,180931000.0,161122000.0,,575262000.0,,,,150328000.0,,2693584000.0,-280847000.0,1195375000.0,2953529000.0,56245000.0,19456000.0,25672000.0,71928000.0,6949000.0,,35352000.0,-125030000.0,,10922000.0,116726000.0,,,,,,74743000.0,,,-78227000.0,,5223000.0,-62340000.0,-24049000.0,
2011-12-31,,,,219781000.0,443974000.0,2414472000.0,427729000.0,,373546000.0,106680000.0,266866000.0,3.3,3.26,80456000.0,81467000.0,88279000.0,,,544439000.0,187443000.0,,158102000.0,1317220000.0,,608065000.0,665582000.0,,179833000.0,2965581000.0,208759000.0,203835000.0,,564566000.0,,,,151872000.0,,2692893000.0,,1104412000.0,2965581000.0,75327000.0,20547000.0,25357000.0,35697000.0,25199000.0,,22428000.0,12252000.0,,-14668000.0,189190000.0,,,,,,127457000.0,,,-131163000.0,,5933000.0,-100707000.0,-43053000.0,
2012-03-31,,,,57408000.0,105416000.0,,120907000.0,,110342000.0,29286000.0,81056000.0,1.0,0.99,80777000.0,81667000.0,76526000.0,,,555017000.0,54905000.0,,137311000.0,1345365000.0,,611441000.0,665582000.0,,184233000.0,3013398000.0,189223000.0,168081000.0,,520852000.0,,,,151335000.0,,2748828000.0,-342944000.0,1197499000.0,3013398000.0,19039000.0,2990000.0,-16313000.0,41220000.0,801000.0,,-8854000.0,-22286000.0,,5459000.0,52636000.0,,,,,,28758000.0,,,-27366000.0,,1312000.0,-38864000.0,-11753000.0,
2012-06-30,,,,113809000.0,218249000.0,,253216000.0,,232881000.0,63230000.0,169651000.0,2.08,2.06,81095000.0,81782000.0,104637000.0,,,539267000.0,54598000.0,,149153000.0,1364253000.0,,604022000.0,665582000.0,,190692000.0,3025307000.0,169673000.0,176138000.0,,507423000.0,,,,153175000.0,,2812293000.0,-388162000.0,1223280000.0,3025307000.0,37094000.0,11272000.0,-13786000.0,58035000.0,5643000.0,,21248000.0,-36253000.0,,9384000.0,135366000.0,,,,,,53833000.0,,,-52784000.0,,6513000.0,-64327000.0,16358000.0,
2012-09-30,,,,171467000.0,327942000.0,,387389000.0,,354726000.0,168710000.0,186016000.0,2.28,2.26,81246000.0,81984000.0,97181000.0,,,547676000.0,55966000.0,,153383000.0,1388964000.0,,619917000.0,665582000.0,,189607000.0,3059905000.0,160956000.0,172346000.0,,652910000.0,,,,118252000.0,,2800927000.0,-361697000.0,1247224000.0,3059905000.0,56332000.0,15363000.0,-13830000.0,66364000.0,3751000.0,,20087000.0,-33652000.0,,13366000.0,142905000.0,,,,,,84176000.0,,,-83120000.0,,6920000.0,-52498000.0,8902000.0,
2012-12-31,,,,233713000.0,453535000.0,2378031000.0,486618000.0,,443415000.0,189281000.0,254134000.0,3.11,3.09,81108000.0,81833000.0,324422000.0,,,540658000.0,65635000.0,,142401000.0,1572559000.0,,654641000.0,665582000.0,,159520000.0,3249600000.0,199272000.0,270240000.0,,622732000.0,,,,110608000.0,,2841166000.0,,1248808000.0,3249600000.0,76667000.0,19716000.0,-15878000.0,33056000.0,-4571000.0,,9969000.0,-740000.0,,1244000.0,323796000.0,,,,,,126140000.0,,,-114261000.0,,8380000.0,25404000.0,236143000.0,
2013-03-31,,,,59101000.0,114653000.0,,137606000.0,,127523000.0,36826000.0,90697000.0,1.11,1.1,81291000.0,82024000.0,300046000.0,,,515786000.0,52337000.0,,138965000.0,1534698000.0,,644910000.0,665582000.0,,164766000.0,3200549000.0,159367000.0,214073000.0,,540260000.0,,,,92837000.0,,2904131000.0,-398395000.0,1306606000.0,3200549000.0,19405000.0,4523000.0,12232000.0,34448000.0,-18208000.0,,-3531000.0,-29339000.0,,-15061000.0,18719000.0,,,,,,29861000.0,,,-28334000.0,,744000.0,-11880000.0,-24376000.0,
2013-06-30,,,,123774000.0,239468000.0,,279999000.0,,268268000.0,75248000.0,193020000.0,2.36,2.34,81309000.0,82041000.0,365897000.0,,,512784000.0,57474000.0,,156131000.0,1633893000.0,,651011000.0,665582000.0,,169817000.0,3308921000.0,176731000.0,203091000.0,,566824000.0,,,,94635000.0,,2978709000.0,-412532000.0,1369686000.0,3308921000.0,39807000.0,14050000.0,4971000.0,60753000.0,-14694000.0,,21727000.0,-10198000.0,,-28643000.0,118043000.0,,,,,,60689000.0,,,-42803000.0,,5172000.0,-27230000.0,41475000.0,
2013-09-30,,,,189428000.0,357687000.0,,421530000.0,,402252000.0,110187000.0,292065000.0,3.57,3.54,81437000.0,82043000.0,343149000.0,,,520707000.0,60736000.0,,155391000.0,1633867000.0,,656662000.0,665582000.0,,175334000.0,3324511000.0,176238000.0,214565000.0,,509576000.0,,,,102253000.0,,3045829000.0,-403558000.0,1435957000.0,3324511000.0,61084000.0,18919000.0,-5167000.0,72051000.0,-10679000.0,,23805000.0,-11581000.0,,-20086000.0,257316000.0,,,,,,86448000.0,,,-68247000.0,,5583000.0,-166181000.0,18727000.0,
2013-12-31,,,,259838000.0,505877000.0,2467686000.0,516339000.0,,485210000.0,131666000.0,353544000.0,4.32,4.29,81322000.0,81930000.0,405505000.0,,,533806000.0,40189000.0,,148910000.0,1652903000.0,,687215000.0,665582000.0,,140979000.0,3331731000.0,226733000.0,299628000.0,,560366000.0,,,,92085000.0,,3075657000.0,-392711000.0,1463072000.0,3331731000.0,83227000.0,23736000.0,-484000.0,53156000.0,-4822000.0,,-11973000.0,10074000.0,,-43061000.0,407562000.0,,,,,,134157000.0,,,-105406000.0,,6112000.0,-217038000.0,81083000.0,
2014-03-31,,,,61504000.0,123733000.0,,156053000.0,,142933000.0,36226000.0,106707000.0,1.31,1.3,81053000.0,81732000.0,268584000.0,,,552116000.0,30394000.0,,144079000.0,1569851000.0,,696234000.0,676051000.0,,141077000.0,3321353000.0,208995000.0,193107000.0,,484541000.0,,,,105322000.0,,3150688000.0,-397282000.0,1516516000.0,3321353000.0,22830000.0,4695000.0,8246000.0,41569000.0,591000.0,,-4446000.0,-11989000.0,,4215000.0,34993000.0,,,,,102400000.0,33836000.0,,,-122358000.0,,315000.0,-49328000.0,-136921000.0,
2014-06-30,,,,127934000.0,256653000.0,,309168000.0,,289286000.0,72294000.0,216992000.0,2.66,2.64,81003000.0,81583000.0,326853000.0,,,554871000.0,30475000.0,,148629000.0,1644048000.0,,698842000.0,675484000.0,,150153000.0,3400533000.0,195251000.0,184274000.0,,468650000.0,,,,110830000.0,,3229301000.0,-383714000.0,1598298000.0,3400533000.0,49131000.0,14034000.0,10228000.0,50236000.0,-1850000.0,,-2877000.0,-30831000.0,,8906000.0,154030000.0,,,,,102500000.0,60244000.0,,,-143392000.0,,5788000.0,-89625000.0,-78652000.0,
2014-09-30,,,,191635000.0,379864000.0,,461759000.0,,431472000.0,107064000.0,324408000.0,3.98,3.95,80981000.0,81556000.0,404836000.0,,,556302000.0,23315000.0,,165539000.0,1712609000.0,,700948000.0,675484000.0,,148581000.0,3476509000.0,207227000.0,194294000.0,,516854000.0,,,,116705000.0,,3298761000.0,-399061000.0,1639519000.0,3476509000.0,68678000.0,19627000.0,7496000.0,47929000.0,21609000.0,,5508000.0,-7590000.0,,23609000.0,317503000.0,,,,,102500000.0,97820000.0,,,-180536000.0,,6080000.0,-128122000.0,-669000.0,
2014-12-31,,,1362150000.0,253640000.0,514891000.0,,592321000.0,,549061000.0,134518000.0,414543000.0,5.09,5.06,80936000.0,81494000.0,478573000.0,,,568729000.0,27709000.0,,141248000.0,1710027000.0,,720268000.0,675484000.0,,129238000.0,3494621000.0,229866000.0,242884000.0,,518808000.0,,,,118024000.0,,3350734000.0,-540430000.0,1518561000.0,3494621000.0,89354000.0,22648000.0,23350000.0,2635000.0,40042000.0,,,7753000.0,,,518390000.0,,,,,102500000.0,143182000.0,,,-221333000.0,,6330000.0,-202330000.0,73068000.0,
2015-03-31,,,346277000.0,63462000.0,120835000.0,,161793000.0,,156408000.0,28150000.0,128258000.0,1.58,1.57,80654000.0,81195000.0,443689000.0,,,536465000.0,17127000.0,,232569000.0,1755110000.0,,692008000.0,675484000.0,,130905000.0,3507172000.0,215915000.0,183717000.0,,487320000.0,,,,113022000.0,,3441033000.0,-573315000.0,1567317000.0,3507172000.0,19985000.0,5387000.0,13932000.0,62891000.0,-13172000.0,,,-3061000.0,,,31476000.0,,,,,0.0,19381000.0,,,-17931000.0,,8597000.0,-39542000.0,-34884000.0,
2015-06-30,,,691317000.0,125976000.0,254898000.0,,310613000.0,,293386000.0,59754000.0,233632000.0,2.88,2.86,80790000.0,81201000.0,377254000.0,,,561715000.0,14923000.0,,201948000.0,1722254000.0,,714809000.0,752726000.0,,132144000.0,3653628000.0,241532000.0,187472000.0,,523521000.0,,,,115242000.0,,3508347000.0,-556248000.0,1623000000.0,3653628000.0,41041000.0,12860000.0,17891000.0,92329000.0,9834000.0,,,28435000.0,,,166318000.0,,,,,188835000.0,37937000.0,,,-214974000.0,,11608000.0,-46967000.0,-101319000.0,
2015-09-30,,,1038443000.0,188725000.0,382560000.0,,467328000.0,,436286000.0,96206000.0,340080000.0,4.2,4.18,80602000.0,81052000.0,272276000.0,,,589463000.0,12586000.0,,194818000.0,1638751000.0,,708902000.0,932307000.0,,129224000.0,3911685000.0,254344000.0,199697000.0,,687320000.0,,,,171563000.0,,3569911000.0,-611636000.0,1591872000.0,3911685000.0,65099000.0,18355000.0,13134000.0,108563000.0,31655000.0,,,54482000.0,,,294695000.0,,,,,493469000.0,66632000.0,,,-546067000.0,,11704000.0,66878000.0,-206297000.0,
2015-12-31,,,1351599000.0,246101000.0,509557000.0,,588347000.0,,539101000.0,119854000.0,419247000.0,5.19,5.16,80449000.0,80891000.0,181988000.0,,,589019000.0,102425000.0,,146981000.0,1455884000.0,,732794000.0,941389000.0,,119060000.0,3721454000.0,302473000.0,262482000.0,,742128000.0,,,,160849000.0,,3604254000.0,-613439000.0,1590318000.0,3721454000.0,89597000.0,23160000.0,13043000.0,91712000.0,37628000.0,,,89273000.0,,,433578000.0,,,,,493424000.0,101030000.0,,,-577156000.0,,12055000.0,-131296000.0,-296585000.0,
2016-03-31,,,360209000.0,63385000.0,123543000.0,,167220000.0,,154896000.0,36293000.0,118603000.0,1.48,1.47,79666000.0,80055000.0,528877000.0,,,600696000.0,,,152369000.0,1891529000.0,,733939000.0,951177000.0,,122737000.0,4162460000.0,276929000.0,217884000.0,,712748000.0,,,,157950000.0,,3678219000.0,-606999000.0,1630364000.0,4162460000.0,26697000.0,5930000.0,4193000.0,60655000.0,-3256000.0,,,-29375000.0,,,31615000.0,,,,,,22512000.0,,,-21146000.0,,1032000.0,339279000.0,346889000.0,
2016-06-30,,,725849000.0,126637000.0,256327000.0,,331694000.0,,306947000.0,71610000.0,235337000.0,2.94,2.93,79809000.0,80141000.0,539992000.0,,,584489000.0,,,183789000.0,1929434000.0,,737353000.0,940544000.0,,119437000.0,4154628000.0,255143000.0,205994000.0,,688251000.0,,,,144908000.0,,3750364000.0,-608310000.0,1673872000.0,4154628000.0,49743000.0,13774000.0,16543000.0,70361000.0,7271000.0,,1346000.0,-29167000.0,,-27081000.0,154550000.0,,,,,0.0,43236000.0,,,-40247000.0,,4431000.0,253125000.0,358004000.0,
2016-09-30,,,1072117000.0,191052000.0,408372000.0,,456034000.0,,420337000.0,95223000.0,325114000.0,4.07,4.05,79727000.0,80067000.0,498730000.0,,,585185000.0,,,186046000.0,1857035000.0,,745241000.0,941511000.0,,120113000.0,4097129000.0,259208000.0,228363000.0,,855924000.0,,,,147662000.0,,3789271000.0,-611647000.0,1693776000.0,4097129000.0,75109000.0,19471000.0,8323000.0,36070000.0,160000.0,,10155000.0,-29523000.0,,-9077000.0,329353000.0,,,,,0.0,70179000.0,,,-66235000.0,,4532000.0,65775000.0,316742000.0,
2016-12-31,,,1399070000.0,254263000.0,566224000.0,,567356000.0,,523717000.0,118686000.0,405031000.0,5.07,5.05,79648000.0,79981000.0,323992000.0,,,592017000.0,95712000.0,,142347000.0,1609014000.0,,775716000.0,1000123000.0,,127712000.0,4016984000.0,274815000.0,314288000.0,,898297000.0,,,,137475000.0,,3818535000.0,-680095000.0,1626244000.0,4016984000.0,102469000.0,24587000.0,14350000.0,21544000.0,-15452000.0,,2442000.0,-7642000.0,,1092000.0,535406000.0,,,,,236836000.0,126412000.0,,,-355463000.0,,4650000.0,-19694000.0,142004000.0,
2017-03-31,,,364666000.0,69711000.0,140330000.0,,137437000.0,,138487000.0,22723000.0,115764000.0,1.46,1.45,79098000.0,79409000.0,300067000.0,,,604251000.0,,,169594000.0,1711433000.0,,791920000.0,1120471000.0,,89965000.0,4252259000.0,277421000.0,248446000.0,,985824000.0,,,,158846000.0,,3850955000.0,-681468000.0,1626077000.0,4252259000.0,26802000.0,5819000.0,-3766000.0,60858000.0,109000.0,,-29016000.0,-1978000.0,,-20720000.0,21701000.0,,,,,138093000.0,26662000.0,,,-162188000.0,,-3000000.0,113727000.0,-23925000.0,
2017-06-30,,,739255000.0,140031000.0,276240000.0,,296578000.0,,280527000.0,54968000.0,225559000.0,2.85,2.84,79088000.0,79360000.0,491386000.0,,,623762000.0,150359000.0,,213267000.0,1993926000.0,,811826000.0,1145165000.0,,91535000.0,4618875000.0,265900000.0,232996000.0,,861223000.0,,,,151545000.0,,3909200000.0,-676201000.0,1674358000.0,4618875000.0,55805000.0,12893000.0,1505000.0,77580000.0,4228000.0,,-18007000.0,-23479000.0,,-35286000.0,57921000.0,,,,,191304000.0,46153000.0,,,-232027000.0,,-11485000.0,343611000.0,167394000.0,
2017-09-30,,,1121311000.0,210963000.0,417713000.0,,454245000.0,,421853000.0,86033000.0,335820000.0,4.24,4.22,79072000.0,79362000.0,316002000.0,,,619516000.0,158094000.0,,222990000.0,1849747000.0,,828592000.0,1153619000.0,,106248000.0,4520438000.0,271194000.0,248160000.0,,696127000.0,,,,156783000.0,,3965133000.0,-656651000.0,1757313000.0,4520438000.0,85446000.0,20149000.0,-3439000.0,94945000.0,-6211000.0,,-3824000.0,-20560000.0,,-40143000.0,199489000.0,,,,,191304000.0,77318000.0,,,-263180000.0,,-11509000.0,57496000.0,-7990000.0,
2017-12-31,,,1479001000.0,286026000.0,557311000.0,,581443000.0,,537045000.0,241380000.0,295665000.0,3.73,3.72,79070000.0,79370000.0,368046000.0,,,649448000.0,48674000.0,,215387000.0,1896544000.0,,880580000.0,1156288000.0,,149950000.0,4598926000.0,338188000.0,369194000.0,,768768000.0,,,,242398000.0,,3870621000.0,,1684202000.0,4598926000.0,117967000.0,26567000.0,58889000.0,68851000.0,18911000.0,,3866000.0,29114000.0,,20058000.0,390756000.0,,,,,192328000.0,128973000.0,,,-299930000.0,,-11768000.0,-42558000.0,44054000.0,
2018-03-31,930928000.0,,405809000.0,78476000.0,142644000.0,,174856000.0,,158837000.0,29421000.0,129416000.0,1.63,1.63,79018000.0,79393000.0,305276000.0,,,687817000.0,88231000.0,,242870000.0,1970341000.0,,887483000.0,1166022000.0,,155144000.0,4681276000.0,324262000.0,250073000.0,,716752000.0,,,,245484000.0,,3947791000.0,-620579000.0,1773150000.0,4681276000.0,33384000.0,7620000.0,18404000.0,61301000.0,30185000.0,,26035000.0,-8435000.0,,-1715000.0,-11395000.0,,,,,22000.0,33105000.0,,,-35239000.0,,-3266000.0,-14615000.0,-62770000.0,
2018-06-30,1850944000.0,,804525000.0,153244000.0,300051000.0,,329363000.0,,280754000.0,52190000.0,228564000.0,2.89,2.87,79065000.0,79347000.0,322423000.0,,,695192000.0,82204000.0,,285110000.0,2026580000.0,,867629000.0,1148586000.0,,157017000.0,4673442000.0,315656000.0,263448000.0,,699370000.0,,,,238635000.0,,3992452000.0,-692498000.0,1749855000.0,4673442000.0,64968000.0,15173000.0,14342000.0,99963000.0,67940000.0,,65620000.0,-7139000.0,,8651000.0,55169000.0,,,,,22000.0,67421000.0,,,-69467000.0,,-9096000.0,-24537000.0,-45623000.0,
2018-09-30,2758492000.0,,1205192000.0,228545000.0,457847000.0,,488633000.0,,381457000.0,57176000.0,324281000.0,4.06,4.04,81263000.0,81647000.0,5274459000.0,,,719508000.0,87481000.0,,251749000.0,6946827000.0,,874817000.0,1152864000.0,,167978000.0,9615542000.0,312236000.0,257364000.0,,758456000.0,,,,235332000.0,,4021172000.0,-715105000.0,4031814000.0,9615542000.0,95994000.0,22041000.0,20623000.0,93198000.0,92705000.0,,61597000.0,-17198000.0,,7287000.0,201958000.0,,,,,22000.0,102421000.0,,,-102287000.0,,-9725000.0,4821095000.0,4906413000.0,
2018-12-31,3977539000.0,,1682707000.0,311583000.0,707461000.0,,583882000.0,,447757000.0,107976000.0,339781000.0,3.81,3.79,87551000.0,88121000.0,634897000.0,,,1078537000.0,,,277036000.0,2941860000.0,,1241152000.0,5378388000.0,,288673000.0,12889395000.0,471382000.0,530508000.0,,1128311000.0,,,,217070000.0,,3956221000.0,,6032951000.0,12889395000.0,173792000.0,29401000.0,19402000.0,49958000.0,117641000.0,,19219000.0,55136000.0,,11519000.0,437575000.0,,,,,4857343000.0,170094000.0,3326000.0,,-5013235000.0,,-9725000.0,4870703000.0,280476000.0,
2019-03-31,1297402000.0,,531259000.0,90596000.0,213182000.0,,163870000.0,,134576000.0,23362000.0,111214000.0,0.97,0.96,111864000.0,113389000.0,483504000.0,,,1114488000.0,,,310243000.0,2925825000.0,,1294029000.0,5434000000.0,,583389000.0,13211420000.0,476413000.0,414626000.0,,1144134000.0,,,,492029000.0,,4011326000.0,-657354000.0,6143211000.0,13211420000.0,81775000.0,7604000.0,-12389000.0,55935000.0,24719000.0,,9978000.0,8988000.0,,-6894000.0,47232000.0,,,,,33895000.0,57609000.0,,,-90299000.0,,-1339000.0,-112179000.0,-151393000.0,
2019-06-30,2588970000.0,1511472000.0,1077498000.0,175412000.0,423282000.0,,363807000.0,,304057000.0,53974000.0,250083000.0,2.19,2.16,111996000.0,113131000.0,426717000.0,,,1163653000.0,,,325525000.0,2990026000.0,,1316305000.0,5506317000.0,,590767000.0,13348082000.0,463555000.0,429939000.0,,1149533000.0,,,,514802000.0,,4069211000.0,-668359000.0,6199379000.0,13348082000.0,154814000.0,18300000.0,-27214000.0,87111000.0,71545000.0,,29989000.0,-7645000.0,,36412000.0,184916000.0,,,,,49064000.0,119094000.0,,,-146238000.0,,-9855000.0,-234433000.0,-193702000.0,
2019-09-30,3856315000.0,2245729000.0,1610586000.0,260489000.0,634111000.0,,548471000.0,,460923000.0,81033000.0,372330000.0,3.34,3.3,111998000.0,113493000.0,494897000.0,,,1126389000.0,,,325410000.0,2898558000.0,,1313539000.0,5381447000.0,,561249000.0,12984724000.0,416563000.0,419362000.0,,1412449000.0,,,,530974000.0,,4114299000.0,-867552000.0,6055819000.0,12984724000.0,235429000.0,26426000.0,-35134000.0,22878000.0,84140000.0,,58016000.0,-39332000.0,,28931000.0,383035000.0,,,,,49065000.0,160449000.0,,,-157842000.0,,-9966000.0,-365808000.0,-144468000.0,
2019-12-31,5140084000.0,3027336000.0,2112748000.0,346128000.0,876121000.0,,665270000.0,,557452000.0,97184000.0,,4.05,4.0,111966000.0,113307000.0,606823000.0,,,1123068000.0,,,319334000.0,2942544000.0,,1386920000.0,5497596000.0,,608416000.0,13287411000.0,510372000.0,576822000.0,11107000.0,1552190000.0,,,,502366000.0,,4117804000.0,,6217304000.0,13287411000.0,323330000.0,34482000.0,-59279000.0,-59555000.0,62129000.0,,66650000.0,55464000.0,,-7860000.0,698965000.0,,,,,49065000.0,235978000.0,6070000.0,,-225866000.0,,-10787000.0,-505057000.0,-24577000.0,
2020-03-31,1347317000.0,781450000.0,565867000.0,85909000.0,229714000.0,,196222000.0,,153508000.0,26297000.0,124607000.0,1.16,1.15,112082000.0,113594000.0,433246000.0,,,1075913000.0,,,356322000.0,2818294000.0,,1339124000.0,5267559000.0,,586653000.0,12689076000.0,456156000.0,418125000.0,11379000.0,1426995000.0,,,,494193000.0,,4162347000.0,-1164208000.0,5827850000.0,12689076000.0,80595000.0,8624000.0,2221000.0,133291000.0,568000.0,,-42462000.0,-31635000.0,,10467000.0,16945000.0,,,,,0.0,48294000.0,,,-42749000.0,,-1275000.0,-107228000.0,-175561000.0,
2020-06-30,2546090000.0,1498381000.0,1047709000.0,166857000.0,460121000.0,,315592000.0,,256573000.0,41996000.0,210811000.0,1.91,1.89,112177000.0,113675000.0,497412000.0,,,1165860000.0,,,377623000.0,3012585000.0,,1355619000.0,5348623000.0,,591216000.0,12989130000.0,550533000.0,438891000.0,4223000.0,1344172000.0,,,,494401000.0,,4168378000.0,-1017466000.0,5987805000.0,12989130000.0,160244000.0,18982000.0,-7843000.0,132438000.0,67248000.0,,7960000.0,62265000.0,,3302000.0,208396000.0,,,,,0.0,80033000.0,,,-77602000.0,,-7594000.0,-214589000.0,-112011000.0,
2020-09-30,3814166000.0,2242030000.0,1572136000.0,256825000.0,694641000.0,,465881000.0,,362073000.0,61265000.0,295639000.0,2.68,2.64,112183000.0,113631000.0,469840000.0,,,1151281000.0,,,383618000.0,2946205000.0,,1380423000.0,5427482000.0,,655782000.0,13085374000.0,505259000.0,480426000.0,4648000.0,1616259000.0,,,,517296000.0,,4170894000.0,-939419000.0,6078207000.0,13085374000.0,243576000.0,27177000.0,-37146000.0,94292000.0,42771000.0,,72886000.0,21593000.0,,7307000.0,415028000.0,,,,,0.0,124070000.0,0.0,,-118726000.0,,-7664000.0,-418009000.0,-140419000.0,
2020-12-31,5084239000.0,2998373000.0,2085866000.0,356863000.0,948833000.0,,566484000.0,,441371000.0,73999000.0,,3.25,3.21,112162000.0,113630000.0,649541000.0,,,1131856000.0,,,341765000.0,3059799000.0,,1458185000.0,5593252000.0,,717260000.0,13555671000.0,555687000.0,631565000.0,4944000.0,1903726000.0,,,,532135000.0,,4156168000.0,,6311153000.0,13555671000.0,325360000.0,35798000.0,-67718000.0,60979000.0,-17924000.0,,-14709000.0,27923000.0,,-27340000.0,714098000.0,,,,,0.0,191794000.0,0.0,,-187463000.0,,-8101000.0,-511570000.0,35927000.0,
2021-03-31,2465000000.0,1711000000.0,754000000.0,143000000.0,451000000.0,,4000000.0,,-54000000.0,-14000000.0,-42000000.0,-0.21,-0.21,206000000.0,206000000.0,872000000.0,,,2589000000.0,,,683000000.0,6174000000.0,,4587000000.0,17104000000.0,,497000000.0,40817000000.0,1337000000.0,882000000.0,,3261000000.0,,,,469000000.0,,3922000000.0,-1102000000.0,21642000000.0,40817000000.0,242000000.0,11000000.0,-86000000.0,175000000.0,-118000000.0,,-229000000.0,250000000.0,,-208000000.0,358000000.0,,,,,,93000000.0,,,115000000.0,,-6000000.0,-215000000.0,221000000.0,
2021-06-30,5554000000.0,3890000000.0,1664000000.0,307000000.0,863000000.0,,114000000.0,,44000000.0,14000000.0,28000000.0,0.11,0.11,254000000.0,255000000.0,935000000.0,,,2464000000.0,,,832000000.0,6297000000.0,,4566000000.0,17250000000.0,,518000000.0,40864000000.0,1389000000.0,790000000.0,,3227000000.0,,,,477000000.0,,3759000000.0,-834000000.0,21761000000.0,40864000000.0,564000000.0,27000000.0,-137000000.0,205000000.0,130000000.0,,,250000000.0,,,698000000.0,,,,,,165000000.0,,,30000000.0,,-19000000.0,-427000000.0,283000000.0,
2021-09-30,8625000000.0,5871000000.0,2754000000.0,463000000.0,1299000000.0,,412000000.0,,250000000.0,53000000.0,194000000.0,0.76,0.76,254000000.0,255000000.0,672000000.0,,,2401000000.0,,,717000000.0,7132000000.0,,4295000000.0,16590000000.0,,502000000.0,40252000000.0,1332000000.0,953000000.0,,3579000000.0,,,,478000000.0,,3752000000.0,-1180000000.0,21426000000.0,40252000000.0,861000000.0,44000000.0,-148000000.0,214000000.0,230000000.0,,,256000000.0,,,1126000000.0,,,,,,242000000.0,4000000.0,,75000000.0,,-20000000.0,-1022000000.0,135000000.0,
2021-12-31,11656000000.0,7921000000.0,3735000000.0,629000000.0,1749000000.0,,585000000.0,,354000000.0,75000000.0,,1.11,1.1,243000000.0,243000000.0,711000000.0,,,2516000000.0,,,728000000.0,6987000000.0,,4368000000.0,16414000000.0,,616000000.0,39658000000.0,1532000000.0,832000000.0,,3633000000.0,,,,462000000.0,,3641000000.0,,21082000000.0,39658000000.0,1156000000.0,54000000.0,-236000000.0,169000000.0,363000000.0,,,419000000.0,,,1437000000.0,,,,,0.0,393000000.0,4000000.0,,-18000000.0,,-21000000.0,-1304000000.0,56000000.0,
2022-03-31,3226000000.0,2081000000.0,1145000000.0,157000000.0,459000000.0,,341000000.0,,285000000.0,39000000.0,244000000.0,0.96,0.96,255000000.0,255000000.0,657000000.0,,,2795000000.0,,,750000000.0,7507000000.0,,4295000000.0,16298000000.0,,654000000.0,39747000000.0,1629000000.0,916000000.0,,4032000000.0,,,,426000000.0,,3683000000.0,-1622000000.0,20933000000.0,39747000000.0,303000000.0,9000000.0,-65000000.0,272000000.0,311000000.0,,,178000000.0,,,-4000000.0,,,,,,132000000.0,2000000.0,,-121000000.0,,,95000000.0,-54000000.0,
2022-06-30,6533000000.0,4252000000.0,2281000000.0,315000000.0,915000000.0,,554000000.0,,415000000.0,60000000.0,351000000.0,1.38,1.38,255000000.0,255000000.0,569000000.0,,,2993000000.0,,,778000000.0,7730000000.0,,4177000000.0,16071000000.0,,726000000.0,39304000000.0,1576000000.0,866000000.0,,4720000000.0,,,,462000000.0,,3589000000.0,-2210000000.0,20260000000.0,39304000000.0,604000000.0,25000000.0,-178000000.0,363000000.0,573000000.0,,,143000000.0,,,-100000000.0,,,,,123000000.0,236000000.0,2000000.0,,-346000000.0,,,377000000.0,-143000000.0,
2022-09-30,9596000000.0,6314000000.0,3282000000.0,460000000.0,1328000000.0,,-1985000000.0,,-2035000000.0,220000000.0,-2197000000.0,-8.6,-8.6,255000000.0,255000000.0,538000000.0,,,3122000000.0,,,793000000.0,6494000000.0,,4055000000.0,13305000000.0,,663000000.0,34537000000.0,1527000000.0,1128000000.0,,3626000000.0,,,,472000000.0,,1186000000.0,-3187000000.0,16887000000.0,34537000000.0,897000000.0,37000000.0,-222000000.0,309000000.0,808000000.0,,,111000000.0,,,189000000.0,,,,,110000000.0,344000000.0,2000000.0,,887000000.0,,,-1087000000.0,-161000000.0,
2022-12-31,12440000000.0,8289000000.0,4151000000.0,603000000.0,1768000000.0,,-1326000000.0,,-1625000000.0,239000000.0,,-7.32,-7.32,255000000.0,255000000.0,483000000.0,,,3151000000.0,,,770000000.0,7432000000.0,,4203000000.0,13355000000.0,,699000000.0,35407000000.0,1418000000.0,1028000000.0,,3728000000.0,,,,472000000.0,,955000000.0,-2169000000.0,17684000000.0,35407000000.0,1179000000.0,49000000.0,-237000000.0,117000000.0,893000000.0,,,-57000000.0,,,397000000.0,,,,,110000000.0,504000000.0,2000000.0,,745000000.0,,,-1229000000.0,-164000000.0,
2023-03-31,3027000000.0,2063000000.0,964000000.0,161000000.0,454000000.0,,131000000.0,,14000000.0,22000000.0,-9000000.0,-0.04,-0.04,255000000.0,255000000.0,590000000.0,,,2946000000.0,,,789000000.0,7442000000.0,,4224000000.0,13458000000.0,,744000000.0,35470000000.0,1197000000.0,965000000.0,,4874000000.0,,,,494000000.0,,739000000.0,-1887000000.0,17758000000.0,35470000000.0,276000000.0,12000000.0,-28000000.0,63000000.0,-219000000.0,,,-144000000.0,,,127000000.0,,,,,,175000000.0,0.0,,-167000000.0,,,78000000.0,65000000.0,
2023-06-30,5956000000.0,4059000000.0,1897000000.0,322000000.0,899000000.0,,276000000.0,,64000000.0,45000000.0,27000000.0,0.11,0.11,255000000.0,255000000.0,638000000.0,,,2790000000.0,,,898000000.0,6436000000.0,,4218000000.0,13498000000.0,,754000000.0,34459000000.0,1227000000.0,919000000.0,,3932000000.0,,,,504000000.0,,560000000.0,-1857000000.0,17623000000.0,34459000000.0,563000000.0,32000000.0,-27000000.0,70000000.0,-333000000.0,,,-92000000.0,,,375000000.0,,,,,0.0,290000000.0,0.0,,552000000.0,,,-866000000.0,100000000.0,
2023-09-30,8776000000.0,5955000000.0,2821000000.0,479000000.0,1343000000.0,,426000000.0,,123000000.0,77000000.0,43000000.0,0.16,0.16,255000000.0,256000000.0,629000000.0,,,2549000000.0,,,890000000.0,6391000000.0,,4126000000.0,13031000000.0,,763000000.0,33395000000.0,1112000000.0,937000000.0,,3683000000.0,,,,475000000.0,,378000000.0,-2336000000.0,16978000000.0,33395000000.0,855000000.0,50000000.0,-59000000.0,78000000.0,-489000000.0,,,-240000000.0,,,795000000.0,,,,,0.0,390000000.0,0.0,,638000000.0,,,-1293000000.0,110000000.0,
2023-12-31,11479000000.0,7798000000.0,3681000000.0,636000000.0,1787000000.0,,-2110000000.0,,-2518000000.0,45000000.0,,-10.05,-10.05,255000000.0,255000000.0,703000000.0,,,2477000000.0,,,875000000.0,6293000000.0,,4240000000.0,10635000000.0,,764000000.0,30978000000.0,1378000000.0,977000000.0,,3758000000.0,,,,560000000.0,,-2439000000.0,-1896000000.0,14611000000.0,30978000000.0,1142000000.0,65000000.0,-369000000.0,-51000000.0,-605000000.0,,,-39000000.0,,,1439000000.0,,,,,0.0,503000000.0,0.0,,574000000.0,,,-1851000000.0,183000000.0,
2024-03-31,2899000000.0,1875000000.0,1024000000.0,166000000.0,490000000.0,,199000000.0,,115000000.0,54000000.0,60000000.0,0.23,0.23,255000000.0,256000000.0,732000000.0,,,2411000000.0,,,771000000.0,6407000000.0,,4145000000.0,10538000000.0,,737000000.0,30642000000.0,1346000000.0,956000000.0,,3820000000.0,,,,527000000.0,,-2481000000.0,-2191000000.0,14291000000.0,30642000000.0,278000000.0,18000000.0,-9000000.0,290000000.0,-34000000.0,,,83000000.0,,,99000000.0,,,,,,118000000.0,,,-78000000.0,,,40000000.0,36000000.0,
2024-06-30,5788000000.0,3696000000.0,2092000000.0,339000000.0,983000000.0,,390000000.0,,298000000.0,65000000.0,230000000.0,0.9,0.9,255000000.0,256000000.0,671000000.0,,,2160000000.0,,,728000000.0,8149000000.0,,3763000000.0,9282000000.0,,805000000.0,29543000000.0,1272000000.0,762000000.0,,3425000000.0,,,,572000000.0,,-2414000000.0,-2315000000.0,14254000000.0,29543000000.0,524000000.0,43000000.0,-77000000.0,293000000.0,-4000000.0,,,54000000.0,,,336000000.0,,,,,,200000000.0,,,664000000.0,,,-1023000000.0,-61000000.0,
2024-09-30,8713000000.0,5569000000.0,3144000000.0,501000000.0,1478000000.0,,639000000.0,,393000000.0,100000000.0,289000000.0,1.13,1.13,256000000.0,257000000.0,567000000.0,,,2200000000.0,,,770000000.0,8423000000.0,,3772000000.0,9349000000.0,,968000000.0,29928000000.0,1211000000.0,751000000.0,,3218000000.0,,,,613000000.0,,-2457000000.0,-1760000000.0,14775000000.0,29928000000.0,772000000.0,59000000.0,-128000000.0,276000000.0,3000000.0,,,-34000000.0,,,702000000.0,,,,,,303000000.0,5000000.0,,586000000.0,,,-1444000000.0,-166000000.0,
,,,,,,,,,,,,,,,,,,,,,,,,,,,,,,,,,,,,,,,,,,,,,,,,,,,,,,,,,,,,,,,,,,,
,,,,,,,,,,,,,,,,,,,,,,,,,,,,,,,,,,,,,,,,,,,,,,,,,,,,,,,,,,,,,,,,,,,
