Date,Net sales,Cost of sales,Gross margin,Research and development,"Selling, general and administrative",Total operating expenses,Operating income,"Other income/(expense), net",Income before provision for income taxes,Provision for income taxes,Net income,Earnings per share basic,Earnings per share diluted,Weighted-average basic,Weighted-average diluted,Cash and cash equivalents,Short-term marketable securities,"Accounts receivable, net",Inventories,Deferred tax assets,Vendor non-trade receivables,Other current assets,Total current assets,Long-term marketable securities,"Property, Plant and Equipment, Net",Goodwill,"Acquired intangible assets, net","Other Assets, Noncurrent",Total assets,accounts payable,Accrued expenses,Deferred revenue,Total current liabilities,Deferred revenue - non-current,deferred tax liabilities,long term taxes payable,Total other non-current liabilities,Total liabilities,Retained Earnings (Accumulated Deficit),Accumulated other comprehensive (loss)/income,Total shareholders equity,Total liabilities and shareholders' equity,"Depreciation, amortization and accretion",Stock-based compensation expense,Deferred income tax expense,"Increase (Decrease) in Accounts receivable, net",Increase (Decrease) in Inventories,Increase (Decrease) in Other Receivables,Increase (Decrease) in Other Operating Assets,Increase (Decrease) in Accounts Payable,Increase (Decrease) in Deferred Revenue,Increase (Decrease) Other liabilities,Cash generated by operating activities,Purchases of marketable securities,Proceeds from maturities of marketable securities,Proceeds from sales of marketable securities,Purchases of other long-term investments,"Business acquisitions, net of cash acquired",Cash payments for capital asset purchases,Payments for acquisition of intangible assets,Payments for (Proceeds from) Other Investing Activities,Cash used in investing activities,Proceeds from issuance of common stock,Excess tax benefits from stock-based compensation,Cash generated/used in financing activities,Increase/(decrease) in cash and cash equivalents,"Cash paid for income taxes, net"
2011-03-31,31973000.0,,,36282000.0,10825000.0,47798000.0,-15825000.0,,-26512000.0,,,-0.21,-0.21,123467000.0,123467000.0,377843000.0,5783000.0,,,,,,425968000.0,,4934000.0,,,9793000.0,459606000.0,7791000.0,16828000.0,66978000.0,110182000.0,154483000.0,,,,563584000.0,-1449542000.0,2089000.0,,459606000.0,6430000.0,6946000.0,,10878000.0,,,,-2982000.0,-16732000.0,,-44222000.0,,,,,,552000.0,,,24000.0,4129000.0,,4129000.0,-40069000.0,
2011-06-30,48784000.0,,,82329000.0,22683000.0,105724000.0,-56940000.0,,-78383000.0,,,-0.63,-0.63,125330000.0,125330000.0,359074000.0,5036000.0,,,,,,391923000.0,,5500000.0,,,9269000.0,416663000.0,8788000.0,20054000.0,66976000.0,110667000.0,137746000.0,,,,552947000.0,-1501413000.0,1951000.0,,416663000.0,13077000.0,14137000.0,,-3325000.0,,,,-1985000.0,-33471000.0,,-74958000.0,,,,,,1627000.0,,,-521000.0,16641000.0,,16641000.0,-58838000.0,
2011-09-30,65565000.0,,,126830000.0,37067000.0,164609000.0,-99044000.0,,-131461000.0,,,,,126260000.0,126260000.0,312328000.0,4647000.0,,,,,,346418000.0,,6077000.0,,,8744000.0,371224000.0,11038000.0,19838000.0,66973000.0,120957000.0,121010000.0,,,,552244000.0,-1554491000.0,1821000.0,-181020000.0,371224000.0,19948000.0,21536000.0,,-3239000.0,,,,265000.0,-50210000.0,,-121936000.0,,,,,,2807000.0,,,-1362000.0,17714000.0,,17714000.0,-105584000.0,
2011-12-31,94455000.0,,,178707000.0,58219000.0,237638000.0,-143183000.0,,,,,,,125362000.0,125362000.0,273164000.0,4430000.0,,,,,,310778000.0,,6431000.0,,,,328962000.0,14939000.0,24766000.0,2332000.0,135614000.0,104272000.0,,,,556039000.0,-1609570000.0,1642000.0,-227077000.0,328962000.0,26990000.0,28983000.0,,714000.0,3536000.0,,,4166000.0,2332000.0,,-161715000.0,,1298000.0,,,,3799000.0,,,-2501000.0,,,19468000.0,,
2012-03-31,36179000.0,,,48960000.0,21396000.0,70367000.0,-34188000.0,,,,,,,127203000.0,127203000.0,231855000.0,4556000.0,,,,,,276162000.0,,6232000.0,,,,293593000.0,13174000.0,25115000.0,6005000.0,142299000.0,87535000.0,,,,542450000.0,-1654996000.0,1935000.0,-248857000.0,293593000.0,7234000.0,9932000.0,,6595000.0,-23000.0,,,-1765000.0,3673000.0,,-54401000.0,,,167000.0,,,496000.0,,,-329000.0,,,13421000.0,,
2012-06-30,122722000.0,,,100548000.0,41115000.0,141690000.0,-18968000.0,,-41322000.0,67000.0,,-0.32,-0.32,129224000.0,137969000.0,257563000.0,4244000.0,,188000.0,,,,294158000.0,,6515000.0,,,,311971000.0,11102000.0,25108000.0,8993000.0,139731000.0,70798000.0,,,,529159000.0,-1650959000.0,1720000.0,-217188000.0,311971000.0,14638000.0,19843000.0,,7426000.0,796000.0,,,-3837000.0,6661000.0,,-45677000.0,,,264000.0,,,1503000.0,,,-1239000.0,,,31315000.0,,
2012-09-30,183213000.0,,,150627000.0,61634000.0,212319000.0,-29106000.0,,-63006000.0,93000.0,,,,,,239083000.0,4516000.0,,190000.0,,,,278728000.0,,6169000.0,,,,296535000.0,12764000.0,22749000.0,,137641000.0,,,,,516485000.0,-1672669000.0,2149000.0,-219950000.0,296535000.0,22214000.0,29426000.0,,10125000.0,1672000.0,,,-2175000.0,-2332000.0,,-72822000.0,,,,,,1909000.0,,,-1488000.0,,,40229000.0,,
2012-12-31,297059000.0,,,210391000.0,85363000.0,295911000.0,1148000.0,,-44146000.0,174000.0,,,,,,224057000.0,4361000.0,,278000.0,,,,309514000.0,,6348000.0,,,,330419000.0,13961000.0,28385000.0,,136074000.0,,,,,505376000.0,-1653890000.0,1878000.0,-174957000.0,330419000.0,29979000.0,38493000.0,,64536000.0,5217000.0,,,-978000.0,-2332000.0,,-94830000.0,,860000.0,,,,2839000.0,,,-1988000.0,,,47711000.0,,
2013-03-31,71077000.0,,,52763000.0,22261000.0,75174000.0,-4097000.0,,-15626000.0,43000.0,,,,,,265814000.0,4365000.0,,189000.0,,,,309113000.0,,6485000.0,,,,330282000.0,15515000.0,31878000.0,,121283000.0,,,,,493808000.0,-1669559000.0,1999000.0,-163526000.0,330282000.0,7734000.0,9197000.0,,-42910000.0,577000.0,,,1554000.0,,,24738000.0,,,,,,894000.0,,,-758000.0,,,17777000.0,,
2013-06-30,172752000.0,,,113713000.0,45509000.0,159530000.0,17319000.0,,-18127000.0,113000.0,,-0.13,-0.13,142284000.0,142284000.0,258202000.0,19251000.0,,133000.0,,,,313369000.0,,6236000.0,,,,334219000.0,13471000.0,33087000.0,,102958000.0,,,,3433000.0,362005000.0,-1672130000.0,1993000.0,-27786000.0,334219000.0,15787000.0,19130000.0,,-43429000.0,2790000.0,,,-490000.0,,,32819000.0,,,,,,1447000.0,,,-16460000.0,,,17786000.0,,
2013-09-30,257875000.0,,,185417000.0,71956000.0,257836000.0,-13183000.0,,-40114000.0,162000.0,,,,,,272122000.0,19052000.0,,359000.0,,,,333743000.0,,6201000.0,,,,357400000.0,18212000.0,41739000.0,,109498000.0,,,,3392000.0,328609000.0,-1694166000.0,2008000.0,28791000.0,357400000.0,20355000.0,28577000.0,,-37754000.0,6554000.0,,,4251000.0,,,20869000.0,,,,,,2236000.0,,,-17463000.0,,,44659000.0,,
2013-12-31,354947000.0,,,260436000.0,109983000.0,371049000.0,-16102000.0,,-82848000.0,299000.0,,,,,,471429000.0,37575000.0,,406000.0,895000.0,,,555799000.0,,26848000.0,,,,629568000.0,19102000.0,46062000.0,,108042000.0,,895000.0,,26803000.0,822676000.0,-1737037000.0,1993000.0,-193108000.0,629568000.0,29207000.0,38398000.0,,-35577000.0,6590000.0,,,5141000.0,,,9180000.0,,,,,,4267000.0,,,-37397000.0,,214000.0,275589000.0,,
2014-03-31,89792000.0,,,75585000.0,36974000.0,112727000.0,-22935000.0,,-33908000.0,49000.0,,,,,,436585000.0,82646000.0,,347000.0,892000.0,,,581170000.0,,38654000.0,,,,666826000.0,17950000.0,56954000.0,,106944000.0,,892000.0,,34036000.0,829248000.0,-1770994000.0,2040000.0,-162422000.0,666826000.0,9623000.0,15347000.0,,11020000.0,506000.0,,,-1152000.0,,,-31694000.0,,,,,,2663000.0,,,-47687000.0,,-31000.0,44537000.0,,
2014-06-30,189374000.0,,,160269000.0,77873000.0,238497000.0,-49123000.0,,-70711000.0,119000.0,,,,,,406264000.0,102489000.0,,269000.0,900000.0,,,577145000.0,,55607000.0,,,,679107000.0,27251000.0,50878000.0,,112547000.0,,900000.0,,44403000.0,850105000.0,-1807867000.0,2080000.0,-170998000.0,679107000.0,19321000.0,30825000.0,,11831000.0,517000.0,,,8149000.0,,,-46251000.0,,,,,,11362000.0,,,-76230000.0,,-31000.0,57316000.0,,
2014-09-30,387522000.0,,,248806000.0,117320000.0,366702000.0,69943000.0,,59365000.0,191000.0,,0.35,0.33,168592000.0,189046000.0,382004000.0,150355000.0,,402000.0,775000.0,,,662614000.0,,75258000.0,,,,785265000.0,26605000.0,54236000.0,,124660000.0,,775000.0,,52382000.0,874856000.0,-1748575000.0,1914000.0,-89591000.0,785265000.0,29192000.0,46253000.0,,74225000.0,2588000.0,,,7503000.0,,,-18464000.0,,,,,,22021000.0,,,-134921000.0,,74000.0,63960000.0,,
2014-12-31,511495000.0,,,347523000.0,165772000.0,516299000.0,-4804000.0,,-48547000.0,-66000.0,,,,,,452297000.0,147966000.0,,358000.0,19641000.0,,,699214000.0,,81790000.0,,,,830069000.0,24462000.0,62270000.0,,221515000.0,,19641000.0,,54552000.0,911697000.0,-1785518000.0,1815000.0,-81628000.0,830069000.0,41413000.0,62156000.0,,22559000.0,4093000.0,,,5360000.0,,,26256000.0,,,,,,27876000.0,,,-138439000.0,,-22000.0,93057000.0,,
2015-03-31,159275000.0,,,118365000.0,44871000.0,166210000.0,-6935000.0,,-17992000.0,367000.0,,,,,,421822000.0,163602000.0,,2414000.0,6025000.0,,,692145000.0,,80667000.0,,,,862624000.0,26586000.0,70048000.0,,225595000.0,,6025000.0,,52910000.0,904037000.0,-1803877000.0,2258000.0,-41413000.0,862624000.0,11835000.0,17558000.0,,11671000.0,-1000.0,,,2124000.0,,,-4586000.0,,,,,,3553000.0,,,-58575000.0,,3833000.0,32686000.0,,
2015-06-30,322260000.0,,,230809000.0,96548000.0,336586000.0,-14326000.0,,9430000.0,503000.0,,-0.05,-0.05,178676000.0,186493000.0,439681000.0,187788000.0,,1897000.0,7725000.0,,,732990000.0,,81602000.0,,,,930337000.0,29162000.0,80437000.0,,192472000.0,,7725000.0,,51858000.0,875163000.0,-1794581000.0,1949000.0,55174000.0,930337000.0,23101000.0,35150000.0,,17189000.0,1009000.0,,,4700000.0,,,8804000.0,,,,,,5749000.0,,,-85266000.0,,,63846000.0,-12616000.0,
2015-09-30,509870000.0,,,362882000.0,144147000.0,524297000.0,-14427000.0,,-48132000.0,513000.0,,-0.27,-0.27,181387000.0,181387000.0,445801000.0,189244000.0,,2428000.0,9712000.0,,,757914000.0,,83186000.0,,,,931932000.0,27366000.0,82209000.0,,155823000.0,,9712000.0,,50863000.0,843195000.0,-1834163000.0,-275000.0,88737000.0,931932000.0,34279000.0,52775000.0,,29033000.0,830000.0,,,2904000.0,,,16527000.0,,,,,,19107000.0,,,-100481000.0,,,77458000.0,-6496000.0,
2015-12-31,753751000.0,,,479514000.0,196614000.0,703100000.0,50651000.0,,7556000.0,1025000.0,,0.04,0.03,179601000.0,187302000.0,521439000.0,186344000.0,,1783000.0,74915000.0,,,842375000.0,,86006000.0,,,,1007440000.0,30085000.0,86531000.0,,168007000.0,,,,48385000.0,836285000.0,-1778987000.0,-809000.0,171155000.0,1007440000.0,44883000.0,69872000.0,,56517000.0,-98000.0,,,5623000.0,,,86536000.0,,,,,,26003000.0,,,-105010000.0,,,87616000.0,69142000.0,
2016-03-31,263464000.0,,,156824000.0,64596000.0,227425000.0,36039000.0,,24447000.0,400000.0,,0.13,0.12,187184.0,192625.0,657615000.0,153054000.0,,1309000.0,,,,935581000.0,,92622000.0,,,,1103942000.0,31899000.0,133641000.0,,200319000.0,,,,48233000.0,876194000.0,-1754940000.0,397000.0,227748000.0,1103942000.0,11058000.0,20769000.0,,-13170000.0,-752000.0,,,1814000.0,,,97535000.0,,,,,,5562000.0,,,28757000.0,,,9884000.0,136176000.0,
2016-06-30,509752000.0,,,277092000.0,131390000.0,429125000.0,80627000.0,,59657000.0,1185000.0,,0.31,0.3,187682.0,193015.0,487654000.0,141537000.0,,6124000.0,,,,792130000.0,,138513000.0,155725000.0,281205000.0,2496000.0,1417975000.0,40724000.0,102184000.0,,198986000.0,,,,10123000.0,1120912000.0,-1720515000.0,662000.0,297063000.0,1417975000.0,23908000.0,42071000.0,,2818000.0,-1682000.0,,,8883000.0,,,115107000.0,,,,,144845000.0,87776000.0,,,-186524000.0,,,37647000.0,-33785000.0,
2016-09-30,779221000.0,,,420276000.0,207166000.0,676302000.0,102919000.0,,97959000.0,2610000.0,,0.51,0.49,188029000.0,194265000.0,580099000.0,136486000.0,,4078000.0,,,,886660000.0,,151942000.0,155702000.0,275821000.0,2564000.0,1544195000.0,57524000.0,112600000.0,,240545000.0,,,,10084000.0,1174209000.0,-1683638000.0,390000.0,369986000.0,1544195000.0,40859000.0,68598000.0,,6712000.0,-4439000.0,,,25683000.0,,,210378000.0,,,,,142965000.0,104405000.0,,,-196476000.0,,,44773000.0,58660000.0,
2016-12-31,1105719000.0,,,581861000.0,303251000.0,960721000.0,144998000.0,,107404000.0,3182000.0,,0.55,0.54,187873000.0,194125000.0,652343000.0,156203000.0,,4106000.0,48149000.0,,,994178000.0,,167679000.0,155593000.0,270437000.0,2644000.0,1638597000.0,75599000.0,126697000.0,,273501000.0,,,,12687000.0,1219130000.0,-1674765000.0,-2886000.0,419467000.0,1638597000.0,58425000.0,96201000.0,,23947000.0,-4047000.0,,,43758000.0,,,304756000.0,,,,,142856000.0,120277000.0,,,-232488000.0,,,58645000.0,130904000.0,
2017-03-31,384082000.0,,,407972000.0,87234000.0,517386000.0,-133304000.0,,-197983000.0,-10900000.0,,-0.96,-0.96,195260000.0,195260000.0,361823000.0,150132000.0,,3961000.0,,,,819175000.0,,193211000.0,155593000.0,265053000.0,543000.0,1607347000.0,86327000.0,142104000.0,,304716000.0,,,,12621000.0,641413000.0,-1863946000.0,5377000.0,965934000.0,1607347000.0,15027000.0,30613000.0,,96217000.0,-790000.0,,,10728000.0,,,-173638000.0,,,,,,20967000.0,,,-138819000.0,,,21944000.0,-290520000.0,
2017-06-30,710526000.0,,,609811000.0,177306000.0,836630000.0,-126104000.0,,-207367000.0,-7800000.0,,-1.0,-1.0,205141000.0,205141000.0,451754000.0,156852000.0,,2930000.0,,,,844803000.0,,218878000.0,155593000.0,259669000.0,3225000.0,1639443000.0,69093000.0,150353000.0,,293161000.0,,,,12798000.0,612608000.0,-1876430000.0,10968000.0,1026835000.0,1639443000.0,27379000.0,64358000.0,,20758000.0,-4462000.0,,,-6506000.0,,,-56844000.0,,,,,,51466000.0,,,-176137000.0,,,32435000.0,-200589000.0,
2017-09-30,1092060000.0,,,879423000.0,268577000.0,1203206000.0,-111146000.0,,-164013000.0,7300000.0,,-0.81,-0.81,206796000.0,212610000.0,1128046000.0,153343000.0,,3261000.0,,,,1541322000.0,,246825000.0,155593000.0,242285000.0,7033000.0,2374301000.0,69933000.0,164298000.0,,319935000.0,,,,13235000.0,616551000.0,-1840376000.0,12512000.0,1757750000.0,2374301000.0,39319000.0,99287000.0,,49587000.0,-4741000.0,,,-5666000.0,,,-3721000.0,,,,,,85770000.0,,,-206976000.0,649387000.0,,686446000.0,475703000.0,
2017-12-31,1536216000.0,,,1326361000.0,366406000.0,1779950000.0,-243734000.0,,-312290000.0,852000.0,,-1.53,-1.53,204580000.0,204580000.0,899509000.0,270136000.0,,6482000.0,805000.0,,,1504854000.0,,259763000.0,155593000.0,236901000.0,2224000.0,2302582000.0,67671000.0,198901000.0,,375396000.0,,,,19797000.0,671953000.0,-1990005000.0,-7010000.0,1630629000.0,2302582000.0,52178000.0,133055000.0,-805000.0,117541000.0,-4851000.0,,,-7928000.0,,,-92988000.0,,,,,,111021000.0,,,-349978000.0,649387000.0,,690171000.0,247166000.0,
2018-03-31,382282000.0,18106000.0,,303103000.0,121498000.0,449392000.0,-67110000.0,,-40354000.0,786000.0,-41140000.0,,,,,894427000.0,276632000.0,,4632000.0,,,,1469555000.0,,264610000.0,155593000.0,,9881000.0,2306012000.0,74115000.0,219873000.0,,381072000.0,,,,21260000.0,677968000.0,-2028392000.0,-10122000.0,1628044000.0,2306012000.0,13424000.0,36224000.0,,-46109000.0,-1879000.0,,,6444000.0,,,20838000.0,,,,,,12590000.0,,,-28528000.0,,,2595000.0,-5060000.0,52000.0
2018-06-30,903798000.0,42962000.0,,601192000.0,229527000.0,887669000.0,83239000.0,,54008000.0,2400000.0,52394000.0,0.25,0.24,212210000.0,215294000.0,928517000.0,269865000.0,,5869000.0,,,,1598084000.0,,267586000.0,155593000.0,,10731000.0,2397157000.0,75559000.0,213888000.0,,368239000.0,,,,20480000.0,664234000.0,-1975998000.0,-9809000.0,1732923000.0,2397157000.0,26925000.0,72829000.0,,50011000.0,-1878000.0,,,7888000.0,,,53241000.0,,,,,,23381000.0,,,-32450000.0,,,8157000.0,29083000.0,1944000.0
2018-09-30,1353481000.0,67757000.0,,893719000.0,326049000.0,1306233000.0,47248000.0,,44630000.0,4200000.0,40430000.0,0.19,0.19,212627000.0,215964000.0,1112179000.0,263134000.0,,5993000.0,,,,1700359000.0,,300767000.0,155593000.0,,14665000.0,2519947000.0,95478000.0,231571000.0,,422489000.0,,,,21000000.0,717048000.0,-1946822000.0,-9522000.0,1802899000.0,2519947000.0,40743000.0,110830000.0,,-18563000.0,-3030000.0,,,27807000.0,,,252389000.0,,,,,,48202000.0,,,-50326000.0,,,10594000.0,212754000.0,2932000.0
2018-12-31,1881883000.0,94123000.0,,1197957000.0,434407000.0,1752660000.0,129223000.0,,115347000.0,5854000.0,109493000.0,0.52,0.51,212383000.0,215635000.0,1163980000.0,274343000.0,,6967000.0,1270000.0,,,1832254000.0,,319751000.0,155593000.0,,19157000.0,2645762000.0,103827000.0,229401000.0,,425277000.0,,,,21927000.0,719795000.0,-1877759000.0,-10165000.0,1925967000.0,2645762000.0,54969000.0,148153000.0,-459000.0,41299000.0,-4043000.0,,,36156000.0,,,336227000.0,,,,,,73483000.0,,,-86423000.0,,,14657000.0,264552000.0,5417000.0
2019-03-31,497857000.0,22588000.0,,270545000.0,123983000.0,423787000.0,74070000.0,,104097000.0,1785000.0,102312000.0,0.48,0.47,214065000.0,217061000.0,1299704000.0,281320000.0,,7129000.0,,,,1904500000.0,,338331000.0,155593000.0,,20698000.0,2754161000.0,70363000.0,211302000.0,,364515000.0,,,,33671000.0,668594000.0,-1775352000.0,-9247000.0,2085567000.0,2754161000.0,13891000.0,40592000.0,,-63517000.0,600000.0,,,-33464000.0,,,155663000.0,,,,,,18267000.0,,,-24563000.0,,,4487000.0,135713000.0,448000.0
2019-06-30,1027789000.0,51994000.0,,559908000.0,229926000.0,855107000.0,172682000.0,,212768000.0,5138000.0,207630000.0,0.97,0.96,214620000.0,217483000.0,1416224000.0,279631000.0,,6527000.0,,,,2058625000.0,,339122000.0,155593000.0,,36606000.0,2947633000.0,66184000.0,210474000.0,,367105000.0,,,,33761000.0,700442000.0,-1670034000.0,-8965000.0,2247191000.0,2947633000.0,27326000.0,81207000.0,,-4918000.0,2288000.0,,,-32243000.0,,,308623000.0,,,,,,65561000.0,,,-69710000.0,,,13497000.0,252252000.0,6439000.0
2019-09-30,1579370000.0,82034000.0,,841244000.0,332534000.0,1272372000.0,306998000.0,,360787000.0,24900000.0,335901000.0,1.57,1.55,215199000.0,217791000.0,1702023000.0,284195000.0,,7400000.0,,,,2319595000.0,,347250000.0,155593000.0,,38628000.0,3214818000.0,95376000.0,249721000.0,,461683000.0,,,,33892000.0,792291000.0,-1541763000.0,-8614000.0,2422527000.0,3214818000.0,41188000.0,124566000.0,,-31482000.0,2913000.0,,,-8451000.0,,,579038000.0,,,,,,48749000.0,,,-57426000.0,,,16391000.0,538032000.0,12398000.0
2019-12-31,2158759000.0,114249000.0,,1154111000.0,468711000.0,1756753000.0,402006000.0,,486791000.0,39885000.0,446906000.0,2.08,2.05,214913000.0,217657000.0,1832684000.0,284870000.0,,11400000.0,1647000.0,,,2481488000.0,,377567000.0,155593000.0,,49431000.0,3426750000.0,83647000.0,285950000.0,,513340000.0,,,,40130000.0,828344000.0,-1430758000.0,-15542000.0,2598406000.0,3426750000.0,54533000.0,166589000.0,-377000.0,1211000.0,6100000.0,,,-20180000.0,,,710656000.0,,,,,,78064000.0,,,-87454000.0,,,45711000.0,668721000.0,33553000.0
2020-03-31,568507000.0,27319000.0,,1085287000.0,111148000.0,1232511000.0,-664004000.0,,-704076000.0,16600000.0,-720642000.0,-3.33,-3.33,216721000.0,216721000.0,1043241000.0,259351000.0,,14000000.0,,,,1716169000.0,,410034000.0,155593000.0,,61779000.0,2752422000.0,60937000.0,330034000.0,,503412000.0,,,,39469000.0,814701000.0,-2151400000.0,-13107000.0,1937721000.0,2752422000.0,13098000.0,42513000.0,,42713000.0,5712000.0,,,-22710000.0,,,-683417000.0,,,,,,39265000.0,,,-108560000.0,,,2499000.0,-787918000.0,855000.0
2020-06-30,1256550000.0,60683000.0,,1371888000.0,229146000.0,1689781000.0,-433231000.0,,-396812000.0,33532000.0,-430344000.0,-1.98,-1.98,217549000.0,220434000.0,1326730000.0,262756000.0,,16335000.0,,,,2077625000.0,,453777000.0,155593000.0,,53265000.0,3212321000.0,90909000.0,340890000.0,,556513000.0,,,,42799000.0,867717000.0,-1861102000.0,-12423000.0,2344604000.0,3212321000.0,25692000.0,88816000.0,,119724000.0,9384000.0,,,7262000.0,,,-414035000.0,,,,,,83125000.0,,,-151818000.0,,,58906000.0,-504394000.0,24165000.0
2020-09-30,1877193000.0,95005000.0,,1809997000.0,349934000.0,2305098000.0,-427905000.0,,-400320000.0,45227000.0,-445547000.0,-2.05,-2.05,218784000.0,218784000.0,1497775000.0,237025000.0,,17012000.0,,,,2159425000.0,,498335000.0,155593000.0,,53109000.0,3307430000.0,122512000.0,334315000.0,,606202000.0,,,,44597000.0,916597000.0,-1876305000.0,-9748000.0,2390833000.0,3307430000.0,38641000.0,132616000.0,,55656000.0,9204000.0,,,38865000.0,,,-231920000.0,,,,,,135946000.0,,,-166271000.0,,,59837000.0,-333269000.0,56757000.0
2020-12-31,2666702000.0,131328000.0,,2215942000.0,516922000.0,2930378000.0,-263676000.0,,-232218000.0,63479000.0,-295697000.0,-1.36,-1.36,218073000.0,218073000.0,1513008000.0,288369000.0,,16425000.0,2054000.0,,,2359894000.0,,559625000.0,155593000.0,,41458000.0,3560918000.0,98767000.0,378404000.0,,631195000.0,,,,58282000.0,949650000.0,-1726455000.0,-15360000.0,2611268000.0,3560918000.0,51807000.0,177877000.0,-350000.0,173185000.0,19468000.0,,,15120000.0,,,-124599000.0,,,,,,187379000.0,,,-269001000.0,,,71709000.0,-318942000.0,70712000.0
2021-03-31,604718000.0,29220000.0,,306896000.0,153795000.0,505921000.0,98797000.0,,69322000.0,15800000.0,53535000.0,0.24,0.24,219801000.0,221867000.0,1669968000.0,292425000.0,,16700000.0,,,,2449969000.0,,594670000.0,155593000.0,,38814000.0,3661436000.0,85058000.0,420882000.0,,623881000.0,,,,54463000.0,933592000.0,-1672920000.0,-20358000.0,2727844000.0,3661436000.0,13838000.0,47358000.0,,-84637000.0,4406000.0,,,-13709000.0,,,206095000.0,,,,,,48083000.0,,,-59753000.0,,,12835000.0,156846000.0,339000.0
2021-06-30,1310427000.0,67248000.0,,650407000.0,322654000.0,1070794000.0,239633000.0,,240955000.0,38000000.0,202991000.0,0.92,0.91,220083000.0,222250000.0,1797582000.0,283385000.0,,16700000.0,,,,2620060000.0,,661360000.0,155593000.0,,20449000.0,3904623000.0,122100000.0,413067000.0,,660324000.0,,,,57587000.0,968762000.0,-1523464000.0,-18273000.0,2935861000.0,3904623000.0,28295000.0,92090000.0,,-43824000.0,16287000.0,,,23333000.0,,,379039000.0,,,,,,114390000.0,,,-108898000.0,,,16514000.0,284496000.0,35996000.0
2021-09-30,2123414000.0,107117000.0,,985352000.0,513358000.0,1648371000.0,475043000.0,,450424000.0,65700000.0,384730000.0,1.75,1.73,220845000.0,222248000.0,1999021000.0,285054000.0,,21303000.0,,,,2923797000.0,,686718000.0,155593000.0,,24788000.0,4198831000.0,114509000.0,481879000.0,,742712000.0,,,,62305000.0,1050174000.0,-1341725000.0,-18646000.0,3148657000.0,4198831000.0,42986000.0,134784000.0,,34695000.0,16215000.0,,,15742000.0,,,634137000.0,,,,,,146543000.0,,,-141652000.0,,,-2829000.0,485938000.0,45872000.0
2021-12-31,2986267000.0,150991000.0,,1458179000.0,739560000.0,2400490000.0,585777000.0,,570444000.0,-378137000.0,948581000.0,4.3,4.27,220428000.0,222074000.0,2057440000.0,290752000.0,,27904000.0,467538000.0,,,3118674000.0,,723920000.0,155593000.0,,37304000.0,4933352000.0,172110000.0,533595000.0,,854308000.0,,,,70414000.0,1163348000.0,-777874000.0,-19454000.0,3770004000.0,4933352000.0,57844000.0,183006000.0,-465604000.0,134306000.0,20965000.0,,,73343000.0,,,749488000.0,,,,,,181006000.0,,,-207699000.0,,,6176000.0,544395000.0,67731000.0
2022-03-31,733235000.0,42614000.0,,353373000.0,209584000.0,616695000.0,116540000.0,,70535000.0,32543000.0,37992000.0,0.17,0.17,221326000.0,222950000.0,2256759000.0,287401000.0,,35500000.0,,,,3288091000.0,,729217000.0,155593000.0,,31423000.0,5054221000.0,152547000.0,609290000.0,,886163000.0,,,,69474000.0,1191149000.0,-739882000.0,-23047000.0,3863072000.0,5054221000.0,16438000.0,43841000.0,,-53956000.0,13903000.0,,,-19563000.0,,,215741000.0,,,,,,17006000.0,,,-16748000.0,,,96000.0,199299000.0,3472000.0
2022-06-30,1644632000.0,93250000.0,,700569000.0,462861000.0,1273661000.0,370971000.0,,299913000.0,100500000.0,199424000.0,0.9,0.89,221660000.0,223661000.0,2435381000.0,287044000.0,,54502000.0,,,,3625845000.0,,721328000.0,155593000.0,,23012000.0,5319035000.0,194770000.0,598808000.0,,926674000.0,,,,76058000.0,1233974000.0,-578450000.0,-25696000.0,4085061000.0,5319035000.0,32945000.0,90337000.0,,66668000.0,37190000.0,,,22660000.0,,,389898000.0,,,,,,28749000.0,,,-29228000.0,,,15997000.0,377865000.0,76464000.0
2022-09-30,2467935000.0,147834000.0,,1084576000.0,729321000.0,1958588000.0,509347000.0,,448501000.0,136302000.0,312199000.0,1.41,1.4,222415000.0,224175000.0,2690622000.0,286500000.0,,45900000.0,,,,3821111000.0,,715733000.0,155593000.0,,23666000.0,5510214000.0,163175000.0,699814000.0,,1006596000.0,,,,74677000.0,1283563000.0,-465675000.0,-29062000.0,4226651000.0,5510214000.0,49637000.0,135741000.0,,1888000.0,48316000.0,,,-8935000.0,,,686279000.0,,,,,,56560000.0,,,-57630000.0,,,1686000.0,633063000.0,116537000.0
2022-12-31,3394635000.0,206997000.0,,1585936000.0,1002140000.0,2815195000.0,579440000.0,,529116000.0,188456000.0,340660000.0,1.53,1.52,222004000.0,223958000.0,2951422000.0,287543000.0,,42000000.0,457941000.0,,,4092850000.0,,739310000.0,155593000.0,,25435000.0,5840984000.0,277546000.0,701053000.0,,1157077000.0,,,,99243000.0,1470865000.0,-437214000.0,15069000.0,4370119000.0,5840984000.0,67855000.0,188420000.0,57091000.0,28579000.0,67504000.0,,,105436000.0,,,969941000.0,,,,,,77833000.0,,,-78542000.0,,,-794000.0,893960000.0,136242000.0
2023-03-31,808673000.0,56822000.0,,406641000.0,315606000.0,783903000.0,24770000.0,,51856000.0,30153000.0,21703000.0,0.1,0.1,222960000.0,225589000.0,2821051000.0,291661000.0,,40900000.0,,,,3971633000.0,,741701000.0,155593000.0,,20720000.0,5797623000.0,55633000.0,825443000.0,,1006111000.0,,,,118414000.0,1335055000.0,-415511000.0,20942000.0,4462568000.0,5797623000.0,19211000.0,53379000.0,,-21091000.0,33320000.0,,,-221913000.0,,,-105603000.0,,,,,,,15000000.0,,-28559000.0,,,4009000.0,-130352000.0,7107000.0
2023-06-30,1763283000.0,125148000.0,,807391000.0,599535000.0,1544733000.0,218550000.0,,329460000.0,104209000.0,225251000.0,1.01,1.0,223248000.0,225649000.0,3131123000.0,292243000.0,,35937000.0,,,,4264433000.0,,749352000.0,155593000.0,,31706000.0,6208259000.0,155538000.0,810852000.0,,1118773000.0,,,,139812000.0,1467567000.0,-211963000.0,26806000.0,4740692000.0,6208259000.0,39508000.0,107899000.0,,-6885000.0,53436000.0,,,-122008000.0,,,200923000.0,,,,,,,15000000.0,,-35988000.0,,,16877000.0,179722000.0,137313000.0
2023-09-30,2682308000.0,185239000.0,,1183100000.0,867428000.0,2249053000.0,433255000.0,,563259000.0,166739000.0,396520000.0,1.77,1.76,224078000.0,226167000.0,3227230000.0,289223000.0,,57200000.0,,,,4402665000.0,,733046000.0,155593000.0,,80955000.0,6388239000.0,139411000.0,820607000.0,,1124680000.0,,,,133068000.0,1456792000.0,-40694000.0,22894000.0,4931447000.0,6388239000.0,60898000.0,155899000.0,,12384000.0,77193000.0,,,-138135000.0,,,348758000.0,,,,,,,15000000.0,,-53177000.0,,,-20379000.0,275827000.0,253180000.0
2023-12-31,3695649000.0,254990000.0,,1627594000.0,1161293000.0,3075124000.0,620525000.0,,834215000.0,236616000.0,597599000.0,2.67,2.65,223628000.0,225928000.0,3213376000.0,442667000.0,,63000000.0,631886000.0,,,4645402000.0,,751513000.0,155593000.0,,52107000.0,6782107000.0,109601000.0,935569000.0,,1240379000.0,,,,149151000.0,1592270000.0,160385000.0,13106000.0,5189837000.0,6782107000.0,82660000.0,215889000.0,-158898000.0,98678000.0,170151000.0,,,-167945000.0,,,496487000.0,,,,,,,15000000.0,,-207677000.0,,,-20033000.0,262101000.0,378206000.0
2024-03-31,880889000.0,60956000.0,,429260000.0,300256000.0,788991000.0,91898000.0,,236159000.0,66611000.0,169548000.0,0.76,0.75,224484000.0,227219000.0,3346204000.0,504484000.0,,63642000.0,,,,4849091000.0,,719999000.0,155593000.0,,47400000.0,7135605000.0,164238000.0,1102268000.0,,1396453000.0,,,,151107000.0,1741334000.0,329933000.0,-6172000.0,5394271000.0,7135605000.0,21947000.0,59778000.0,,1969000.0,57197000.0,,,54637000.0,,,218811000.0,,,,,,,0.0,,-73112000.0,,,-12413000.0,132610000.0,2691000.0
2024-06-30,1924648000.0,137590000.0,,1567640000.0,606238000.0,2310880000.0,-478130000.0,,-389777000.0,121435000.0,-444601000.0,-2.04,-2.04,221329000.0,221329000.0,987293000.0,462207000.0,,100704000.0,,,,2567085000.0,,762009000.0,155593000.0,,21917000.0,4661803000.0,148174000.0,1034316000.0,,1337055000.0,,,,142099000.0,1664744000.0,-1380446000.0,-5420000.0,2997059000.0,4661803000.0,43995000.0,116418000.0,,-4507000.0,84976000.0,,,38573000.0,,,-356752000.0,,,,,,,1400000.0,,140708000.0,,,-2009590000.0,-2226297000.0,229674000.0
2024-09-30,3062519000.0,223583000.0,,2140814000.0,915447000.0,3302666000.0,-240147000.0,,156524000.0,171503000.0,-168597000.0,-0.8,-0.8,211763000.0,211763000.0,1304109000.0,467235000.0,,70442000.0,,,,2808708000.0,,773102000.0,155593000.0,,40378000.0,5012434000.0,178710000.0,1127951000.0,,1501650000.0,,,,144676000.0,1841214000.0,-1274093000.0,15655000.0,3171220000.0,5012434000.0,66515000.0,194340000.0,,14893000.0,93352000.0,,,69109000.0,,,-45881000.0,,,,,,,13900000.0,,178982000.0,,,-2041941000.0,-1909375000.0,302860000.0
,,,,,,,,,,,,,,,,,,,,,,,,,,,,,,,,,,,,,,,,,,,,,,,,,,,,,,,,,,,,,,,,,,,
,,,,,,,,,,,,,,,,,,,,,,,,,,,,,,,,,,,,,,,,,,,,,,,,,,,,,,,,,,,,,,,,,,,
,,,,,,,,,,,,,,,,,,,,,,,,,,,,,,,,,,,,,,,,,,,,,,,,,,,,,,,,,,,,,,,,,,,
,,,,,,,,,,,,,,,,,,,,,,,,,,,,,,,,,,,,,,,,,,,,,,,,,,,,,,,,,,,,,,,,,,,
,,,,,,,,,,,,,,,,,,,,,,,,,,,,,,,,,,,,,,,,,,,,,,,,,,,,,,,,,,,,,,,,,,,
