Date,Net sales,Cost of sales,Gross margin,Research and development,"Selling, general and administrative",Total operating expenses,Operating income,"Other income/(expense), net",Income before provision for income taxes,Provision for income taxes,Net income,Earnings per share basic,Earnings per share diluted,Weighted-average basic,Weighted-average diluted,Cash and cash equivalents,Short-term marketable securities,"Accounts receivable, net",Inventories,Deferred tax assets,Vendor non-trade receivables,Other current assets,Total current assets,Long-term marketable securities,"Property, Plant and Equipment, Net",Goodwill,"Acquired intangible assets, net","Other Assets, Noncurrent",Total assets,accounts payable,Accrued expenses,Deferred revenue,Total current liabilities,Deferred revenue - non-current,deferred tax liabilities,long term taxes payable,Total other non-current liabilities,Total liabilities,Retained Earnings (Accumulated Deficit),Accumulated other comprehensive (loss)/income,Total shareholders equity,Total liabilities and shareholders' equity,"Depreciation, amortization and accretion",Stock-based compensation expense,Deferred income tax expense,"Increase (Decrease) in Accounts receivable, net",Increase (Decrease) in Inventories,Increase (Decrease) in Other Receivables,Increase (Decrease) in Other Operating Assets,Increase (Decrease) in Accounts Payable,Increase (Decrease) in Deferred Revenue,Increase (Decrease) Other liabilities,Cash generated by operating activities,Purchases of marketable securities,Proceeds from maturities of marketable securities,Proceeds from sales of marketable securities,Purchases of other long-term investments,"Business acquisitions, net of cash acquired",Cash payments for capital asset purchases,Payments for acquisition of intangible assets,Payments for (Proceeds from) Other Investing Activities,Cash used in investing activities,Proceeds from issuance of common stock,Excess tax benefits from stock-based compensation,Cash generated/used in financing activities,Increase/(decrease) in cash and cash equivalents,"Cash paid for income taxes, net"
2009-12-31,23366000000.0,,,,2031000000.0,,,,1199000000.0,469000000.0,663000000.0,1.56,1.55,,,1892000000.0,,,2179000000.0,368000000.0,,417000000.0,7551000000.0,,12688000000.0,2290000000.0,,1185000000.0,25548000000.0,2058000000.0,,,4012000000.0,,2425000000.0,,824000000.0,,1949000000.0,-2077000000.0,6023000000.0,25548000000.0,,,160000000.0,,-316000000.0,,,,,,4655000000.0,,,,,17000000.0,534000000.0,,42000000.0,-593000000.0,0.0,,-3376000000.0,748000000.0,
2010-03-31,5807000000.0,,,,421000000.0,,,,-175000000.0,-24000000.0,-162000000.0,-0.38,-0.38,,428800000.0,1749000000.0,,,2145000000.0,334000000.0,,454000000.0,7549000000.0,,12235000000.0,2267000000.0,,1277000000.0,25142000000.0,2217000000.0,,,4083000000.0,,2392000000.0,,728000000.0,,1774000000.0,-2115000000.0,5819000000.0,25142000000.0,,,76000000.0,,51000000.0,,,,,,159000000.0,,,,,0.0,,,31000000.0,-151000000.0,,,-149000000.0,-143000000.0,
2010-06-30,11928000000.0,,,,893000000.0,,,,118000000.0,25000000.0,93000000.0,0.22,0.21,429600000.0,433400000.0,1871000000.0,,,2212000000.0,328000000.0,,285000000.0,7729000000.0,,12008000000.0,2249000000.0,237000000.0,1231000000.0,25047000000.0,2307000000.0,,,4166000000.0,,2355000000.0,,723000000.0,,1812000000.0,-2301000000.0,5693000000.0,25047000000.0,,,62000000.0,,111000000.0,,,,,,800000000.0,,,,,155000000.0,,,32000000.0,-460000000.0,,,-292000000.0,-21000000.0,-99000000.0
2010-09-30,18648000000.0,,,,1397000000.0,,,,547000000.0,171000000.0,397000000.0,0.92,0.91,430100000.0,433800000.0,1429000000.0,,,2336000000.0,330000000.0,,403000000.0,7808000000.0,,12030000000.0,2285000000.0,276000000.0,1171000000.0,25089000000.0,2556000000.0,,,4518000000.0,,2759000000.0,,622000000.0,,2154000000.0,-1975000000.0,6388000000.0,25089000000.0,,,397000000.0,,181000000.0,,,,,,587000000.0,,,,,152000000.0,,,2000000.0,-611000000.0,,,-418000000.0,-463000000.0,-75000000.0
2010-12-31,25179000000.0,,6697000000.0,,1930000000.0,,,,822000000.0,221000000.0,644000000.0,1.5,1.48,429800000.0,434200000.0,2073000000.0,,,2347000000.0,-2319000000.0,,230000000.0,8028000000.0,,12002000000.0,2308000000.0,261000000.0,1191000000.0,25368000000.0,2556000000.0,,,4503000000.0,,2793000000.0,,649000000.0,,2416000000.0,-1822000000.0,6834000000.0,25368000000.0,,,422000000.0,,186000000.0,,,,,,1631000000.0,,,,,152000000.0,,,-93000000.0,-834000000.0,0.0,,-588000000.0,181000000.0,-135000000.0
2011-03-31,6387000000.0,,,,485000000.0,,,,368000000.0,123000000.0,342000000.0,0.79,0.78,430200000.0,433800000.0,2049000000.0,,,2390000000.0,343000000.0,,278000000.0,8488000000.0,,11952000000.0,2320000000.0,258000000.0,977000000.0,25595000000.0,2541000000.0,,,4497000000.0,,2805000000.0,,608000000.0,,2675000000.0,-1611000000.0,7320000000.0,25595000000.0,,,-2000000.0,,-7000000.0,,,,,,514000000.0,,,,,,,,71000000.0,-307000000.0,,,-280000000.0,-24000000.0,-92000000.0
2011-06-30,13035000000.0,,,,969000000.0,,1068000000.0,,661000000.0,241000000.0,566000000.0,1.31,1.3,429400000.0,433400000.0,2399000000.0,,,2405000000.0,334000000.0,,317000000.0,9416000000.0,,11821000000.0,2344000000.0,256000000.0,983000000.0,26044000000.0,2575000000.0,,,4821000000.0,,2824000000.0,,621000000.0,,2785000000.0,-1362000000.0,7706000000.0,26044000000.0,,,2000000.0,,4000000.0,,,,,,1162000000.0,,,,,,,,87000000.0,-552000000.0,,,-361000000.0,326000000.0,11000000.0
2011-09-30,19667000000.0,,,,1446000000.0,,1639000000.0,,1042000000.0,157000000.0,1084000000.0,2.51,2.48,432300000.0,436700000.0,2722000000.0,,,2326000000.0,550000000.0,,279000000.0,9935000000.0,,11401000000.0,2243000000.0,218000000.0,875000000.0,25834000000.0,2494000000.0,,,4747000000.0,,2715000000.0,,1011000000.0,,3188000000.0,-2077000000.0,7402000000.0,25834000000.0,,,35000000.0,,85000000.0,,,,,,2038000000.0,,,,,,,,76000000.0,-893000000.0,,,-490000000.0,649000000.0,10000000.0
2011-12-31,26034000000.0,,7074000000.0,,1887000000.0,,2216000000.0,,1458000000.0,311000000.0,1341000000.0,3.1,3.07,432200000.0,437000000.0,3994000000.0,,,2320000000.0,-2068000000.0,,164000000.0,10456000000.0,,11817000000.0,2346000000.0,,1082000000.0,26993000000.0,2500000000.0,,,4738000000.0,,2497000000.0,,758000000.0,,3330000000.0,-3005000000.0,6620000000.0,26993000000.0,,,317000000.0,,56000000.0,,,,,,2675000000.0,,,,,379000000.0,1159000000.0,,-26000000.0,-1487000000.0,,,742000000.0,1921000000.0,44000000.0
2012-03-31,6655000000.0,,,,513000000.0,,462000000.0,,213000000.0,70000000.0,188000000.0,0.43,0.43,434100000.0,438600000.0,1288000000.0,,,2748000000.0,468000000.0,,238000000.0,9212000000.0,,15159000000.0,4218000000.0,,1235000000.0,33849000000.0,2777000000.0,,,5033000000.0,,4025000000.0,,1104000000.0,,3423000000.0,-2702000000.0,7061000000.0,33849000000.0,,,81000000.0,,-39000000.0,,,,,,581000000.0,,,,,3734000000.0,285000000.0,,91000000.0,-4154000000.0,21000000.0,,848000000.0,-2706000000.0,5000000.0
2012-06-30,13732000000.0,,,,987000000.0,,888000000.0,,417000000.0,127000000.0,322000000.0,0.74,0.73,434800000.0,439300000.0,1228000000.0,,,2650000000.0,498000000.0,,226000000.0,9281000000.0,,13956000000.0,4230000000.0,,1770000000.0,33088000000.0,2696000000.0,,,5227000000.0,,3905000000.0,,1157000000.0,,3440000000.0,-3124000000.0,6675000000.0,33088000000.0,,,110000000.0,,-33000000.0,,,,,,1375000000.0,,,,,3734000000.0,705000000.0,,93000000.0,-4580000000.0,21000000.0,,458000000.0,-2766000000.0,-20000000.0
2012-09-30,20758000000.0,,,,1514000000.0,,1427000000.0,,737000000.0,257000000.0,559000000.0,1.28,1.27,435100000.0,439800000.0,1275000000.0,,,2667000000.0,512000000.0,,227000000.0,8993000000.0,,13923000000.0,4406000000.0,,1648000000.0,32561000000.0,2690000000.0,,,4997000000.0,,3782000000.0,,1294000000.0,,3561000000.0,-2959000000.0,7006000000.0,32561000000.0,,,192000000.0,,-23000000.0,,,,,,2254000000.0,,,,,3734000000.0,1001000000.0,,115000000.0,-4482000000.0,60000000.0,,-480000000.0,-2719000000.0,41000000.0
2012-12-31,27833000000.0,,7246000000.0,,2092000000.0,,1955000000.0,,1024000000.0,331000000.0,794000000.0,1.82,1.8,435200000.0,440200000.0,1302000000.0,,,2730000000.0,-2587000000.0,,229000000.0,8905000000.0,,13949000000.0,4315000000.0,,1367000000.0,32153000000.0,2775000000.0,,,4998000000.0,,3026000000.0,,1176000000.0,,3662000000.0,-3840000000.0,6304000000.0,32153000000.0,,,204000000.0,,28000000.0,,,,,,2967000000.0,,,,,3734000000.0,1383000000.0,,80000000.0,-4858000000.0,108000000.0,,-795000000.0,-2692000000.0,95000000.0
2013-03-31,7090000000.0,,,,567000000.0,,506000000.0,,230000000.0,-69000000.0,318000000.0,0.72,0.71,441500000.0,446100000.0,934000000.0,,,2793000000.0,340000000.0,,270000000.0,8981000000.0,,14141000000.0,4527000000.0,,1495000000.0,32698000000.0,2902000000.0,,,5257000000.0,,3105000000.0,,1089000000.0,,3844000000.0,-3762000000.0,6778000000.0,32698000000.0,,,4000000.0,,47000000.0,,,,,,531000000.0,,,,,505000000.0,216000000.0,,67000000.0,-790000000.0,191000000.0,,-106000000.0,-368000000.0,90000000.0
2013-06-30,14425000000.0,,,,1082000000.0,,1107000000.0,,593000000.0,94000000.0,577000000.0,1.3,1.29,444900000.0,448500000.0,1205000000.0,,,2745000000.0,322000000.0,,276000000.0,9268000000.0,,13838000000.0,4437000000.0,,1576000000.0,32545000000.0,2926000000.0,,,5677000000.0,,3137000000.0,,1067000000.0,,3967000000.0,-4036000000.0,6707000000.0,32545000000.0,,,36000000.0,,32000000.0,,,,,,1279000000.0,,,,,501000000.0,488000000.0,,61000000.0,-1053000000.0,243000000.0,,-307000000.0,-97000000.0,164000000.0
2013-09-30,21831000000.0,,,,1654000000.0,,1785000000.0,,1004000000.0,66000000.0,959000000.0,2.16,2.14,445900000.0,449700000.0,1946000000.0,,,2841000000.0,421000000.0,,243000000.0,9475000000.0,,13697000000.0,4491000000.0,,1469000000.0,32589000000.0,2904000000.0,,,5395000000.0,,3330000000.0,,1013000000.0,,4212000000.0,-3812000000.0,7230000000.0,32589000000.0,,,55000000.0,,121000000.0,,,,,,1991000000.0,,,,,507000000.0,759000000.0,,33000000.0,-489000000.0,288000000.0,,-850000000.0,644000000.0,224000000.0
2013-12-31,29080000000.0,,7857000000.0,,2205000000.0,,1844000000.0,,849000000.0,-523000000.0,1395000000.0,3.15,3.11,443300000.0,448100000.0,1802000000.0,,,2825000000.0,2195000000.0,,340000000.0,9025000000.0,,13672000000.0,3987000000.0,,1427000000.0,31528000000.0,2900000000.0,,,5127000000.0,,3765000000.0,,702000000.0,,4446000000.0,-2759000000.0,8105000000.0,31528000000.0,,,146000000.0,,114000000.0,,,,,,3028000000.0,,,,,505000000.0,1198000000.0,,-84000000.0,-827000000.0,298000000.0,,-1688000000.0,500000000.0,291000000.0
2014-03-31,7014000000.0,,,,528000000.0,,65000000.0,,-147000000.0,-83000000.0,-95000000.0,-0.21,-0.21,435600000.0,435600000.0,1341000000.0,,,2809000000.0,303000000.0,,347000000.0,8733000000.0,,13194000000.0,3996000000.0,,1403000000.0,30695000000.0,2954000000.0,,,5028000000.0,,3540000000.0,,574000000.0,,4193000000.0,-2778000000.0,7573000000.0,30695000000.0,,,-144000000.0,,3000000.0,,,,,,471000000.0,,,,,0.0,277000000.0,,93000000.0,-370000000.0,18000000.0,,-563000000.0,-461000000.0,40000000.0
2014-06-30,14227000000.0,,,,1055000000.0,,716000000.0,,148000000.0,-55000000.0,161000000.0,0.37,0.37,432200000.0,435900000.0,1293000000.0,,,2798000000.0,307000000.0,,384000000.0,8751000000.0,,13204000000.0,4007000000.0,,1379000000.0,30802000000.0,2918000000.0,,,5393000000.0,,3587000000.0,,599000000.0,,4235000000.0,-2628000000.0,7522000000.0,30802000000.0,,,-162000000.0,,-8000000.0,,,,,,1000000000.0,,,,,0.0,634000000.0,,96000000.0,-702000000.0,40000000.0,,-813000000.0,-509000000.0,143000000.0
2014-09-30,17674000000.0,,,,1331000000.0,,1480000000.0,,565000000.0,147000000.0,421000000.0,0.98,0.97,429900000.0,433700000.0,1718000000.0,,,2493000000.0,334000000.0,,301000000.0,8139000000.0,,12897000000.0,3931000000.0,,1218000000.0,29403000000.0,2619000000.0,,,4870000000.0,,3600000000.0,,584000000.0,,4446000000.0,-3065000000.0,6816000000.0,29403000000.0,,,-139000000.0,,118000000.0,,,,,,1933000000.0,,,,,0.0,961000000.0,,31000000.0,-558000000.0,59000000.0,,-1442000000.0,-84000000.0,193000000.0
2014-12-31,23617000000.0,,7363000000.0,,1793000000.0,,2058000000.0,,872000000.0,123000000.0,555000000.0,1.3,1.29,427700000.0,432000000.0,1881000000.0,,,2424000000.0,2851000000.0,,240000000.0,7959000000.0,,12728000000.0,3773000000.0,,1324000000.0,28684000000.0,2664000000.0,,,4909000000.0,,3063000000.0,,553000000.0,,4409000000.0,-4646000000.0,5115000000.0,28684000000.0,,,-135000000.0,,103000000.0,,,,,,3077000000.0,,,,,0.0,1366000000.0,,-34000000.0,-860000000.0,66000000.0,,-2086000000.0,79000000.0,172000000.0
2015-03-31,5517000000.0,,,,406000000.0,,623000000.0,,406000000.0,130000000.0,313000000.0,0.74,0.74,421200000.0,423700000.0,1576000000.0,,,2437000000.0,333000000.0,,240000000.0,7660000000.0,,12488000000.0,3677000000.0,,1285000000.0,27967000000.0,2678000000.0,,,4776000000.0,,3000000000.0,,494000000.0,,4548000000.0,-5042000000.0,4858000000.0,27967000000.0,323000000.0,,-3000000.0,,81000000.0,,,,,,638000000.0,,,,,,319000000.0,,67000000.0,-377000000.0,2000000.0,,-546000000.0,-305000000.0,26000000.0
2015-06-30,11231000000.0,,,,809000000.0,,1299000000.0,,672000000.0,240000000.0,540000000.0,1.28,1.28,420600000.0,423400000.0,1590000000.0,,,2424000000.0,330000000.0,,243000000.0,7727000000.0,,12561000000.0,3686000000.0,,1266000000.0,28178000000.0,2744000000.0,,,5104000000.0,,3078000000.0,,478000000.0,,4604000000.0,-4886000000.0,4892000000.0,28178000000.0,651000000.0,,36000000.0,,59000000.0,,,,,,753000000.0,,,,,,673000000.0,,84000000.0,-738000000.0,2000000.0,,-291000000.0,-291000000.0,86000000.0
2015-09-30,16922000000.0,,,,1226000000.0,,1878000000.0,,1001000000.0,346000000.0,760000000.0,1.81,1.8,418700000.0,421900000.0,1104000000.0,,,2340000000.0,326000000.0,,212000000.0,12754000000.0,,11832000000.0,3472000000.0,,1148000000.0,31981000000.0,2096000000.0,,,9547000000.0,,3191000000.0,,450000000.0,,4656000000.0,-5358000000.0,4349000000.0,31981000000.0,980000000.0,,101000000.0,,221000000.0,,,,,,1590000000.0,,,,,,998000000.0,,35000000.0,-1199000000.0,2000000.0,,-964000000.0,-777000000.0,118000000.0
2015-12-31,22365000000.0,,6897000000.0,,1645000000.0,,2361000000.0,,1266000000.0,466000000.0,938000000.0,2.25,2.23,417400000.0,420600000.0,1050000000.0,,,2228000000.0,2669000000.0,,212000000.0,6477000000.0,,11980000000.0,3335000000.0,,1187000000.0,30587000000.0,2078000000.0,,,3924000000.0,,3231000000.0,,434000000.0,,4649000000.0,-5708000000.0,3884000000.0,30587000000.0,,,281000000.0,,131000000.0,,,,,,2580000000.0,,,,,0.0,1487000000.0,,114000000.0,-1739000000.0,2000000.0,,-1601000000.0,-831000000.0,149000000.0
2016-03-31,5110000000.0,,,,376000000.0,,497000000.0,,317000000.0,41000000.0,334000000.0,0.81,0.81,410800000.0,414000000.0,1155000000.0,,,2217000000.0,295000000.0,,268000000.0,6792000000.0,,12037000000.0,3354000000.0,,1155000000.0,31043000000.0,2065000000.0,,,4098000000.0,,3277000000.0,,434000000.0,,4800000000.0,-5389000000.0,4234000000.0,31043000000.0,284000000.0,,-37000000.0,,9000000.0,,,,,,620000000.0,,,,,,309000000.0,,63000000.0,-364000000.0,0.0,,-164000000.0,105000000.0,6000000.0
2016-06-30,10432000000.0,,,,762000000.0,,1125000000.0,,303000000.0,32000000.0,374000000.0,0.91,0.9,411200000.0,415100000.0,1254000000.0,,,2165000000.0,297000000.0,,318000000.0,6871000000.0,,12233000000.0,3367000000.0,,1169000000.0,31392000000.0,2016000000.0,,,4082000000.0,,3256000000.0,,429000000.0,,4657000000.0,-5481000000.0,4024000000.0,31392000000.0,585000000.0,,22000000.0,,-48000000.0,,,,,,1225000000.0,,,,,61000000.0,637000000.0,,106000000.0,-692000000.0,0.0,,-354000000.0,204000000.0,73000000.0
2016-09-30,15698000000.0,,,,1142000000.0,,1738000000.0,,676000000.0,139000000.0,686000000.0,1.67,1.65,411200000.0,415500000.0,2562000000.0,,,2222000000.0,287000000.0,,225000000.0,8103000000.0,,12205000000.0,3362000000.0,,1131000000.0,32601000000.0,2031000000.0,,,3541000000.0,,3273000000.0,,424000000.0,,4793000000.0,-5458000000.0,4209000000.0,32601000000.0,899000000.0,,45000000.0,,6000000.0,,,,,,1566000000.0,,,,,56000000.0,903000000.0,,130000000.0,-971000000.0,0.0,,878000000.0,1512000000.0,68000000.0
2016-12-31,21079000000.0,,,,1575000000.0,,,,956000000.0,247000000.0,904000000.0,2.2,2.18,411100000.0,415600000.0,1033000000.0,,,2438000000.0,2546000000.0,,198000000.0,6969000000.0,,13990000000.0,3364000000.0,,1173000000.0,33345000000.0,2309000000.0,,,4072000000.0,,3376000000.0,,449000000.0,,4818000000.0,-5362000000.0,4341000000.0,33345000000.0,1227000000.0,,136000000.0,,-11000000.0,,,,,,2478000000.0,,,,,2228000000.0,1348000000.0,,49000000.0,-3498000000.0,0.0,,982000000.0,-17000000.0,90000000.0
2017-03-31,5511000000.0,,,,422000000.0,,428000000.0,,244000000.0,83000000.0,209000000.0,0.51,0.5,412100000.0,416000000.0,998000000.0,,,2394000000.0,48000000.0,,251000000.0,6721000000.0,,14049000000.0,3402000000.0,,1310000000.0,33301000000.0,2380000000.0,,,4267000000.0,,3185000000.0,,446000000.0,,4832000000.0,-5152000000.0,4575000000.0,33301000000.0,345000000.0,,7000000.0,,15000000.0,,,,,,633000000.0,,,,,,374000000.0,,27000000.0,-400000000.0,,,-284000000.0,-35000000.0,29000000.0
2017-06-30,11283000000.0,,,,844000000.0,,557000000.0,,215000000.0,-89000000.0,289000000.0,0.7,0.69,412900000.0,416700000.0,1041000000.0,,,2361000000.0,,,552000000.0,7237000000.0,,14040000000.0,3409000000.0,,1373000000.0,33877000000.0,2362000000.0,,,5002000000.0,,3499000000.0,,457000000.0,,4717000000.0,-5108000000.0,4545000000.0,33877000000.0,702000000.0,,304000000.0,,-21000000.0,,,,,,1278000000.0,,,,,44000000.0,664000000.0,,39000000.0,-730000000.0,,,-550000000.0,8000000.0,101000000.0
2017-09-30,17196000000.0,,,,1275000000.0,,1264000000.0,,718000000.0,153000000.0,684000000.0,1.65,1.64,412900000.0,417400000.0,998000000.0,,,2465000000.0,,,405000000.0,7211000000.0,,14065000000.0,3420000000.0,,1266000000.0,33813000000.0,2408000000.0,,,4869000000.0,,3505000000.0,,460000000.0,,4918000000.0,-4949000000.0,4914000000.0,33813000000.0,1075000000.0,,295000000.0,,70000000.0,,,,,,569000000.0,,,,,45000000.0,935000000.0,,54000000.0,-1008000000.0,,,380000000.0,-35000000.0,122000000.0
2017-12-31,21743000000.0,,,,1653000000.0,,,,848000000.0,-1085000000.0,2144000000.0,5.19,5.13,412700000.0,417700000.0,1018000000.0,,,2313000000.0,1583000000.0,,282000000.0,8277000000.0,,13265000000.0,3411000000.0,,1061000000.0,33903000000.0,2458000000.0,,,5102000000.0,,2291000000.0,,567000000.0,,6180000000.0,-4633000000.0,6522000000.0,33903000000.0,1343000000.0,,-1101000000.0,,87000000.0,,,,,,1757000000.0,,,,,45000000.0,1280000000.0,,-15000000.0,-1391000000.0,0.0,,-399000000.0,-15000000.0,7000000.0
2018-03-31,5621000000.0,,,,421000000.0,,512000000.0,,356000000.0,89000000.0,729000000.0,1.76,1.74,413500000.0,418200000.0,1141000000.0,,,2057000000.0,,,258000000.0,7260000000.0,,13335000000.0,3414000000.0,,1022000000.0,34030000000.0,2534000000.0,,38000000.0,4465000000.0,,2480000000.0,,558000000.0,,6783000000.0,-4530000000.0,7245000000.0,34030000000.0,325000000.0,,157000000.0,,-21000000.0,,,,,,663000000.0,,,,,,489000000.0,,2000000.0,-489000000.0,,,-56000000.0,123000000.0,20000000.0
2018-06-30,11454000000.0,,,,872000000.0,,1209000000.0,,846000000.0,219000000.0,1134000000.0,2.74,2.71,413400000.0,418800000.0,1073000000.0,,,2050000000.0,,,242000000.0,7272000000.0,,13193000000.0,3378000000.0,,958000000.0,33796000000.0,2478000000.0,,32000000.0,4618000000.0,,2502000000.0,,557000000.0,,6988000000.0,-4881000000.0,6844000000.0,33796000000.0,655000000.0,,196000000.0,,26000000.0,,,,,,1464000000.0,,,,,0.0,929000000.0,,-3000000.0,-964000000.0,,,-410000000.0,55000000.0,112000000.0
2018-09-30,17355000000.0,,,,1277000000.0,,1947000000.0,,1399000000.0,302000000.0,1696000000.0,4.12,4.08,411400000.0,416300000.0,1026000000.0,,,2130000000.0,,,199000000.0,7318000000.0,,13088000000.0,3371000000.0,,958000000.0,33803000000.0,2510000000.0,,25000000.0,4603000000.0,,2512000000.0,,544000000.0,,7353000000.0,-4887000000.0,7040000000.0,33803000000.0,990000000.0,,163000000.0,,120000000.0,,,,,,2405000000.0,,,,,0.0,1286000000.0,,-4000000.0,-1310000000.0,,,-1046000000.0,8000000.0,195000000.0
2018-12-31,23306000000.0,,,,1723000000.0,,,,1781000000.0,445000000.0,2012000000.0,4.91,4.85,409100000.0,414200000.0,589000000.0,,,2241000000.0,1353000000.0,,250000000.0,6996000000.0,,13067000000.0,3374000000.0,,1019000000.0,33576000000.0,2413000000.0,,56000000.0,4694000000.0,,2600000000.0,,560000000.0,,7465000000.0,-4500000000.0,7362000000.0,33576000000.0,1328000000.0,,16000000.0,,-236000000.0,,,,,,3226000000.0,,,,,8000000.0,1572000000.0,,-28000000.0,-1569000000.0,,,-2046000000.0,-429000000.0,388000000.0
2019-03-31,5643000000.0,,,,413000000.0,,579000000.0,,418000000.0,106000000.0,424000000.0,1.06,1.05,400500000.0,403200000.0,641000000.0,,,2301000000.0,,,217000000.0,7062000000.0,,13071000000.0,3393000000.0,,992000000.0,34178000000.0,2518000000.0,,53000000.0,4953000000.0,,2634000000.0,,589000000.0,,8211000000.0,-4975000000.0,7446000000.0,34178000000.0,315000000.0,,22000000.0,,22000000.0,,,,,,733000000.0,,,,,17000000.0,293000000.0,,4000000.0,-294000000.0,,,-389000000.0,52000000.0,-51000000.0
2019-06-30,11310000000.0,7830000000.0,,,815000000.0,,1051000000.0,,752000000.0,234000000.0,716000000.0,1.8,1.78,398300000.0,401400000.0,787000000.0,,,2224000000.0,,,215000000.0,7388000000.0,,12962000000.0,3441000000.0,,1018000000.0,34347000000.0,2498000000.0,,40000000.0,5049000000.0,,2624000000.0,,591000000.0,,8302000000.0,-4870000000.0,7482000000.0,34347000000.0,636000000.0,,50000000.0,,-48000000.0,,,,,,1800000000.0,,,,,99000000.0,628000000.0,,9000000.0,-715000000.0,,,-876000000.0,198000000.0,-97000000.0
2019-09-30,16878000000.0,11602000000.0,,,1202000000.0,,1706000000.0,,1204000000.0,371000000.0,1060000000.0,2.67,2.65,396300000.0,399600000.0,697000000.0,,,2194000000.0,,,189000000.0,7051000000.0,,12845000000.0,3412000000.0,,1002000000.0,33848000000.0,2349000000.0,,28000000.0,4729000000.0,,2643000000.0,,567000000.0,,8447000000.0,-5014000000.0,7441000000.0,33848000000.0,963000000.0,,68000000.0,,9000000.0,,,,,,2682000000.0,,,,,99000000.0,913000000.0,,14000000.0,-994000000.0,,,-1547000000.0,108000000.0,-245000000.0
2019-12-31,22376000000.0,15268000000.0,,,1647000000.0,,,,1604000000.0,634000000.0,1225000000.0,3.1,3.07,395300000.0,398800000.0,511000000.0,,,2208000000.0,1237000000.0,,247000000.0,6639000000.0,,13004000000.0,3347000000.0,,847000000.0,33471000000.0,2423000000.0,,56000000.0,8646000000.0,,2633000000.0,,640000000.0,,8408000000.0,-4739000000.0,7713000000.0,33471000000.0,1306000000.0,,212000000.0,,1000000.0,,,,,,3610000000.0,,,,,103000000.0,1276000000.0,,20000000.0,-1300000000.0,,,-2389000000.0,-78000000.0,349000000.0
2020-03-31,5352000000.0,3746000000.0,,,418000000.0,,512000000.0,,-16000000.0,94000000.0,-141000000.0,-0.36,-0.36,392600000.0,392600000.0,1239000000.0,,,2002000000.0,,,213000000.0,7215000000.0,,12691000000.0,3304000000.0,,812000000.0,33215000000.0,2379000000.0,4220000000.0,44000000.0,9342000000.0,,,,636000000.0,,8062000000.0,-5255000000.0,6857000000.0,33215000000.0,323000000.0,,35000000.0,,-60000000.0,,,,,,649000000.0,,,,,0.0,286000000.0,,0.0,-35000000.0,,,165000000.0,728000000.0,16000000.0
2020-06-30,10218000000.0,7173000000.0,,,750000000.0,,940000000.0,,261000000.0,161000000.0,266000000.0,0.67,0.67,393100000.0,394000000.0,847000000.0,,,2010000000.0,,,169000000.0,6599000000.0,,12586000000.0,3304000000.0,,807000000.0,32519000000.0,2206000000.0,4220000000.0,26000000.0,8330000000.0,,,,939000000.0,,8123000000.0,-5149000000.0,7057000000.0,32519000000.0,635000000.0,,12000000.0,,-65000000.0,,,,,,1539000000.0,,,,,64000000.0,538000000.0,,-15000000.0,-334000000.0,,,-817000000.0,336000000.0,-58000000.0
2020-09-30,15341000000.0,10714000000.0,,,1110000000.0,,1413000000.0,,527000000.0,211000000.0,329000000.0,0.84,0.83,393100000.0,394600000.0,,,,2007000000.0,,,217000000.0,11288000000.0,,12410000000.0,3304000000.0,,776000000.0,31840000000.0,2226000000.0,,20000000.0,8476000000.0,,,,1056000000.0,,8122000000.0,-5132000000.0,7093000000.0,31840000000.0,955000000.0,,-5000000.0,,-74000000.0,,,,,,2274000000.0,,,,,64000000.0,657000000.0,,-18000000.0,-200000000.0,,,-1859000000.0,167000000.0,-203000000.0
2020-12-31,20580000000.0,14373000000.0,,,1520000000.0,,,-7000000.0,650000000.0,245000000.0,482000000.0,1.23,1.22,393000000.0,395700000.0,,,,2050000000.0,1208000000.0,,184000000.0,11236000000.0,,12217000000.0,3315000000.0,,745000000.0,31718000000.0,2320000000.0,,31000000.0,8284000000.0,,,,1046000000.0,,8070000000.0,-4342000000.0,7854000000.0,31718000000.0,1287000000.0,,9000000.0,,-35000000.0,,,,,,3063000000.0,,,,,65000000.0,751000000.0,,1000000.0,-269000000.0,,,-2700000000.0,84000000.0,162000000.0
2021-03-31,5363000000.0,3847000000.0,,,361000000.0,,445000000.0,,399000000.0,99000000.0,349000000.0,0.89,0.88,392800000.0,394800000.0,,,,1828000000.0,,,228000000.0,12167000000.0,,11667000000.0,3242000000.0,,729000000.0,31477000000.0,2354000000.0,,41000000.0,8390000000.0,,,,1022000000.0,,8214000000.0,-4453000000.0,7758000000.0,31477000000.0,309000000.0,,20000000.0,,-93000000.0,,,,,,512000000.0,,,,,61000000.0,89000000.0,,,258000000.0,,,-504000000.0,192000000.0,-17000000.0
2021-06-30,10979000000.0,7760000000.0,,,821000000.0,,939000000.0,,831000000.0,201000000.0,781000000.0,1.99,1.96,392100000.0,397700000.0,706000000.0,,,1828000000.0,,,248000000.0,12226000000.0,,11553000000.0,3317000000.0,,738000000.0,31448000000.0,2565000000.0,1117000000.0,35000000.0,8635000000.0,,,,1131000000.0,,8442000000.0,-4094000000.0,8352000000.0,31448000000.0,615000000.0,,5000000.0,,-110000000.0,,,,,,1278000000.0,,,,,80000000.0,222000000.0,,2000000.0,586000000.0,,,-1715000000.0,111000000.0,-185000000.0
2021-09-30,16693000000.0,11684000000.0,,,1255000000.0,,1570000000.0,,1747000000.0,347000000.0,1645000000.0,4.21,4.16,391000000.0,395300000.0,2122000000.0,,,2053000000.0,,,246000000.0,9896000000.0,,11360000000.0,3274000000.0,,705000000.0,29471000000.0,2704000000.0,1272000000.0,25000000.0,4698000000.0,,,,1167000000.0,,9103000000.0,-3314000000.0,9622000000.0,29471000000.0,933000000.0,,-151000000.0,,133000000.0,,,,,,1923000000.0,,,,,80000000.0,348000000.0,,3000000.0,6184000000.0,,,-5074000000.0,3026000000.0,-389000000.0
2021-12-31,19363000000.0,13832000000.0,,,1385000000.0,,,,999000000.0,188000000.0,1752000000.0,4.5,4.47,389400000.0,392400000.0,,,,1814000000.0,805000000.0,,132000000.0,7096000000.0,,10441000000.0,3130000000.0,,572000000.0,25243000000.0,2606000000.0,,27000000.0,4144000000.0,,,,1099000000.0,,9029000000.0,-1666000000.0,9082000000.0,25243000000.0,1097000000.0,,-309000000.0,,263000000.0,,,,,,2030000000.0,,,,,80000000.0,480000000.0,,3000000.0,6054000000.0,,,-7375000000.0,700000000.0,601000000.0
2022-03-31,5237000000.0,3839000000.0,,,341000000.0,,348000000.0,,362000000.0,95000000.0,360000000.0,0.96,0.95,375200000.0,379200000.0,1031000000.0,,,1746000000.0,,,174000000.0,7184000000.0,,10336000000.0,3128000000.0,,596000000.0,25158000000.0,2657000000.0,943000000.0,22000000.0,4142000000.0,,,,1101000000.0,,9218000000.0,-1694000000.0,,25158000000.0,261000000.0,,30000000.0,,-31000000.0,,,,,,588000000.0,,,,,0.0,185000000.0,,,-180000000.0,,,-583000000.0,-176000000.0,-20000000.0
2022-06-30,10626000000.0,7645000000.0,,,641000000.0,,933000000.0,,876000000.0,191000000.0,871000000.0,2.34,2.32,371400000.0,375700000.0,826000000.0,,,1897000000.0,,,204000000.0,7046000000.0,,10234000000.0,3124000000.0,,568000000.0,25282000000.0,2678000000.0,1001000000.0,16000000.0,4352000000.0,,,,1092000000.0,,9557000000.0,-1489000000.0,,25282000000.0,528000000.0,,-5000000.0,,133000000.0,,,,,,978000000.0,,,,,0.0,371000000.0,,1000000.0,-217000000.0,,,-1226000000.0,-469000000.0,-150000000.0
2022-09-30,16028000000.0,11475000000.0,,,978000000.0,,1397000000.0,,1189000000.0,-575000000.0,1822000000.0,4.97,4.92,366800000.0,370700000.0,511000000.0,,,1976000000.0,,,168000000.0,6622000000.0,,10219000000.0,3116000000.0,,534000000.0,24865000000.0,2668000000.0,1143000000.0,17000000.0,4805000000.0,,,,1096000000.0,,10340000000.0,-1586000000.0,,24865000000.0,789000000.0,,-816000000.0,,217000000.0,,,,,,1413000000.0,,,,,0.0,609000000.0,,6000000.0,-293000000.0,,,-1895000000.0,-784000000.0,-287000000.0
2022-12-31,21161000000.0,15143000000.0,,,1293000000.0,,,,1511000000.0,-236000000.0,1504000000.0,4.14,4.1,363500000.0,367000000.0,,,,1942000000.0,801000000.0,,126000000.0,6770000000.0,,10431000000.0,3041000000.0,,497000000.0,23940000000.0,2708000000.0,,38000000.0,5000000000.0,,,,1075000000.0,,9855000000.0,-1925000000.0,,23940000000.0,1040000000.0,,-773000000.0,,162000000.0,,,,,,2174000000.0,,,,,0.0,931000000.0,,1000000.0,-608000000.0,,,-2054000000.0,-491000000.0,345000000.0
2023-03-31,5020000000.0,3642000000.0,,,381000000.0,,306000000.0,,221000000.0,48000000.0,,0.49,0.49,349300000.0,353300000.0,636000000.0,,,1939000000.0,,,149000000.0,6615000000.0,,10453000000.0,3042000000.0,,449000000.0,23771000000.0,2541000000.0,1008000000.0,36000000.0,4266000000.0,,,,1085000000.0,,9866000000.0,-1911000000.0,,23771000000.0,241000000.0,,-2000000.0,,-52000000.0,,,,,,345000000.0,,,,,,341000000.0,,,-339000000.0,,,-108000000.0,-96000000.0,-169000000.0
2023-06-30,9702000000.0,7002000000.0,,,717000000.0,,640000000.0,,476000000.0,81000000.0,,1.17,1.16,347700000.0,349500000.0,746000000.0,,,1911000000.0,,,159000000.0,6476000000.0,,10473000000.0,3043000000.0,,441000000.0,23683000000.0,2394000000.0,1040000000.0,22000000.0,4067000000.0,,,,1069000000.0,,9938000000.0,-1920000000.0,,23683000000.0,485000000.0,,-13000000.0,,-87000000.0,,,,,,873000000.0,,,,,,608000000.0,,-2000000.0,-603000000.0,,,-338000000.0,-58000000.0,-215000000.0
2023-09-30,14315000000.0,10347000000.0,,,1003000000.0,,992000000.0,,708000000.0,120000000.0,,1.65,1.64,347200000.0,349000000.0,1149000000.0,,,1929000000.0,,,150000000.0,6780000000.0,,10433000000.0,3041000000.0,,422000000.0,23951000000.0,2363000000.0,1029000000.0,15000000.0,3882000000.0,,,,1086000000.0,,9938000000.0,-1460000000.0,,23951000000.0,743000000.0,,-47000000.0,,-62000000.0,,,,,,1341000000.0,,,,,,836000000.0,,-2000000.0,-358000000.0,,,-644000000.0,345000000.0,-295000000.0
2023-12-31,18916000000.0,13629000000.0,,,1360000000.0,,,,382000000.0,59000000.0,288000000.0,0.83,0.82,346900000.0,349100000.0,,,,1889000000.0,856000000.0,,114000000.0,6608000000.0,,10150000000.0,3041000000.0,,421000000.0,23261000000.0,2442000000.0,,32000000.0,3959000000.0,,,,1095000000.0,,9491000000.0,-1565000000.0,,23261000000.0,1432000000.0,,-156000000.0,,-73000000.0,,,,,,1833000000.0,,,,,0.0,1141000000.0,,3000000.0,-668000000.0,,,-866000000.0,309000000.0,340000000.0
2024-03-31,4619000000.0,3424000000.0,,,358000000.0,,169000000.0,,85000000.0,27000000.0,,0.16,0.16,346700000.0,348500000.0,1070000000.0,,,1771000000.0,,,140000000.0,6459000000.0,,10027000000.0,3041000000.0,,434000000.0,23028000000.0,2322000000.0,1016000000.0,28000000.0,3854000000.0,,,,1085000000.0,,9386000000.0,-1558000000.0,,23028000000.0,278000000.0,,-11000000.0,,-76000000.0,,,,,,395000000.0,,,,,,251000000.0,,-3000000.0,-247000000.0,,,-191000000.0,-43000000.0,-5000000.0
2024-06-30,9353000000.0,6784000000.0,,,811000000.0,,491000000.0,,291000000.0,-293000000.0,,1.59,1.57,347300000.0,352800000.0,1049000000.0,,,1728000000.0,,,147000000.0,6557000000.0,,9953000000.0,3040000000.0,,419000000.0,23063000000.0,2350000000.0,1032000000.0,17000000.0,4114000000.0,,,,1099000000.0,,9719000000.0,-1580000000.0,,23063000000.0,539000000.0,,-427000000.0,,-112000000.0,,,,,,760000000.0,,,,,,449000000.0,,1000000.0,-446000000.0,,,-365000000.0,-64000000.0,-153000000.0
2024-09-30,14039000000.0,10126000000.0,,,1319000000.0,,728000000.0,,371000000.0,-337000000.0,,2.02,1.99,347400000.0,353600000.0,1159000000.0,,,1795000000.0,,,139000000.0,6643000000.0,,9960000000.0,3038000000.0,,398000000.0,23161000000.0,2436000000.0,1021000000.0,11000000.0,4353000000.0,,,,1129000000.0,,9705000000.0,-1554000000.0,,23161000000.0,806000000.0,,-606000000.0,,-49000000.0,,,,,,1281000000.0,,,,,,661000000.0,,3000000.0,-634000000.0,,,-588000000.0,46000000.0,-285000000.0
