Date,Net sales,Cost of sales,Gross margin,Research and development,"Selling, general and administrative",Total operating expenses,Operating income,"Other income/(expense), net",Income before provision for income taxes,Provision for income taxes,Net income,Earnings per share basic,Earnings per share diluted,Weighted-average basic,Weighted-average diluted,Cash and cash equivalents,Short-term marketable securities,"Accounts receivable, net",Inventories,Deferred tax assets,Vendor non-trade receivables,Other current assets,Total current assets,Long-term marketable securities,"Property, Plant and Equipment, Net",Goodwill,"Acquired intangible assets, net","Other Assets, Noncurrent",Total assets,accounts payable,Accrued expenses,Deferred revenue,Total current liabilities,Deferred revenue - non-current,deferred tax liabilities,long term taxes payable,Total other non-current liabilities,Total liabilities,Retained Earnings (Accumulated Deficit),Accumulated other comprehensive (loss)/income,Total shareholders equity,Total liabilities and shareholders' equity,"Depreciation, amortization and accretion",Stock-based compensation expense,Deferred income tax expense,"Increase (Decrease) in Accounts receivable, net",Increase (Decrease) in Inventories,Increase (Decrease) in Other Receivables,Increase (Decrease) in Other Operating Assets,Increase (Decrease) in Accounts Payable,Increase (Decrease) in Deferred Revenue,Increase (Decrease) Other liabilities,Cash generated by operating activities,Purchases of marketable securities,Proceeds from maturities of marketable securities,Proceeds from sales of marketable securities,Purchases of other long-term investments,"Business acquisitions, net of cash acquired",Cash payments for capital asset purchases,Payments for acquisition of intangible assets,Payments for (Proceeds from) Other Investing Activities,Cash used in investing activities,Proceeds from issuance of common stock,Excess tax benefits from stock-based compensation,Cash generated/used in financing activities,Increase/(decrease) in cash and cash equivalents,"Cash paid for income taxes, net"
2010-06-30,2959100000.0,,,,,2841300000.0,177200000.0,-56600000.0,146200000.0,63300000.0,82500000.0,0.22,0.15,473000000.0,544900000.0,1929900000.0,12500000.0,3724500000.0,,,,282400000.0,7180800000.0,,440400000.0,3278300000.0,,427900000.0,11704600000.0,4004800000.0,2445000000.0,,6735700000.0,,,,386200000.0,9227400000.0,-306900000.0,-240800000.0,2169700000.0,11704600000.0,,26500000.0,4400000.0,144700000.0,161100000.0,,,139300000.0,,,-202200000.0,,,,,9000000.0,28300000.0,,1200000.0,-9300000.0,,,-315900000.0,-565300000.0,
2010-09-30,4519900000.0,,,,,4301900000.0,218000000.0,-87600000.0,130400000.0,72400000.0,63200000.0,0.16,0.11,474700000.0,533600000.0,1927700000.0,11300000.0,3805400000.0,,,,242000000.0,7315800000.0,,441100000.0,3350400000.0,,446800000.0,11950600000.0,3967800000.0,2549900000.0,,6873000000.0,,,,389300000.0,9349600000.0,-261600000.0,-161800000.0,2296100000.0,11950600000.0,,38500000.0,-7500000.0,82700000.0,225800000.0,,,-700000.0,,,-161800000.0,,,,,63000000.0,49700000.0,,1700000.0,-83600000.0,,,-327700000.0,-567500000.0,
2010-12-31,6531900000.0,,,,,5983200000.0,548700000.0,-98100000.0,450600000.0,171300000.0,261100000.0,0.57,0.47,473600000.0,542100000.0,2675700000.0,13700000.0,4317600000.0,,,,229400000.0,8453500000.0,,454300000.0,3368500000.0,,460300000.0,13070800000.0,4474500000.0,3112700000.0,,7740900000.0,,,,402400000.0,10212700000.0,-63700000.0,-119000000.0,2529000000.0,13070800000.0,,50000000.0,56000000.0,547600000.0,122800000.0,,,646300000.0,,,817300000.0,,,,,61900000.0,96300000.0,,-800000.0,-108500000.0,,,-547700000.0,180500000.0,
2011-03-31,1474800000.0,,,,,1520100000.0,-45300000.0,-29700000.0,-75000000.0,-21500000.0,-45200000.0,,,,,1840200000.0,14100000.0,3995400000.0,,,,266600000.0,7474100000.0,,445500000.0,3407700000.0,,451000000.0,12177200000.0,4010600000.0,2733600000.0,,7312800000.0,,,,402800000.0,9358500000.0,-108900000.0,-73800000.0,2497900000.0,12177200000.0,,15700000.0,-53000000.0,-369400000.0,123200000.0,,,-429600000.0,,,-801700000.0,,,,,2100000.0,16900000.0,,200000.0,-16800000.0,,,-45400000.0,-835500000.0,
2011-12-31,7014600000.0,,,,,6327400000.0,687200000.0,51200000.0,738400000.0,190200000.0,532300000.0,1.12,0.99,465500000.0,540600000.0,2302700000.0,12900000.0,4425400000.0,,773700000.0,,298600000.0,8286800000.0,,459800000.0,3444300000.0,,471200000.0,12876600000.0,6647200000.0,827100000.0,,8032600000.0,,,,452100000.0,10135900000.0,405100000.0,-225700000.0,2461700000.0,12876600000.0,130700000.0,51700000.0,83900000.0,219200000.0,39200000.0,,,-62900000.0,,,273500000.0,,,,,63100000.0,140300000.0,,-11800000.0,-58800000.0,,,-541000000.0,-373000000.0,102000000.0
2012-03-31,1506800000.0,,,,,1546200000.0,-39400000.0,-25900000.0,-64900000.0,-19200000.0,-43000000.0,,,,,1573100000.0,13800000.0,3732100000.0,,,,346200000.0,7112500000.0,,451100000.0,3463000000.0,,484500000.0,11765900000.0,5929100000.0,676700000.0,,6987100000.0,,,,467300000.0,9114100000.0,335700000.0,-181800000.0,2393900000.0,11765900000.0,,16700000.0,-51500000.0,-742300000.0,193700000.0,,,-808400000.0,,,-498500000.0,,,,,2100000.0,22400000.0,,-2000000.0,-21300000.0,,,-229000000.0,-729600000.0,
2012-06-30,3222500000.0,,,,,3085500000.0,176400000.0,-47200000.0,155100000.0,50100000.0,101900000.0,0.23,0.22,437500000.0,477700000.0,1502000000.0,12700000.0,3741300000.0,,,,341200000.0,7237300000.0,,447000000.0,3461700000.0,,502400000.0,11851600000.0,6026600000.0,593900000.0,,7015200000.0,,,,502200000.0,9176900000.0,408200000.0,-168300000.0,2424000000.0,11851600000.0,,29400000.0,-43400000.0,-675100000.0,278200000.0,,,-622200000.0,,,-340600000.0,,,,,51600000.0,58200000.0,,400000.0,-97600000.0,,,-341100000.0,-800700000.0,
2012-09-30,4892900000.0,,,,,4624500000.0,268400000.0,-70400000.0,198000000.0,72800000.0,130500000.0,0.28,0.27,435500000.0,469700000.0,1187300000.0,14300000.0,3839900000.0,,,,324700000.0,6974500000.0,,466700000.0,3574300000.0,,530500000.0,11728700000.0,5846800000.0,650000000.0,,6914400000.0,,,,473900000.0,9081900000.0,450900000.0,-157600000.0,2395800000.0,11728700000.0,,37700000.0,-31500000.0,-610200000.0,268400000.0,,,-852700000.0,,,-445300000.0,,,,,140600000.0,99300000.0,,-10600000.0,-229300000.0,,,-439700000.0,-1115400000.0,
2012-12-31,6956200000.0,,,,,6277900000.0,678300000.0,-3500000.0,674800000.0,213300000.0,446700000.0,1.01,0.94,432500000.0,481400000.0,2574800000.0,16000000.0,4496600000.0,,633200000.0,,332100000.0,8738300000.0,,504800000.0,3580600000.0,,509700000.0,13493900000.0,6584800000.0,728200000.0,,7701700000.0,,,,558600000.0,10810100000.0,738300000.0,-288000000.0,2420600000.0,13493900000.0,124300000.0,44500000.0,103600000.0,44700000.0,73800000.0,,,-120400000.0,,,357200000.0,,,,,145500000.0,169200000.0,,-9700000.0,-210200000.0,,,131300000.0,272100000.0,95700000.0
2013-03-31,1543000000.0,,,,,1585400000.0,-42400000.0,-28600000.0,-71000000.0,-12400000.0,-56300000.0,,,,,1645700000.0,5400000.0,3885700000.0,,,,400000000.0,7448200000.0,,485600000.0,3588900000.0,,513200000.0,12218300000.0,5650200000.0,596400000.0,,6408200000.0,,,,555100000.0,9500600000.0,648700000.0,-325400000.0,2449300000.0,12218300000.0,,15500000.0,-49500000.0,-567400000.0,206200000.0,,,-898200000.0,,,-775100000.0,,,,,34900000.0,17800000.0,,-1800000.0,-39800000.0,,,-104100000.0,-929100000.0,
2013-06-30,3299200000.0,,,,,3166800000.0,174800000.0,-55500000.0,147900000.0,62000000.0,82800000.0,0.19,0.18,425100000.0,448300000.0,1613900000.0,4600000.0,4047800000.0,,,,391900000.0,7604100000.0,,475900000.0,3580700000.0,,497600000.0,12336700000.0,5891000000.0,548600000.0,,7220400000.0,,,,558600000.0,9729300000.0,696500000.0,-395400000.0,2344300000.0,12336700000.0,,24900000.0,-14300000.0,-330500000.0,255700000.0,,,-573400000.0,,,-591400000.0,,,,,48200000.0,46800000.0,,2100000.0,-82400000.0,,7400000.0,-226000000.0,-960900000.0,
2013-09-30,4999600000.0,,,,,4725700000.0,273900000.0,-120000000.0,153900000.0,78000000.0,74800000.0,0.16,0.16,419700000.0,426100000.0,999300000.0,5200000.0,3830200000.0,,,,377100000.0,6762800000.0,,490500000.0,3609300000.0,,498100000.0,11532000000.0,5705600000.0,553300000.0,,6447400000.0,,,,557200000.0,8968900000.0,710400000.0,-369300000.0,2302600000.0,11532000000.0,,32900000.0,28500000.0,-586900000.0,250900000.0,,,-811500000.0,,,-430400000.0,,,,,48200000.0,91600000.0,,2400000.0,-128100000.0,,9200000.0,-955600000.0,-1575500000.0,
2013-12-31,7122300000.0,,,,,6524000000.0,598300000.0,-130300000.0,468000000.0,181200000.0,267900000.0,0.62,0.61,421100000.0,429600000.0,1636800000.0,5300000.0,4565400000.0,,561600000.0,,340100000.0,8084000000.0,,540000000.0,3629000000.0,,508000000.0,12905000000.0,6914200000.0,718400000.0,,8165300000.0,,,,595700000.0,10405100000.0,864500000.0,-411200000.0,2215200000.0,12905000000.0,130600000.0,43100000.0,69400000.0,157100000.0,241500000.0,,,417700000.0,,,592900000.0,,,,,61500000.0,173000000.0,,-10000000.0,-224500000.0,,0.0,-1212300000.0,-938000000.0,111800000.0
2014-03-31,1637500000.0,,,,,1649200000.0,-11700000.0,-12300000.0,-24000000.0,-1700000.0,-20900000.0,,,,,771000000.0,5600000.0,4013400000.0,,,,399200000.0,6881900000.0,,534300000.0,3663100000.0,,517700000.0,11759200000.0,6048500000.0,587400000.0,,7160200000.0,,,,563000000.0,9338100000.0,805000000.0,-410900000.0,2138800000.0,11759200000.0,,15100000.0,-22900000.0,-557600000.0,154000000.0,,,-905600000.0,,,-725700000.0,,,,,22100000.0,26600000.0,,-1600000.0,-47100000.0,,3300000.0,-90700000.0,-865800000.0,
2014-06-30,3488900000.0,,,,,3304800000.0,195800000.0,-39500000.0,168600000.0,65300000.0,99400000.0,0.24,0.23,421900000.0,428500000.0,895100000.0,6300000.0,4272300000.0,,,,429300000.0,7401600000.0,,537100000.0,3714800000.0,,515200000.0,12339700000.0,6414800000.0,594800000.0,,7138200000.0,,,,616400000.0,9871400000.0,865500000.0,-383100000.0,2189300000.0,12339700000.0,,26200000.0,7300000.0,-327600000.0,239400000.0,,,-584500000.0,,,-557200000.0,,,,,50800000.0,58700000.0,,-400000.0,-99100000.0,,4300000.0,-89300000.0,-741700000.0,
2014-09-30,5330000000.0,,,,,4974600000.0,355400000.0,-53300000.0,302100000.0,128600000.0,168200000.0,0.4,0.39,421000000.0,427200000.0,896000000.0,6400000.0,3870900000.0,,,,402000000.0,6900900000.0,,530200000.0,3686400000.0,,500300000.0,11778400000.0,5875000000.0,638800000.0,,6644300000.0,,,,660300000.0,9407200000.0,915200000.0,-495200000.0,2083300000.0,11778400000.0,,37900000.0,49100000.0,-623000000.0,193200000.0,,,-1015700000.0,,,-381000000.0,,,,,62900000.0,94400000.0,,-1900000.0,-141900000.0,,4900000.0,-174800000.0,-740800000.0,
2014-12-31,7537100000.0,,,,,6748700000.0,788400000.0,-67700000.0,720700000.0,216500000.0,477100000.0,1.14,1.12,419200000.0,425400000.0,1660600000.0,6600000.0,4376600000.0,,422200000.0,,342200000.0,7810200000.0,,548200000.0,3669200000.0,,526700000.0,12747200000.0,6558000000.0,796000000.0,,7463300000.0,,,,723900000.0,10338600000.0,1183300000.0,-636700000.0,2116300000.0,12747200000.0,132300000.0,54300000.0,83500000.0,20100000.0,-83500000.0,,,-177100000.0,,,669500000.0,,,,,67800000.0,-148700000.0,,-2100000.0,200800000.0,,16700000.0,-343900000.0,23800000.0,103900000.0
2015-03-31,1676000000.0,,,,,1668200000.0,7800000.0,-13400000.0,-5600000.0,-1400000.0,-1800000.0,,,,,734300000.0,6900000.0,3781400000.0,,,,367100000.0,6387500000.0,,523300000.0,3595000000.0,,501400000.0,11200200000.0,5468500000.0,618700000.0,,6224900000.0,,,,694000000.0,9012700000.0,1126200000.0,-764700000.0,1912700000.0,11200200000.0,,16800000.0,-31800000.0,-460500000.0,111100000.0,,,-946100000.0,,,-796900000.0,,,,,0.0,20200000.0,,-200000.0,-20000000.0,,8500000.0,-51100000.0,-926300000.0,
2015-06-30,3552100000.0,,,,,3328500000.0,223600000.0,-28200000.0,201000000.0,77700000.0,121200000.0,0.3,0.29,410800000.0,417600000.0,848900000.0,6700000.0,3976700000.0,,,,352700000.0,6637400000.0,,526400000.0,3626300000.0,,505000000.0,11499300000.0,5669800000.0,603800000.0,,6433600000.0,,,,719300000.0,9256100000.0,1201800000.0,-735800000.0,1983900000.0,11499300000.0,,33200000.0,200000.0,-284100000.0,53200000.0,,,-775300000.0,,,-536600000.0,,,,,0.0,49800000.0,,-400000.0,-49900000.0,,9000000.0,-160500000.0,-811700000.0,
2015-09-30,5417600000.0,,,,,5002100000.0,415500000.0,-81100000.0,334400000.0,137400000.0,194300000.0,0.47,0.47,409700000.0,417000000.0,874300000.0,6900000.0,3848300000.0,,,,349100000.0,6668800000.0,,519200000.0,3591300000.0,,490900000.0,11474100000.0,5753400000.0,688900000.0,,6572600000.0,,,,699200000.0,9356000000.0,1226200000.0,-826200000.0,1863800000.0,11474100000.0,,49700000.0,-33700000.0,-308000000.0,235100000.0,,,-556100000.0,,,-255700000.0,,,,,5900000.0,80700000.0,,,-90500000.0,,9000000.0,-311600000.0,-786300000.0,
2015-12-31,7613800000.0,,,,,6741900000.0,871900000.0,-109700000.0,762200000.0,282800000.0,454600000.0,1.11,1.09,408100000.0,415700000.0,1502900000.0,6800000.0,4361000000.0,,315200000.0,,228000000.0,7693100000.0,,567200000.0,3608500000.0,,487900000.0,12585100000.0,6672000000.0,760300000.0,,7584300000.0,,,,672600000.0,10331400000.0,1437600000.0,-845600000.0,1965500000.0,12585100000.0,130900000.0,70300000.0,49500000.0,236100000.0,237800000.0,,,400900000.0,,,674000000.0,,,,,28600000.0,161100000.0,,1100000.0,-202800000.0,,10200000.0,-472800000.0,-157700000.0,231900000.0
2016-03-31,1742000000.0,,,,,1721100000.0,20900000.0,-33900000.0,-13000000.0,-15600000.0,5400000.0,0.01,0.01,400600000.0,409300000.0,673400000.0,6900000.0,3718900000.0,,,,312600000.0,6486000000.0,,565100000.0,3681800000.0,,506900000.0,11516800000.0,5785100000.0,620600000.0,,6539400000.0,,,,733200000.0,9296600000.0,1379000000.0,-787500000.0,1941500000.0,11516800000.0,,23100000.0,-28100000.0,-686500000.0,137300000.0,,,-981100000.0,,,-649100000.0,,,,,27000000.0,27000000.0,,5200000.0,-59200000.0,,0.0,-157900000.0,-829500000.0,
2016-06-30,3659900000.0,,,,,3414200000.0,245700000.0,-52900000.0,205800000.0,43700000.0,156900000.0,0.41,0.4,400400000.0,409800000.0,672600000.0,2800000.0,3945000000.0,,,,294600000.0,6625400000.0,,569700000.0,3662200000.0,,502400000.0,11633900000.0,5857700000.0,588400000.0,,6682300000.0,,,,685000000.0,9359500000.0,1475300000.0,-797300000.0,1995600000.0,11633900000.0,,39900000.0,-4200000.0,-428200000.0,110800000.0,,,-850500000.0,,,-554600000.0,,,,,34300000.0,63000000.0,,5700000.0,-103000000.0,,0.0,-225300000.0,-830300000.0,
2016-09-30,5582100000.0,,,,,5129200000.0,452900000.0,-63800000.0,389100000.0,91900000.0,290900000.0,0.73,0.71,399500000.0,408800000.0,891600000.0,3000000.0,3714400000.0,,,,280500000.0,6733200000.0,,581600000.0,3715300000.0,,510700000.0,11839500000.0,6025900000.0,631700000.0,,6815100000.0,,,,733000000.0,9617100000.0,1546600000.0,-862800000.0,1941400000.0,11839500000.0,,59000000.0,2600000.0,-666300000.0,241200000.0,,,-696300000.0,,,-34800000.0,,,,,47900000.0,114500000.0,,5800000.0,-168200000.0,,0.0,-459000000.0,-611300000.0,
2016-12-31,7846600000.0,,,,,6908600000.0,938000000.0,-107800000.0,830200000.0,198000000.0,608500000.0,1.53,1.49,397900000.0,408000000.0,1097600000.0,3000000.0,4389700000.0,,255700000.0,,226400000.0,7438000000.0,,622000000.0,3674400000.0,,530500000.0,12485200000.0,6303600000.0,794000000.0,,7706000000.0,,,,708300000.0,10175700000.0,1804300000.0,-962500000.0,2017100000.0,12485200000.0,138300000.0,85600000.0,45700000.0,220700000.0,2200000.0,,,-126100000.0,,,513400000.0,,,,,52000000.0,200700000.0,,11200000.0,-263900000.0,,0.0,-666400000.0,-405300000.0,244100000.0
2017-03-31,1753900000.0,,,,,1724200000.0,29700000.0,-14900000.0,14800000.0,-2100000.0,21500000.0,0.05,0.05,391700000.0,399300000.0,775000000.0,3100000.0,3641500000.0,,,,318500000.0,6589500000.0,,616300000.0,3703500000.0,,545000000.0,11697900000.0,5672600000.0,572000000.0,,6990700000.0,,,,728400000.0,9460300000.0,1751200000.0,-909400000.0,1963000000.0,11697900000.0,,29700000.0,-13800000.0,-806600000.0,206300000.0,,,-702500000.0,,,-371800000.0,,,,,3300000.0,24800000.0,,5100000.0,-33200000.0,,,64400000.0,,
2017-06-30,3638800000.0,,,,,3402600000.0,236200000.0,-51300000.0,184900000.0,75400000.0,116200000.0,0.3,0.29,392300000.0,400300000.0,657600000.0,3200000.0,3762200000.0,,,,323100000.0,6486500000.0,,635000000.0,3753100000.0,,542700000.0,11678200000.0,5872000000.0,513100000.0,,6946200000.0,,,,731400000.0,9422500000.0,1774900000.0,-874200000.0,1982500000.0,11678200000.0,,46000000.0,1500000.0,-769700000.0,165300000.0,,,-622900000.0,,,-153100000.0,,,,,12600000.0,68900000.0,,14500000.0,-96000000.0,,,-199400000.0,-440300000.0,
2017-09-30,5541400000.0,,,,,5086100000.0,455300000.0,-78100000.0,377200000.0,115800000.0,262400000.0,0.67,0.66,391200000.0,398600000.0,704900000.0,,3696100000.0,,,,312200000.0,6463800000.0,,637500000.0,3799900000.0,,544000000.0,11716100000.0,5561100000.0,550700000.0,,6946300000.0,,,,749400000.0,9437900000.0,1849800000.0,-832700000.0,2013400000.0,11716100000.0,,59800000.0,-1600000.0,-875800000.0,165900000.0,,,-986400000.0,,,-139000000.0,,,,,22600000.0,108700000.0,,9200000.0,-140500000.0,,,-113100000.0,-392200000.0,
2017-12-31,7882400000.0,,,,118600000.0,6908800000.0,973600000.0,-97600000.0,876000000.0,281900000.0,579000000.0,1.49,1.46,389600000.0,397300000.0,790900000.0,,4585000000.0,,266800000.0,,335100000.0,7464100000.0,,650400000.0,3820400000.0,,524300000.0,12695200000.0,6907800000.0,674700000.0,,7678200000.0,,,,766900000.0,10207300000.0,2093600000.0,-827400000.0,2201000000.0,12695200000.0,135900000.0,82000000.0,1100000.0,-37600000.0,165500000.0,,,311900000.0,,,881800000.0,,,,,30600000.0,155900000.0,,9700000.0,-196200000.0,,0.0,-1004900000.0,-302500000.0,228400000.0
2018-03-31,2169100000.0,,,,35100000.0,2130300000.0,38800000.0,-40300000.0,-1500000.0,12700000.0,-14100000.0,-0.04,-0.04,383400000.0,383400000.0,597300000.0,,3942500000.0,,,,430600000.0,6963500000.0,,634200000.0,3839700000.0,,529600000.0,12240100000.0,5467100000.0,528100000.0,507500000.0,7322500000.0,,,,785100000.0,9852900000.0,2010500000.0,-790800000.0,2108500000.0,12240100000.0,46000000.0,30000000.0,-20800000.0,-675200000.0,,,,-994200000.0,,,-729900000.0,,,,,200000.0,22800000.0,,100000.0,-23100000.0,,,558200000.0,-197700000.0,
2018-06-30,4560900000.0,4119000000.0,,,63900000.0,4272900000.0,288000000.0,-78000000.0,211500000.0,76300000.0,145800000.0,0.38,0.37,383600000.0,389500000.0,493200000.0,,4247700000.0,,,,439300000.0,7145600000.0,,602000000.0,3788100000.0,,560900000.0,12357600000.0,5738800000.0,551500000.0,510800000.0,7585300000.0,,,,786800000.0,10100200000.0,2076700000.0,-903400000.0,2061700000.0,12357600000.0,90000000.0,46000000.0,-31000000.0,-238000000.0,,,,-579300000.0,,,-557700000.0,,,,,8500000.0,61500000.0,,-12400000.0,-57600000.0,,,341000000.0,-301800000.0,
2018-09-30,5617900000.0,6089200000.0,,,85500000.0,6308700000.0,549700000.0,-115600000.0,434100000.0,137000000.0,292700000.0,0.76,0.75,383200000.0,388400000.0,1860200000.0,,4009100000.0,,,,459600000.0,8330500000.0,,602900000.0,3784700000.0,,524800000.0,13513100000.0,5515100000.0,571000000.0,514400000.0,6691700000.0,,,,791600000.0,11183200000.0,2158400000.0,-925300000.0,2137900000.0,13513100000.0,134000000.0,59700000.0,-22900000.0,-443600000.0,,,,-766900000.0,46100000.0,,-326700000.0,,,,,12000000.0,105700000.0,,-1100000.0,-116600000.0,,,1550600000.0,1072000000.0,
2018-12-31,8031600000.0,8336200000.0,,,166500000.0,8705600000.0,1008800000.0,-170800000.0,838000000.0,199200000.0,618900000.0,1.61,1.59,383300000.0,389000000.0,673400000.0,,5126600000.0,,212400000.0,,476600000.0,8182900000.0,,790900000.0,4875900000.0,,428900000.0,15620300000.0,6698100000.0,806900000.0,533900000.0,8123900000.0,,,,812800000.0,13019600000.0,2400100000.0,-941100000.0,2393200000.0,15620300000.0,202900000.0,82200000.0,14100000.0,603800000.0,,,,428700000.0,44900000.0,,565100000.0,,,,,2309800000.0,177100000.0,,4600000.0,-2491500000.0,,,1853200000.0,-120500000.0,207900000.0
2019-03-31,2004800000.0,2166700000.0,,,41400000.0,2311000000.0,50200000.0,-48900000.0,1300000.0,10500000.0,-8000000.0,-0.02,-0.02,384500000.0,384500000.0,630500000.0,,4027500000.0,,,,491900000.0,7247000000.0,,767100000.0,4885200000.0,,435100000.0,16050000000.0,5733700000.0,663600000.0,575900000.0,7531100000.0,,,,713300000.0,13533600000.0,2303100000.0,-929700000.0,2315300000.0,16050000000.0,71100000.0,28200000.0,-31000000.0,-1088400000.0,,,,-961300000.0,39200000.0,,-93500000.0,,,,,0.0,32800000.0,,-2100000.0,-30700000.0,,,86700000.0,-43900000.0,
2019-06-30,4130700000.0,4329500000.0,,,59500000.0,4567000000.0,314400000.0,-96600000.0,217800000.0,54100000.0,169500000.0,0.44,0.43,386200000.0,391200000.0,614000000.0,,4389500000.0,,,,467900000.0,7475400000.0,,767100000.0,4884100000.0,,454000000.0,16526900000.0,6022300000.0,626400000.0,585200000.0,7731300000.0,,,,720300000.0,13880200000.0,2381800000.0,-917900000.0,2423900000.0,16526900000.0,144100000.0,44100000.0,-3000000.0,-743300000.0,,,,-676900000.0,50200000.0,,199000000.0,,,,,600000.0,80100000.0,,-2800000.0,-77900000.0,,,-191700000.0,-60300000.0,
2019-09-30,6192100000.0,6408500000.0,,,69300000.0,6724800000.0,594700000.0,-144200000.0,450500000.0,118700000.0,327100000.0,0.85,0.84,386700000.0,391800000.0,520500000.0,,4047800000.0,,,,440200000.0,7050000000.0,,758200000.0,4847400000.0,,457100000.0,15997600000.0,5656000000.0,634300000.0,562400000.0,7398400000.0,,,,714400000.0,13309100000.0,2455500000.0,-966200000.0,2469000000.0,15997600000.0,213100000.0,58300000.0,-1500000.0,-1010200000.0,,,,-952700000.0,37200000.0,,423600000.0,,,,,600000.0,133800000.0,,-13700000.0,-120700000.0,,,-445000000.0,-153200000.0,
2019-12-31,8625100000.0,8729100000.0,,,93800000.0,9135300000.0,1086000000.0,-207700000.0,878300000.0,204800000.0,656000000.0,1.7,1.68,386100000.0,391200000.0,1192200000.0,,5209200000.0,,-10800000.0,,412400000.0,8770700000.0,,778100000.0,4894400000.0,,467900000.0,17751900000.0,7205400000.0,742800000.0,585600000.0,9420400000.0,,,,714700000.0,14761600000.0,2689900000.0,-930000000.0,2775900000.0,17751900000.0,278500000.0,80200000.0,9700000.0,111200000.0,,,,546000000.0,46500000.0,,1529200000.0,,,,,600000.0,198500000.0,,-37400000.0,-161700000.0,,,-843000000.0,518500000.0,150200000.0
2020-03-31,1972100000.0,2188700000.0,,,22400000.0,2283900000.0,75900000.0,-55900000.0,20000000.0,17200000.0,4700000.0,0.01,0.01,387700000.0,391700000.0,1554000000.0,,3661500000.0,,,,449800000.0,7596700000.0,,752800000.0,4826500000.0,,466100000.0,16428900000.0,5559500000.0,539500000.0,571500000.0,7795900000.0,,,,732600000.0,13698900000.0,2591100000.0,-1078700000.0,2532500000.0,16428900000.0,72800000.0,23200000.0,-11200000.0,-1343500000.0,,40700000.0,,-1466900000.0,8800000.0,,-277100000.0,,,,,1300000.0,44600000.0,,14900000.0,-60800000.0,,,744400000.0,359800000.0,
2020-06-30,3825500000.0,3984100000.0,,,26500000.0,4269100000.0,116400000.0,-121300000.0,-24900000.0,36200000.0,-45600000.0,-0.12,-0.12,389400000.0,389400000.0,1085400000.0,,3146600000.0,,,,492000000.0,6214300000.0,,717800000.0,4842400000.0,,430800000.0,14896900000.0,4328100000.0,599300000.0,557600000.0,6366500000.0,,,,749200000.0,12250600000.0,2444300000.0,-1029100000.0,2450400000.0,14896900000.0,145900000.0,35800000.0,-21100000.0,-1871200000.0,,-418900000.0,,-2731400000.0,-10800000.0,,-364200000.0,,,,,2500000.0,71900000.0,,18900000.0,-93300000.0,,,377700000.0,-108700000.0,
2020-09-30,5780100000.0,5732800000.0,,,36400000.0,6146000000.0,365000000.0,-177300000.0,192600000.0,-86300000.0,279700000.0,0.72,0.71,389600000.0,393900000.0,1628000000.0,,3297400000.0,,,,521700000.0,7284300000.0,,709800000.0,4875400000.0,,414300000.0,16074700000.0,5105900000.0,644700000.0,611300000.0,7227900000.0,,,,662600000.0,13161300000.0,2623400000.0,-967800000.0,2722600000.0,16074700000.0,216900000.0,56400000.0,-9400000.0,-1759900000.0,,-83000000.0,,-2014700000.0,34100000.0,,325100000.0,,,,,2500000.0,112000000.0,,18000000.0,-132500000.0,,,262300000.0,434600000.0,
2020-12-31,8064500000.0,7709400000.0,,,58800000.0,8472600000.0,588400000.0,-227100000.0,361300000.0,8000000.0,351100000.0,0.9,0.89,389400000.0,393200000.0,2509000000.0,,4646400000.0,,77100000.0,,390700000.0,9367600000.0,,690300000.0,4945500000.0,,424400000.0,18042700000.0,7269700000.0,832400000.0,657800000.0,9580500000.0,,,,655200000.0,15005700000.0,2636900000.0,-880200000.0,2895000000.0,18042700000.0,290600000.0,67000000.0,-46400000.0,-551400000.0,,,,-27000000.0,62000000.0,,1847200000.0,,,,,4900000.0,167500000.0,,43800000.0,-216200000.0,,,-346200000.0,1315800000.0,89100000.0
2021-03-31,2027700000.0,1915300000.0,,,28200000.0,2014000000.0,243000000.0,-126600000.0,116400000.0,23800000.0,91700000.0,0.23,0.23,391500000.0,396000000.0,2015300000.0,,3440300000.0,,,,467400000.0,7770200000.0,,667000000.0,4934300000.0,,407800000.0,16349700000.0,5862000000.0,608900000.0,689100000.0,7984500000.0,,,,660300000.0,13342900000.0,2623100000.0,-896300000.0,2874000000.0,16349700000.0,69200000.0,20300000.0,18200000.0,-1158600000.0,,40800000.0,,-1347000000.0,34700000.0,,-249800000.0,,,,,-0.0,28300000.0,,300000.0,200000.0,,,-212700000.0,-492700000.0,
2021-06-30,4297300000.0,3941200000.0,,,57600000.0,4139200000.0,627400000.0,-156900000.0,470500000.0,110500000.0,355000000.0,0.9,0.89,393300000.0,399000000.0,2340600000.0,,3893600000.0,,,,500300000.0,8782500000.0,,658200000.0,4944300000.0,,411100000.0,17321700000.0,6605900000.0,679800000.0,678500000.0,8796700000.0,,,,671500000.0,14138200000.0,2777500000.0,-886300000.0,3062900000.0,17321700000.0,139300000.0,42200000.0,46600000.0,-714900000.0,,235200000.0,,-615400000.0,22000000.0,,218400000.0,,,,,0.0,62100000.0,,9800000.0,-43100000.0,,,-314500000.0,-167100000.0,
2021-09-30,6559000000.0,6033600000.0,,,89800000.0,6329700000.0,978900000.0,-190100000.0,788800000.0,184400000.0,594900000.0,1.51,1.49,393500000.0,399800000.0,2490000000.0,,4042500000.0,,,,446500000.0,9132900000.0,,666300000.0,4914400000.0,,431800000.0,17805300000.0,6844200000.0,760400000.0,622200000.0,9049000000.0,,,,639100000.0,14511400000.0,2908900000.0,-928400000.0,3171400000.0,17805300000.0,208700000.0,57900000.0,34600000.0,-511500000.0,,367300000.0,,-302100000.0,-26300000.0,,608600000.0,,,,,0.0,123400000.0,,8100000.0,-115100000.0,,,-467800000.0,-14600000.0,
2021-12-31,9107900000.0,8387800000.0,,,122300000.0,8804500000.0,1436200000.0,-214100000.0,1222100000.0,251800000.0,952800000.0,2.42,2.39,393000000.0,398400000.0,3270000000.0,,5177700000.0,,47300000.0,,428700000.0,11231800000.0,,675800000.0,4908700000.0,,399600000.0,19909200000.0,8960000000.0,918100000.0,688500000.0,10890000000.0,,,,600700000.0,16304400000.0,3154300000.0,-894200000.0,3526000000.0,19909200000.0,283800000.0,70100000.0,-8200000.0,647600000.0,,,,1858100000.0,40900000.0,,2075600000.0,,,,,0.0,195300000.0,,8500000.0,-185300000.0,,,-1084200000.0,760700000.0,229100000.0
2022-03-31,2227200000.0,2229100000.0,,,19300000.0,2322800000.0,245700000.0,-35800000.0,209900000.0,49100000.0,159400000.0,0.4,0.4,394500000.0,398400000.0,2402300000.0,,4179900000.0,,,,502100000.0,9270000000.0,,654900000.0,4899300000.0,,416100000.0,17880900000.0,7245300000.0,590900000.0,760000000.0,8954200000.0,,,,645000000.0,14324200000.0,3196700000.0,-892300000.0,3487000000.0,17880900000.0,67800000.0,12500000.0,19900000.0,-978000000.0,,-184700000.0,,-1685900000.0,74400000.0,,-633600000.0,,,,,,30700000.0,,700000.0,-28800000.0,,,-210100000.0,-867500000.0,
2022-06-30,4602700000.0,4529300000.0,,,38700000.0,4709400000.0,594800000.0,-70100000.0,524700000.0,132800000.0,389000000.0,0.99,0.98,393800000.0,397500000.0,1983400000.0,,4014900000.0,,,,511800000.0,8760800000.0,,641600000.0,4855200000.0,,444800000.0,17249200000.0,6861300000.0,623500000.0,664400000.0,8462700000.0,,,,625100000.0,13750800000.0,3311800000.0,-988900000.0,3436700000.0,17249200000.0,134900000.0,25300000.0,-100000.0,-970400000.0,,-35400000.0,,-1838200000.0,100000.0,,-724400000.0,,,,,,72300000.0,,-300000.0,-89800000.0,,,-443100000.0,-1286100000.0,
2022-09-30,6898900000.0,6745500000.0,,,57200000.0,7005300000.0,936600000.0,-80500000.0,856100000.0,209200000.0,640800000.0,1.63,1.62,392700000.0,396200000.0,1768300000.0,,4121100000.0,,,,471300000.0,8534900000.0,,632900000.0,4803400000.0,,470300000.0,16875200000.0,6535600000.0,669300000.0,659800000.0,8169200000.0,,,,634500000.0,13409000000.0,3449900000.0,-1102600000.0,3404600000.0,16875200000.0,201900000.0,38000000.0,26000000.0,-725600000.0,,-38400000.0,,-1982400000.0,21500000.0,,-658800000.0,,,,,,118500000.0,,-10100000.0,-126200000.0,,,-652900000.0,-1497100000.0,
2022-12-31,9449400000.0,9083100000.0,,,87100000.0,9546600000.0,1381200000.0,-112300000.0,1268900000.0,318400000.0,938000000.0,2.4,2.37,391500000.0,395100000.0,2545300000.0,,5316000000.0,,41200000.0,,435000000.0,10325200000.0,,637400000.0,5050600000.0,,464500000.0,18845000000.0,8235300000.0,787100000.0,680000000.0,9983200000.0,,,,572600000.0,15100700000.0,3632100000.0,-960400000.0,3647900000.0,18845000000.0,274000000.0,50000000.0,-27000000.0,362700000.0,,,,-408000000.0,17800000.0,,608800000.0,,,,,232200000.0,178100000.0,,2000000.0,-430100000.0,,,-899400000.0,-719100000.0,255700000.0
2023-03-31,2176900000.0,2251700000.0,,,12900000.0,2332700000.0,188300000.0,-22300000.0,166000000.0,33800000.0,126000000.0,0.33,0.33,385800000.0,387400000.0,1678100000.0,,3792800000.0,,,,540400000.0,8170900000.0,,630500000.0,5061000000.0,,470300000.0,16664100000.0,6460600000.0,538500000.0,692800000.0,7960000000.0,,,,619700000.0,13005700000.0,3638100000.0,-936600000.0,3559300000.0,16664100000.0,66500000.0,11100000.0,14200000.0,-1539100000.0,,110000000.0,,-1798300000.0,10500000.0,,-547600000.0,,,,,-4000000.0,32900000.0,,-2200000.0,-34700000.0,,,-274300000.0,-866300000.0,
2023-06-30,4505400000.0,4528800000.0,,,26800000.0,4688500000.0,499000000.0,-54400000.0,444600000.0,44400000.0,391500000.0,1.01,1.01,385800000.0,387700000.0,1628100000.0,102800000.0,4170000000.0,,,,61300000.0,8641000000.0,,629600000.0,5078400000.0,,447400000.0,17110000000.0,6573200000.0,562300000.0,690500000.0,8355300000.0,,,,515500000.0,13318700000.0,3782800000.0,-922700000.0,3686300000.0,17110000000.0,133000000.0,23900000.0,-29000000.0,-1187700000.0,,164500000.0,,-1717200000.0,4700000.0,,-582800000.0,,,,,-6300000.0,79300000.0,,-5800000.0,-155700000.0,,,-164500000.0,-916700000.0,
2023-09-30,6814400000.0,6748200000.0,,,43700000.0,6990200000.0,875800000.0,-91700000.0,784100000.0,135900000.0,635200000.0,1.65,1.64,385000000.0,386800000.0,1574900000.0,101800000.0,4046900000.0,,,,73800000.0,8645400000.0,,627600000.0,5055100000.0,,464400000.0,17027300000.0,6448400000.0,632300000.0,688400000.0,8326200000.0,,,,543400000.0,13249600000.0,3911100000.0,-982500000.0,3680200000.0,17027300000.0,199000000.0,36000000.0,-5500000.0,-1248300000.0,,397800000.0,,-1760200000.0,12400000.0,,-340100000.0,,,,,6300000.0,127100000.0,,-5000000.0,-204300000.0,,,-390000000.0,-969400000.0,
2023-12-31,9400600000.0,9075100000.0,,,67200000.0,9406700000.0,1482600000.0,-74600000.0,1408000000.0,291200000.0,1098400000.0,2.86,2.85,384100000.0,385900000.0,2386100000.0,,5768800000.0,,43400000.0,,128600000.0,10950400000.0,,636700000.0,5080900000.0,,428100000.0,19267300000.0,8355000000.0,705800000.0,684700000.0,10330900000.0,,,,532400000.0,15221200000.0,4254500000.0,-946200000.0,3942600000.0,19267300000.0,264300000.0,46700000.0,5100000.0,385300000.0,,,,47800000.0,-5400000.0,,554700000.0,,,,,-2600000.0,179300000.0,,-3300000.0,-85400000.0,,,-634300000.0,-158000000.0,320300000.0
2024-03-31,2182900000.0,2207900000.0,,,38000000.0,2311700000.0,184200000.0,-23600000.0,160600000.0,47300000.0,110400000.0,0.29,0.29,378400000.0,380600000.0,1931200000.0,,4329600000.0,,,,88000000.0,9025900000.0,,624100000.0,5063700000.0,,441600000.0,17286100000.0,6729700000.0,527900000.0,707700000.0,8498300000.0,,,,575200000.0,13367000000.0,4239100000.0,-995700000.0,3824100000.0,17286100000.0,65200000.0,16400000.0,6000000.0,-1369400000.0,,-54000000.0,,-1532600000.0,30000000.0,,-157400000.0,,,,,0.0,35100000.0,,-1500000.0,-50000000.0,,,-227100000.0,-454500000.0,
2024-06-30,4510000000.0,4506800000.0,,,65600000.0,4703500000.0,502400000.0,-46100000.0,456300000.0,122900000.0,324900000.0,0.86,0.86,377400000.0,379700000.0,1545500000.0,,4505900000.0,,,,74700000.0,8825600000.0,,608500000.0,5059100000.0,,459100000.0,17011800000.0,6909300000.0,488100000.0,609400000.0,8287300000.0,,,,528100000.0,13074000000.0,4325100000.0,-1024000000.0,3835600000.0,17011800000.0,130200000.0,34500000.0,-43900000.0,-1149400000.0,,-17900000.0,,-1309500000.0,-66300000.0,,-36700000.0,,,,,0.0,69900000.0,,-4600000.0,-90400000.0,,,-678300000.0,-838100000.0,
2024-09-30,6752700000.0,6684000000.0,,,86400000.0,7199400000.0,635300000.0,-69500000.0,565800000.0,208200000.0,345000000.0,0.92,0.91,376200000.0,378700000.0,1532000000.0,,4718800000.0,,,,97600000.0,9257700000.0,,597000000.0,4738700000.0,,477700000.0,17083200000.0,7061600000.0,503600000.0,574200000.0,8465600000.0,,,,572000000.0,13252900000.0,4219600000.0,-946100000.0,3725800000.0,17083200000.0,195500000.0,52400000.0,-24900000.0,-958900000.0,,19500000.0,,-1223700000.0,-115000000.0,,187100000.0,,,,,0.0,107200000.0,,-5100000.0,-131800000.0,,,-897600000.0,-853400000.0,
,,,,,,,,,,,,,,,,,,,,,,,,,,,,,,,,,,,,,,,,,,,,,,,,,,,,,,,,,,,,,,,,,,,
,,,,,,,,,,,,,,,,,,,,,,,,,,,,,,,,,,,,,,,,,,,,,,,,,,,,,,,,,,,,,,,,,,,
