Date,Net sales,Cost of sales,Gross margin,Research and development,"Selling, general and administrative",Total operating expenses,Operating income,"Other income/(expense), net",Income before provision for income taxes,Provision for income taxes,Net income,Earnings per share basic,Earnings per share diluted,Weighted-average basic,Weighted-average diluted,Cash and cash equivalents,Short-term marketable securities,"Accounts receivable, net",Inventories,Deferred tax assets,Vendor non-trade receivables,Other current assets,Total current assets,Long-term marketable securities,"Property, Plant and Equipment, Net",Goodwill,"Acquired intangible assets, net","Other Assets, Noncurrent",Total assets,accounts payable,Accrued expenses,Deferred revenue,Total current liabilities,Deferred revenue - non-current,deferred tax liabilities,long term taxes payable,Total other non-current liabilities,Total liabilities,Retained Earnings (Accumulated Deficit),Accumulated other comprehensive (loss)/income,Total shareholders equity,Total liabilities and shareholders' equity,"Depreciation, amortization and accretion",Stock-based compensation expense,Deferred income tax expense,"Increase (Decrease) in Accounts receivable, net",Increase (Decrease) in Inventories,Increase (Decrease) in Other Receivables,Increase (Decrease) in Other Operating Assets,Increase (Decrease) in Accounts Payable,Increase (Decrease) in Deferred Revenue,Increase (Decrease) Other liabilities,Cash generated by operating activities,Purchases of marketable securities,Proceeds from maturities of marketable securities,Proceeds from sales of marketable securities,Purchases of other long-term investments,"Business acquisitions, net of cash acquired",Cash payments for capital asset purchases,Payments for acquisition of intangible assets,Payments for (Proceeds from) Other Investing Activities,Cash used in investing activities,Proceeds from issuance of common stock,Excess tax benefits from stock-based compensation,Cash generated/used in financing activities,Increase/(decrease) in cash and cash equivalents,"Cash paid for income taxes, net"
2009-12-31,1052168000.0,301116000.0,751052000.0,95102000.0,278511000.0,373613000.0,377439000.0,18672000.0,396111000.0,163505000.0,232606000.0,6.07,5.93,38298000.0,39205000.0,221437000.0,333998000.0,205384000.0,57600000.0,7339000.0,,,846628000.0,616545000.0,125741000.0,110740000.0,56230000.0,491000.0,1809716000.0,27594000.0,25965000.0,99451000.0,202768000.0,1066000.0,,,68599000.0,272433000.0,511716000.0,1256000.0,1537283000.0,1809716000.0,,96981000.0,-15645000.0,35275000.0,-5860000.0,,,7040000.0,21315000.0,,385055000.0,,,,,,53416000.0,,,-292377000.0,,25140000.0,-66169000.0,26814000.0,
2010-03-31,328600000.0,88100000.0,240500000.0,28000000.0,82800000.0,110800000.0,129700000.0,4100000.0,133800000.0,48500000.0,85300000.0,2.2,2.12,38800000.0,40200000.0,313600000.0,429800000.0,180200000.0,68500000.0,7300000.0,,,1019500000.0,652100000.0,132900000.0,110700000.0,52400000.0,600000.0,2016600000.0,34400000.0,5500000.0,103300000.0,173800000.0,,,,72800000.0,246600000.0,597000000.0,2200000.0,1770000000.0,2016600000.0,,26800000.0,5000000.0,-25200000.0,10900000.0,,,7000000.0,3800000.0,,115600000.0,,,,,,16200000.0,,,-147600000.0,,32200000.0,124700000.0,92200000.0,
2010-06-30,679300000.0,182000000.0,497300000.0,56500000.0,171400000.0,227900000.0,269400000.0,8600000.0,278000000.0,104000000.0,174000000.0,4.45,4.31,39300000.0,40500000.0,420000000.0,547900000.0,194700000.0,74000000.0,7200000.0,,,1264100000.0,620300000.0,144400000.0,110700000.0,49800000.0,600000.0,2243100000.0,41600000.0,52000000.0,107600000.0,243300000.0,,,,75400000.0,318700000.0,685700000.0,700000.0,1924400000.0,2243100000.0,,57100000.0,400000.0,-10700000.0,16400000.0,,,14300000.0,8300000.0,,291100000.0,,,,,,36500000.0,,,-254200000.0,,46900000.0,162800000.0,198600000.0,
2010-09-30,1023700000.0,275800000.0,747900000.0,83400000.0,263000000.0,346400000.0,401500000.0,13600000.0,415100000.0,154500000.0,260600000.0,6.65,6.45,39400000.0,40500000.0,382000000.0,598900000.0,207900000.0,85000000.0,7400000.0,,,1301500000.0,639700000.0,156600000.0,116900000.0,70600000.0,1300000.0,2351800000.0,35700000.0,67600000.0,116800000.0,267300000.0,,,,76200000.0,343500000.0,720100000.0,700000.0,2008300000.0,2351800000.0,,87500000.0,-11800000.0,2400000.0,27400000.0,,,8200000.0,17200000.0,,404100000.0,,,,,,86600000.0,,,-373400000.0,,56300000.0,130300000.0,160600000.0,
2010-12-31,1413000000.0,383000000.0,1030000000.0,116000000.0,358800000.0,474800000.0,555200000.0,17100000.0,572300000.0,190500000.0,381800000.0,9.74,9.47,39200000.0,40300000.0,279800000.0,630600000.0,246800000.0,86800000.0,81800000.0,,,1275800000.0,698500000.0,159800000.0,116900000.0,66100000.0,,2390400000.0,35600000.0,48700000.0,126100000.0,273800000.0,,,78400000.0,79200000.0,353000000.0,718900000.0,1600000.0,2037400000.0,2390400000.0,,117600000.0,-21500000.0,41500000.0,29200000.0,,,8100000.0,26500000.0,,528000000.0,,,,,,96000000.0,,,-476500000.0,,65200000.0,7700000.0,58400000.0,
2011-03-31,388100000.0,109300000.0,278800000.0,31400000.0,99100000.0,130500000.0,148300000.0,5300000.0,153600000.0,49500000.0,104100000.0,2.66,2.59,39100000.0,40200000.0,449800000.0,640000000.0,259900000.0,93300000.0,8400000.0,,,1483600000.0,667200000.0,162600000.0,116900000.0,72500000.0,,2568300000.0,43200000.0,35400000.0,130300000.0,252300000.0,,,,85100000.0,337400000.0,812000000.0,-700000.0,2230900000.0,2568300000.0,,32100000.0,8200000.0,13100000.0,6500000.0,,,7500000.0,4700000.0,,100300000.0,,,,,,14700000.0,,,7300000.0,,13700000.0,61600000.0,170000000.0,
2011-06-30,813800000.0,228400000.0,585400000.0,63400000.0,205600000.0,269000000.0,316400000.0,9400000.0,325800000.0,104300000.0,221500000.0,5.65,5.51,39200000.0,40300000.0,382000000.0,611900000.0,250300000.0,100100000.0,4000000.0,,,1365300000.0,828100000.0,194200000.0,116900000.0,68100000.0,,2649900000.0,37500000.0,47600000.0,134300000.0,274000000.0,,,,87400000.0,361400000.0,798500000.0,2600000.0,2288500000.0,2649900000.0,,66900000.0,800000.0,3500000.0,13300000.0,,,1800000.0,8500000.0,,296300000.0,,,,,,53200000.0,,,-159800000.0,,24400000.0,-35100000.0,102200000.0,
2011-09-30,1260500000.0,349600000.0,910900000.0,98800000.0,316800000.0,415600000.0,495300000.0,11300000.0,506600000.0,162700000.0,343900000.0,8.77,8.55,39200000.0,40200000.0,298200000.0,612400000.0,265100000.0,108600000.0,4800000.0,,,1311900000.0,976700000.0,196000000.0,116900000.0,75400000.0,,2746000000.0,43200000.0,36900000.0,143700000.0,284100000.0,,,,92900000.0,377000000.0,750700000.0,1500000.0,2369000000.0,2746000000.0,,101800000.0,8200000.0,18200000.0,21800000.0,,,7500000.0,17700000.0,,447900000.0,,,,,,67700000.0,,,-324600000.0,,44900000.0,-105300000.0,18400000.0,
2011-12-31,1757300000.0,483500000.0,1273800000.0,140200000.0,438800000.0,579000000.0,694800000.0,14900000.0,709700000.0,214600000.0,495100000.0,12.63,12.32,39200000.0,40200000.0,465800000.0,563400000.0,297900000.0,112100000.0,75300000.0,,,1466300000.0,1142600000.0,197200000.0,116900000.0,71000000.0,,3063100000.0,45800000.0,37500000.0,154200000.0,320600000.0,,,95900000.0,96900000.0,417500000.0,901900000.0,900000.0,2645600000.0,3063100000.0,,136400000.0,7100000.0,51100000.0,25300000.0,,,10300000.0,28100000.0,,677600000.0,,,,,,82900000.0,,,-479000000.0,,58800000.0,-12400000.0,186000000.0,
2012-03-31,495200000.0,139300000.0,355900000.0,38400000.0,124200000.0,162600000.0,193300000.0,3800000.0,197100000.0,53600000.0,143500000.0,3.63,3.5,39500000.0,41000000.0,325900000.0,645400000.0,299700000.0,118800000.0,6400000.0,,,1436100000.0,1399700000.0,210100000.0,138100000.0,,,3332900000.0,49800000.0,45600000.0,160500000.0,313600000.0,,,,92000000.0,405600000.0,1045400000.0,1500000.0,2927300000.0,3332900000.0,,34400000.0,-1400000.0,-1600000.0,4500000.0,,,500000.0,5400000.0,,166500000.0,,153200000.0,133200000.0,,,,,,-409700000.0,,20200000.0,103100000.0,-139900000.0,
2012-06-30,1031700000.0,289400000.0,742300000.0,78600000.0,245100000.0,323700000.0,418600000.0,7800000.0,426400000.0,128000000.0,298400000.0,7.52,7.26,39900000.0,41300000.0,484400000.0,728100000.0,323200000.0,119400000.0,7400000.0,,,1703300000.0,1418700000.0,216100000.0,138100000.0,,,3626100000.0,54600000.0,49500000.0,168200000.0,346800000.0,,,,96900000.0,443700000.0,1185800000.0,3600000.0,3182400000.0,3626100000.0,,67700000.0,-6100000.0,21900000.0,5000000.0,,,5400000.0,12900000.0,,383000000.0,,324800000.0,229400000.0,,,,,,-532300000.0,,44700000.0,168000000.0,18600000.0,
2012-09-30,1569500000.0,437100000.0,1132400000.0,128300000.0,374100000.0,502400000.0,630000000.0,12100000.0,642100000.0,160400000.0,481700000.0,12.1,11.72,39900000.0,41100000.0,396200000.0,745200000.0,336200000.0,125800000.0,7100000.0,,,1653100000.0,1559700000.0,223400000.0,138100000.0,,,3732200000.0,56100000.0,62100000.0,171800000.0,364900000.0,,,,73800000.0,438700000.0,1208800000.0,5800000.0,3293500000.0,3732200000.0,,115000000.0,-19300000.0,34800000.0,11400000.0,,,6900000.0,16300000.0,,597000000.0,,569100000.0,262800000.0,,27600000.0,53100000.0,,,-712600000.0,,54700000.0,46100000.0,-69600000.0,
2012-12-31,2178800000.0,608500000.0,1570300000.0,170000000.0,522200000.0,692200000.0,878100000.0,15800000.0,893900000.0,237300000.0,656600000.0,16.5,15.98,39800000.0,41100000.0,553700000.0,770700000.0,370300000.0,121500000.0,93400000.0,,,1892800000.0,1596100000.0,241800000.0,138100000.0,,,4059200000.0,57600000.0,54300000.0,185700000.0,401600000.0,,,76700000.0,77500000.0,479100000.0,1333400000.0,6600000.0,3580100000.0,4059200000.0,,153300000.0,-20800000.0,68900000.0,7100000.0,,,8400000.0,30500000.0,,814200000.0,,800200000.0,329800000.0,,,141800000.0,,,-845700000.0,,94200000.0,119200000.0,87900000.0,
2013-03-31,611400000.0,177100000.0,434300000.0,41600000.0,141500000.0,183100000.0,251200000.0,4300000.0,255500000.0,66600000.0,188900000.0,4.69,4.56,40300000.0,41400000.0,427500000.0,930700000.0,345100000.0,135500000.0,9400000.0,,,1894700000.0,1757800000.0,249900000.0,138000000.0,,,4235800000.0,67900000.0,51600000.0,192100000.0,377600000.0,,,,86000000.0,463600000.0,1385600000.0,8100000.0,3772200000.0,4235800000.0,,38200000.0,-9500000.0,-25300000.0,15800000.0,,,10300000.0,,15000000.0,258000000.0,,194700000.0,50000000.0,,,16700000.0,,,-348000000.0,,20600000.0,-35800000.0,-126200000.0,
2013-06-30,1189900000.0,350400000.0,839500000.0,82800000.0,287000000.0,369800000.0,469700000.0,8600000.0,478300000.0,130300000.0,348000000.0,8.68,8.47,40100000.0,41100000.0,432700000.0,857500000.0,358600000.0,169300000.0,9500000.0,,,1861000000.0,1737000000.0,267600000.0,137400000.0,,,4201300000.0,67200000.0,57000000.0,196700000.0,390900000.0,,,,91600000.0,482500000.0,1292900000.0,-2100000.0,3718800000.0,4201300000.0,,76900000.0,-15700000.0,-11700000.0,53200000.0,,,9700000.0,,35500000.0,447100000.0,,441100000.0,257200000.0,,,41700000.0,,,-291000000.0,,26500000.0,-276800000.0,-121000000.0,
2013-09-30,1688900000.0,492700000.0,1196200000.0,126000000.0,426300000.0,552300000.0,643900000.0,12500000.0,656400000.0,151600000.0,504800000.0,12.75,12.46,39600000.0,40500000.0,586800000.0,626100000.0,280600000.0,200100000.0,9900000.0,,,1733500000.0,1319400000.0,294200000.0,137400000.0,,,3697400000.0,62000000.0,57800000.0,192600000.0,367300000.0,,,,65800000.0,433100000.0,813200000.0,400000.0,3264300000.0,3697400000.0,,127300000.0,-33800000.0,-89700000.0,87900000.0,,,4400000.0,,9400000.0,650900000.0,,649800000.0,878100000.0,,0.0,75700000.0,,,322200000.0,,31100000.0,-940200000.0,33100000.0,
2013-12-31,2265100000.0,670900000.0,1594200000.0,167700000.0,574000000.0,741700000.0,852500000.0,18400000.0,870900000.0,199900000.0,671000000.0,17.12,16.73,39200000.0,40100000.0,782100000.0,621400000.0,301400000.0,179600000.0,133400000.0,,,1932400000.0,1350400000.0,309900000.0,137400000.0,,,3950300000.0,46200000.0,63900000.0,200100000.0,380900000.0,,,64500000.0,68000000.0,448900000.0,979400000.0,2100000.0,3501400000.0,3950300000.0,,168900000.0,-38600000.0,-68900000.0,70000000.0,,,-8900000.0,15200000.0,,880000000.0,,822400000.0,984900000.0,,,104600000.0,,,259000000.0,,38000000.0,-910600000.0,228400000.0,
2014-03-31,464700000.0,149300000.0,315400000.0,43000000.0,215800000.0,258800000.0,56600000.0,3900000.0,60500000.0,16200000.0,44300000.0,1.16,1.13,38300000.0,39100000.0,814000000.0,745300000.0,239100000.0,185500000.0,34900000.0,,,2077600000.0,1404300000.0,320800000.0,147500000.0,,,4194200000.0,57000000.0,120600000.0,226500000.0,459500000.0,,,,78100000.0,537600000.0,1023700000.0,3800000.0,3656600000.0,4194200000.0,,40800000.0,-33200000.0,-62400000.0,20400000.0,,,10300000.0,,82300000.0,166300000.0,,195200000.0,53300000.0,,,20600000.0,,,-205300000.0,,4300000.0,70600000.0,31900000.0,
2014-06-30,976900000.0,317100000.0,659800000.0,83200000.0,377000000.0,460200000.0,199600000.0,3500000.0,203100000.0,54800000.0,148300000.0,3.94,3.87,37600000.0,38300000.0,507600000.0,471000000.0,271100000.0,202400000.0,38900000.0,,,1533400000.0,1064800000.0,326700000.0,198000000.0,,,3404600000.0,58900000.0,137400000.0,225100000.0,495900000.0,,,,86300000.0,582200000.0,312200000.0,600000.0,2822400000.0,3404600000.0,,82700000.0,-47000000.0,-30300000.0,38900000.0,,,14100000.0,,102100000.0,320300000.0,,422700000.0,608000000.0,,81200000.0,26600000.0,,,308300000.0,,6100000.0,-903400000.0,-274500000.0,
2014-09-30,1527000000.0,506600000.0,1020400000.0,130700000.0,531000000.0,661700000.0,358700000.0,5500000.0,364200000.0,92200000.0,272000000.0,7.33,7.18,37100000.0,37900000.0,493000000.0,521300000.0,259100000.0,198900000.0,33400000.0,,,1591900000.0,1248400000.0,335400000.0,198000000.0,,,3651500000.0,53600000.0,133000000.0,217800000.0,480500000.0,,,,86800000.0,567300000.0,341000000.0,1400000.0,3084200000.0,3651500000.0,,127800000.0,-40200000.0,-42400000.0,40500000.0,,,8200000.0,,97400000.0,470900000.0,,553200000.0,623200000.0,,82900000.0,40400000.0,,,49600000.0,,15200000.0,-808800000.0,-289100000.0,
2014-12-31,2131700000.0,717900000.0,1413800000.0,178000000.0,691000000.0,869000000.0,544800000.0,4200000.0,549000000.0,130200000.0,418800000.0,11.35,11.11,36900000.0,37700000.0,600300000.0,632200000.0,315100000.0,181700000.0,169900000.0,,,1847000000.0,1264500000.0,387400000.0,198000000.0,,,3959400000.0,61600000.0,126800000.0,216600000.0,501200000.0,,,61800000.0,78800000.0,580000000.0,487700000.0,-5100000.0,3379400000.0,3959400000.0,,168900000.0,-34800000.0,13700000.0,26800000.0,,,17700000.0,19800000.0,,665100000.0,,714700000.0,665900000.0,,,105600000.0,,,-153900000.0,,24000000.0,-692400000.0,-181800000.0,
2015-03-31,532100000.0,195300000.0,336800000.0,44400000.0,162000000.0,206400000.0,130400000.0,4300000.0,134700000.0,37700000.0,97000000.0,2.64,2.57,36700000.0,37700000.0,701100000.0,661100000.0,292400000.0,202400000.0,28400000.0,,,1959300000.0,1304800000.0,404700000.0,198000000.0,,,4126200000.0,67900000.0,107900000.0,212000000.0,456900000.0,,,,83900000.0,540800000.0,562300000.0,-1200000.0,3585400000.0,4126200000.0,,41100000.0,2100000.0,-22700000.0,27900000.0,,,2700000.0,-4500000.0,-15700000.0,123700000.0,,139500000.0,74500000.0,,0.0,19200000.0,,,-87700000.0,,10200000.0,66000000.0,100800000.0,
2015-06-30,1118200000.0,394900000.0,723300000.0,93800000.0,325300000.0,419100000.0,304200000.0,8900000.0,313100000.0,81600000.0,231500000.0,6.29,6.14,36900000.0,37800000.0,915400000.0,646100000.0,321500000.0,201300000.0,25900000.0,,,2163200000.0,1307100000.0,408600000.0,201100000.0,,,4354500000.0,64700000.0,105900000.0,216800000.0,474400000.0,,,,87400000.0,561800000.0,651300000.0,-6400000.0,3792700000.0,4354500000.0,,82400000.0,-4700000.0,6400000.0,33800000.0,,,-1400000.0,2100000.0,-19500000.0,308800000.0,,402500000.0,131600000.0,,0.0,32800000.0,,,-97600000.0,,21300000.0,104800000.0,315100000.0,
2015-09-30,1707900000.0,588800000.0,1119100000.0,144800000.0,480200000.0,625000000.0,494100000.0,12600000.0,506700000.0,107900000.0,398800000.0,10.78,10.55,37300000.0,38000000.0,868200000.0,871500000.0,334700000.0,194000000.0,27700000.0,,,2398800000.0,1385500000.0,427300000.0,201100000.0,,,4682300000.0,58000000.0,105200000.0,225000000.0,478600000.0,,,,88500000.0,567100000.0,785700000.0,-2700000.0,4115200000.0,4682300000.0,,126600000.0,2800000.0,19700000.0,30700000.0,,,-8400000.0,7600000.0,-16700000.0,488500000.0,,575500000.0,177600000.0,,0.0,61300000.0,,,-436400000.0,,33200000.0,217200000.0,267900000.0,
2015-12-31,2384400000.0,806500000.0,1577900000.0,197400000.0,640500000.0,837900000.0,740000000.0,18500000.0,758500000.0,169700000.0,588800000.0,15.87,15.54,37100000.0,37900000.0,714600000.0,845200000.0,394300000.0,167900000.0,166900000.0,,,2195500000.0,1788000000.0,432100000.0,201100000.0,,,4907300000.0,52600000.0,96400000.0,225600000.0,491900000.0,,,74300000.0,95900000.0,587800000.0,899200000.0,-9500000.0,4319500000.0,4907300000.0,,167900000.0,5000000.0,79200000.0,10700000.0,,,-11300000.0,8200000.0,,771900000.0,,825800000.0,233100000.0,,,81000000.0,,,-849500000.0,,34300000.0,193400000.0,114300000.0,
2016-03-31,594500000.0,189500000.0,405000000.0,53200000.0,172800000.0,226000000.0,179000000.0,5500000.0,184500000.0,48100000.0,136400000.0,3.62,3.54,37700000.0,38500000.0,980500000.0,827900000.0,325900000.0,163000000.0,,,,2406400000.0,1992700000.0,439000000.0,201100000.0,,,5306300000.0,57900000.0,92200000.0,225300000.0,452900000.0,,,,103000000.0,555900000.0,1009600000.0,1300000.0,4750400000.0,5306300000.0,,42700000.0,28900000.0,-68400000.0,7800000.0,,,5300000.0,300000.0,-300000.0,208500000.0,,240900000.0,64500000.0,,,9600000.0,,,-191900000.0,,18300000.0,248400000.0,265900000.0,
2016-06-30,1264600000.0,388700000.0,875900000.0,107900000.0,343600000.0,451500000.0,424400000.0,13500000.0,437900000.0,117000000.0,320900000.0,8.44,8.25,38300000.0,39200000.0,1193500000.0,990300000.0,403800000.0,169200000.0,,,,2827400000.0,2041100000.0,440100000.0,201100000.0,,,5780800000.0,64800000.0,101600000.0,228600000.0,489500000.0,,,,109800000.0,599300000.0,1193000000.0,9300000.0,5181500000.0,5780800000.0,,85300000.0,35800000.0,9400000.0,19500000.0,,,13000000.0,3800000.0,14300000.0,458200000.0,,427100000.0,233100000.0,,,21000000.0,,,-429100000.0,,30300000.0,448900000.0,478900000.0,
2016-09-30,1947500000.0,584600000.0,1362900000.0,170500000.0,511600000.0,682100000.0,680800000.0,23900000.0,704700000.0,172800000.0,531900000.0,13.92,13.57,38700000.0,39700000.0,1021600000.0,1193700000.0,432000000.0,183500000.0,,,,2911400000.0,2346000000.0,447300000.0,201100000.0,,,6174700000.0,60600000.0,133800000.0,229600000.0,528100000.0,,,,104800000.0,632900000.0,1402800000.0,4000000.0,5541800000.0,6174700000.0,,132100000.0,31700000.0,37700000.0,40800000.0,,,6400000.0,5900000.0,39800000.0,717800000.0,,683900000.0,278400000.0,,,36100000.0,,,-970400000.0,,39500000.0,558600000.0,307000000.0,
2016-12-31,2704400000.0,814300000.0,1890100000.0,239600000.0,705300000.0,944900000.0,945200000.0,35600000.0,980800000.0,244900000.0,735900000.0,19.21,18.73,38300000.0,39300000.0,1036600000.0,1518000000.0,430200000.0,182300000.0,150100000.0,,,3250400000.0,2283300000.0,458400000.0,201100000.0,,,6486900000.0,68500000.0,151000000.0,240600000.0,596500000.0,,,84900000.0,112600000.0,709100000.0,1574900000.0,-8900000.0,5777800000.0,6486900000.0,,177600000.0,19100000.0,35900000.0,46700000.0,,,15900000.0,19900000.0,,1042900000.0,,970100000.0,389900000.0,,,53900000.0,,,-1279400000.0,,44100000.0,558500000.0,322000000.0,
2017-03-31,674200000.0,208100000.0,466100000.0,73500000.0,201100000.0,274600000.0,191500000.0,8700000.0,200200000.0,20400000.0,179800000.0,4.82,4.67,37300000.0,38500000.0,708600000.0,756200000.0,412900000.0,213500000.0,,,,2167700000.0,1682000000.0,497400000.0,201100000.0,,,4808000000.0,74000000.0,125000000.0,273300000.0,558200000.0,,,,122300000.0,680500000.0,263300000.0,-8000000.0,4127500000.0,4808000000.0,,47400000.0,29700000.0,-17300000.0,39000000.0,,,5500000.0,36700000.0,-16100000.0,241500000.0,,108400000.0,1421100000.0,,,53000000.0,,,1308300000.0,,,-1878300000.0,-328000000.0,
2017-06-30,1430400000.0,436400000.0,994000000.0,158100000.0,386900000.0,545000000.0,449000000.0,18800000.0,467800000.0,66500000.0,401300000.0,10.79,10.42,37200000.0,38500000.0,696500000.0,1126900000.0,481100000.0,214200000.0,,,,2642200000.0,1599900000.0,540100000.0,201100000.0,,,5250800000.0,74200000.0,125600000.0,288900000.0,599800000.0,,,,128700000.0,728500000.0,482300000.0,-9800000.0,4522300000.0,5250800000.0,,97800000.0,33800000.0,50900000.0,58300000.0,,,5700000.0,48000000.0,-6200000.0,458000000.0,,294900000.0,1474900000.0,,,108300000.0,,,954500000.0,,,-1753600000.0,-340100000.0,
2017-09-30,2236500000.0,675700000.0,1560800000.0,241500000.0,591700000.0,833200000.0,727600000.0,29600000.0,757200000.0,58400000.0,698800000.0,6.26,6.03,111800000.0,116800000.0,875000000.0,1271800000.0,468000000.0,225200000.0,,,,2928900000.0,1655200000.0,584800000.0,201100000.0,,,5644600000.0,80400000.0,128100000.0,282500000.0,615700000.0,,,,69000000.0,684700000.0,776600000.0,-9200000.0,4957900000.0,5644600000.0,,153500000.0,28800000.0,37800000.0,82700000.0,,,11900000.0,45100000.0,-69100000.0,811900000.0,,450700000.0,1525600000.0,,,159700000.0,,,694500000.0,,,-1670000000.0,-161600000.0,
2017-12-31,3128900000.0,934800000.0,2194100000.0,328600000.0,810900000.0,1139500000.0,1054600000.0,41900000.0,1096500000.0,436500000.0,660000000.0,5.91,5.67,111700000.0,116300000.0,648200000.0,1312400000.0,511900000.0,241200000.0,87300000.0,,,2810900000.0,1885900000.0,613100000.0,201100000.0,,,5758000000.0,82500000.0,169500000.0,284500000.0,704100000.0,,,286800000.0,327100000.0,1031200000.0,61400000.0,-15500000.0,4725200000.0,5758000000.0,,209100000.0,62700000.0,81700000.0,115500000.0,,,14000000.0,52800000.0,,1143900000.0,,703100000.0,1861300000.0,,,190700000.0,,,378700000.0,,,-1913100000.0,-388400000.0,
2018-03-31,847500000.0,253700000.0,593800000.0,95500000.0,221600000.0,317100000.0,276700000.0,13200000.0,289900000.0,2600000.0,287600000.0,2.55,2.44,112800000.0,118000000.0,974700000.0,1542600000.0,474900000.0,283600000.0,,,,3381700000.0,1550900000.0,661900000.0,201100000.0,,,6426200000.0,96300000.0,126700000.0,254600000.0,581200000.0,25400000.0,,292000000.0,21200000.0,919800000.0,698000000.0,-18100000.0,5497100000.0,6426200000.0,,57500000.0,37400000.0,-33000000.0,66200000.0,,,8400000.0,11400000.0,-37700000.0,280200000.0,,300800000.0,226600000.0,,,40100000.0,,,53600000.0,,,-8300000.0,326500000.0,
2018-06-30,1756800000.0,530700000.0,1226100000.0,190600000.0,481400000.0,672000000.0,554100000.0,31400000.0,585500000.0,43600000.0,542900000.0,4.8,4.59,113500000.0,118500000.0,1203500000.0,1729000000.0,532500000.0,331500000.0,,,,3986100000.0,1327100000.0,688800000.0,210900000.0,,,6849600000.0,102200000.0,164100000.0,272100000.0,666400000.0,30100000.0,,262500000.0,,980400000.0,948100000.0,-16400000.0,5860600000.0,6849600000.0,,120800000.0,48700000.0,17300000.0,133900000.0,,,14300000.0,29800000.0,-16100000.0,511700000.0,,724900000.0,259000000.0,,38100000.0,84900000.0,,,9300000.0,,,34900000.0,555300000.0,
2018-09-30,2677700000.0,809300000.0,1868400000.0,298200000.0,702800000.0,1001000000.0,867400000.0,53300000.0,920700000.0,87000000.0,835400000.0,7.37,7.04,114000000.0,119200000.0,1008300000.0,2127600000.0,580400000.0,370100000.0,,,,4252600000.0,1434600000.0,746400000.0,236100000.0,,,7318600000.0,96400000.0,179800000.0,281000000.0,703300000.0,26100000.0,,263100000.0,,1030100000.0,1234000000.0,-16700000.0,6280600000.0,7318600000.0,,190800000.0,52300000.0,65200000.0,205800000.0,,,13400000.0,34700000.0,-9200000.0,831500000.0,,1048700000.0,274000000.0,,60100000.0,131900000.0,,,-563300000.0,,,92600000.0,360100000.0,
2018-12-31,3724200000.0,1120100000.0,2604100000.0,418100000.0,986600000.0,1404700000.0,1199400000.0,80100000.0,1279500000.0,154500000.0,1127900000.0,9.92,9.49,113700000.0,118800000.0,857900000.0,2205200000.0,682300000.0,409000000.0,425200000.0,,,4333200000.0,1771300000.0,812000000.0,240600000.0,,,7846700000.0,100700000.0,231800000.0,294300000.0,820600000.0,33000000.0,,270200000.0,,1159200000.0,1521700000.0,-13300000.0,6678800000.0,7846700000.0,,261200000.0,34000000.0,161300000.0,279000000.0,,,16700000.0,54300000.0,37100000.0,1169600000.0,,1533600000.0,274000000.0,,87900000.0,187400000.0,,,-1049600000.0,,,126300000.0,246200000.0,
2019-03-31,973700000.0,304100000.0,669600000.0,144000000.0,273400000.0,417400000.0,252200000.0,27500000.0,279700000.0,-24300000.0,306500000.0,2.67,2.56,115000000.0,119600000.0,875700000.0,1933000000.0,547600000.0,468300000.0,,,,4025000000.0,2255900000.0,935400000.0,247500000.0,,,8234900000.0,130600000.0,186100000.0,298400000.0,740200000.0,30800000.0,,272400000.0,,1194500000.0,1696000000.0,-700000.0,7024200000.0,8234900000.0,,76100000.0,32900000.0,-134600000.0,94000000.0,,,23000000.0,-500000.0,-54700000.0,333200000.0,,755100000.0,44400000.0,,1300000.0,114800000.0,,,-308900000.0,,,-41800000.0,-18700000.0,
2019-06-30,2072600000.0,644000000.0,1428600000.0,264800000.0,552600000.0,817400000.0,611200000.0,60300000.0,671500000.0,75400000.0,624800000.0,5.42,5.23,115400000.0,119400000.0,790300000.0,1928100000.0,633400000.0,512800000.0,,,,4071600000.0,2429800000.0,1032400000.0,244900000.0,,,8531600000.0,129600000.0,210600000.0,306800000.0,807500000.0,31700000.0,,266000000.0,,1252000000.0,1819000000.0,16100000.0,7265300000.0,8531600000.0,,157700000.0,52700000.0,-48900000.0,178000000.0,,,21700000.0,8700000.0,-53000000.0,649200000.0,,1418900000.0,61100000.0,,-1200000.0,196900000.0,,,-531600000.0,,,-220400000.0,-104100000.0,
2019-09-30,3200800000.0,986600000.0,2214200000.0,400700000.0,836600000.0,1237300000.0,976900000.0,93600000.0,1070500000.0,51400000.0,1021600000.0,8.86,8.56,115400000.0,119400000.0,969600000.0,1928000000.0,639000000.0,579600000.0,,,,4317000000.0,2533000000.0,1136800000.0,304700000.0,,,9131300000.0,132400000.0,303500000.0,307600000.0,930900000.0,27900000.0,,258600000.0,,1354200000.0,2142600000.0,17800000.0,7761400000.0,9131300000.0,,246600000.0,-8300000.0,-50600000.0,293400000.0,,,24700000.0,5800000.0,-39500000.0,1045500000.0,,2028500000.0,82100000.0,,31800000.0,283600000.0,,,-748200000.0,,,-219200000.0,75200000.0,
2019-12-31,4478500000.0,1368300000.0,3110200000.0,557300000.0,1178400000.0,1735700000.0,1374500000.0,127700000.0,1502200000.0,120400000.0,1379300000.0,11.95,11.54,115400000.0,119500000.0,1167600000.0,2054100000.0,645200000.0,595500000.0,425600000.0,,,4662600000.0,2623500000.0,1272900000.0,307200000.0,,,9733200000.0,123500000.0,317300000.0,337800000.0,1030200000.0,27400000.0,,258600000.0,,1448500000.0,2494500000.0,12400000.0,8263800000.0,9733200000.0,,335800000.0,-6100000.0,-38800000.0,360500000.0,,,12300000.0,35500000.0,11900000.0,1598200000.0,,2569800000.0,107300000.0,,59700000.0,425600000.0,,,-1154400000.0,,,-168400000.0,273200000.0,
2020-03-31,1099500000.0,361300000.0,738200000.0,147100000.0,308100000.0,455200000.0,283000000.0,25100000.0,308100000.0,-8100000.0,313500000.0,2.69,2.62,116400000.0,119800000.0,1223800000.0,2029600000.0,527600000.0,620300000.0,,,,4691500000.0,2642700000.0,1369200000.0,335000000.0,,,9891100000.0,133400000.0,318600000.0,337400000.0,945900000.0,28800000.0,,273700000.0,,1360600000.0,2570900000.0,8900000.0,8506700000.0,9891100000.0,,90600000.0,64500000.0,-118200000.0,65200000.0,,,21900000.0,800000.0,-34800000.0,352800000.0,,617600000.0,98200000.0,,37700000.0,105200000.0,,,-117100000.0,,,-178700000.0,56200000.0,
2020-06-30,1951600000.0,710500000.0,1241100000.0,290300000.0,587200000.0,877500000.0,363600000.0,51700000.0,415300000.0,37000000.0,381500000.0,3.27,3.19,116800000.0,119700000.0,2035600000.0,2452700000.0,508800000.0,645500000.0,,,,5899000000.0,1586500000.0,1450300000.0,336800000.0,,,10103600000.0,108900000.0,304100000.0,343100000.0,924800000.0,28400000.0,,280500000.0,,1337200000.0,2633000000.0,22300000.0,8740500000.0,10103600000.0,,186500000.0,52500000.0,-136900000.0,120100000.0,,,-3600000.0,4100000.0,-14500000.0,582700000.0,,1298600000.0,800700000.0,,37700000.0,215200000.0,,,419600000.0,,,-131100000.0,869600000.0,
2020-09-30,3029300000.0,1063900000.0,1965400000.0,445300000.0,886100000.0,1331400000.0,634000000.0,136500000.0,770500000.0,67300000.0,695400000.0,5.95,5.8,117300000.0,120600000.0,1370600000.0,3347600000.0,588600000.0,662900000.0,,,,6300300000.0,1643200000.0,1509700000.0,336300000.0,,,10617500000.0,116000000.0,275700000.0,327800000.0,894700000.0,30300000.0,,306500000.0,,1330800000.0,2937200000.0,16200000.0,9257800000.0,10617500000.0,,292300000.0,71900000.0,-57200000.0,177000000.0,,,-3900000.0,-9200000.0,-26600000.0,857300000.0,,1933500000.0,800700000.0,,37700000.0,279600000.0,,,-606300000.0,,,-45900000.0,203100000.0,
2020-12-31,4358400000.0,1497200000.0,2861200000.0,595100000.0,1216300000.0,1811400000.0,1049800000.0,157200000.0,1207000000.0,140200000.0,1060600000.0,9.06,8.82,117000000.0,120300000.0,1622600000.0,3488800000.0,645500000.0,601500000.0,364000000.0,,,6625900000.0,1757700000.0,1577300000.0,336700000.0,,,11168900000.0,81600000.0,298300000.0,350300000.0,965200000.0,32100000.0,,305600000.0,,1409800000.0,3261300000.0,24900000.0,9731500000.0,11168900000.0,,395400000.0,57600000.0,-5700000.0,170100000.0,,,-32300000.0,15000000.0,36900000.0,1484800000.0,,2930800000.0,800700000.0,,37700000.0,341500000.0,,,-940600000.0,,,-85700000.0,455900000.0,
2021-03-31,1292100000.0,389500000.0,902600000.0,159800000.0,326000000.0,485800000.0,416800000.0,32000000.0,448800000.0,13600000.0,426300000.0,3.61,3.51,118100000.0,121300000.0,1401800000.0,3155700000.0,654300000.0,576800000.0,,,,6066400000.0,2673000000.0,1592900000.0,344500000.0,,,11540400000.0,103100000.0,248600000.0,358100000.0,904600000.0,31100000.0,,319500000.0,,1350200000.0,3514700000.0,11400000.0,10153500000.0,11540400000.0,,103200000.0,44700000.0,14300000.0,41200000.0,,,23700000.0,6800000.0,-31100000.0,477600000.0,,1231400000.0,72000000.0,,8700000.0,58600000.0,,,-597000000.0,,,-102200000.0,-220800000.0,
2021-06-30,2756100000.0,829800000.0,1926300000.0,322100000.0,676200000.0,998300000.0,928000000.0,47000000.0,975000000.0,16800000.0,943500000.0,7.98,7.77,118600000.0,121600000.0,1615500000.0,2823700000.0,699900000.0,569700000.0,,,,6016600000.0,3295600000.0,1651200000.0,344300000.0,,,12297000000.0,117900000.0,272700000.0,360000000.0,1004600000.0,32000000.0,,288300000.0,,1417500000.0,4022700000.0,10300000.0,10837500000.0,12297000000.0,,211300000.0,-24000000.0,59600000.0,92400000.0,,,38200000.0,10600000.0,-17000000.0,1020300000.0,,2596900000.0,72100000.0,,8700000.0,134300000.0,,,-981700000.0,,,-43900000.0,-7900000.0,
2021-09-30,4159400000.0,1261700000.0,2897700000.0,487600000.0,1039500000.0,1527100000.0,1370600000.0,65500000.0,1436100000.0,90700000.0,1324000000.0,3.72,3.63,356800000.0,366800000.0,1346700000.0,2741500000.0,695000000.0,584900000.0,,,,5728000000.0,4131500000.0,1737900000.0,344300000.0,,,12934600000.0,120000000.0,293500000.0,348500000.0,1027300000.0,35000000.0,,309200000.0,,1475100000.0,4390100000.0,5300000.0,11410900000.0,12934600000.0,,331400000.0,-40600000.0,54700000.0,189200000.0,,,35800000.0,2300000.0,35000000.0,1521700000.0,,3532100000.0,72400000.0,,8700000.0,202600000.0,,,-1820500000.0,,,24400000.0,-276700000.0,
2021-12-31,5710100000.0,1751600000.0,3958500000.0,671000000.0,1466500000.0,2137500000.0,1821000000.0,69300000.0,1890300000.0,162200000.0,1704600000.0,4.79,4.66,356100000.0,365800000.0,1290900000.0,2913100000.0,782700000.0,587100000.0,440800000.0,,,5844900000.0,4415500000.0,1876400000.0,343600000.0,,,13555000000.0,121200000.0,301300000.0,377200000.0,1149800000.0,36800000.0,,316600000.0,,1603500000.0,4760900000.0,-24200000.0,11901100000.0,13555000000.0,,449200000.0,-64000000.0,142300000.0,256000000.0,,,36000000.0,32600000.0,51400000.0,2089400000.0,,4267800000.0,84900000.0,,8700000.0,353500000.0,,,-2461500000.0,,,43000000.0,-332500000.0,
2022-03-31,1487700000.0,478000000.0,1009700000.0,210500000.0,391100000.0,601600000.0,408100000.0,-5700000.0,402400000.0,33000000.0,365600000.0,1.02,1.0,358400000.0,366700000.0,1103100000.0,2882500000.0,906100000.0,653000000.0,,,,5803200000.0,4416200000.0,1968200000.0,343200000.0,,,13678400000.0,128100000.0,378300000.0,386000000.0,1112200000.0,38400000.0,,281700000.0,,1521500000.0,4858000000.0,-110700000.0,12102300000.0,13678400000.0,,120800000.0,,123400000.0,120100000.0,,,-1900000.0,11400000.0,20600000.0,223000000.0,,1067700000.0,0.0,,0.0,95100000.0,,,-214700000.0,,,-199900000.0,-187800000.0,
2022-06-30,3009800000.0,976800000.0,2033000000.0,417800000.0,809500000.0,1227300000.0,805700000.0,9300000.0,809300000.0,126300000.0,673400000.0,1.88,1.84,358200000.0,365300000.0,1536100000.0,2901300000.0,838500000.0,724000000.0,,,,6292500000.0,3738000000.0,2109300000.0,349100000.0,,,13705200000.0,149700000.0,370400000.0,376300000.0,1175000000.0,37400000.0,,288200000.0,,1622800000.0,4682800000.0,-144200000.0,12023000000.0,13705200000.0,,247500000.0,,56000000.0,245500000.0,,,12400000.0,-3100000.0,19700000.0,669700000.0,,1865100000.0,0.0,,11800000.0,225600000.0,,,251500000.0,,,-682000000.0,245200000.0,
2022-09-30,4567200000.0,1482100000.0,3085100000.0,634900000.0,1245600000.0,1880500000.0,1204600000.0,7500000.0,1212100000.0,204400000.0,997400000.0,2.79,2.74,357200000.0,363700000.0,1538000000.0,2775900000.0,849600000.0,837100000.0,,,,6293100000.0,3078100000.0,2243700000.0,348200000.0,,,13260800000.0,164200000.0,402100000.0,358900000.0,1233400000.0,36700000.0,,295400000.0,,1686800000.0,4017800000.0,-187600000.0,11515400000.0,13260800000.0,,385600000.0,,67200000.0,419100000.0,,,26300000.0,-21200000.0,61600000.0,1052900000.0,,2536300000.0,59600000.0,,11600000.0,394700000.0,,,796000000.0,,,-1608800000.0,248000000.0,
2022-12-31,6222200000.0,2026200000.0,4196000000.0,879000000.0,1739900000.0,2618900000.0,1577100000.0,29700000.0,1606800000.0,262400000.0,1322300000.0,3.72,3.65,355700000.0,362000000.0,1581200000.0,2536700000.0,942100000.0,893200000.0,664500000.0,,,6253000000.0,2623600000.0,2374200000.0,348500000.0,,,12974000000.0,147000000.0,476200000.0,397300000.0,1422100000.0,41000000.0,,288000000.0,,1861400000.0,3500100000.0,-162500000.0,11041900000.0,12974000000.0,,513200000.0,-185300000.0,159300000.0,546600000.0,,,21300000.0,21500000.0,121700000.0,1490800000.0,,3254400000.0,61100000.0,,12800000.0,532400000.0,,,1370800000.0,,,-2572300000.0,294700000.0,
2023-03-31,1696200000.0,583200000.0,1113000000.0,244900000.0,480500000.0,725400000.0,387600000.0,34200000.0,421800000.0,61000000.0,355300000.0,1.01,1.0,350200000.0,356000000.0,2143000000.0,2549200000.0,925300000.0,946600000.0,,,,6877000000.0,1886400000.0,2580200000.0,348600000.0,,,13053200000.0,164100000.0,464600000.0,417800000.0,1307400000.0,44700000.0,,293700000.0,,1759000000.0,3397400000.0,-108500000.0,11217700000.0,13053200000.0,,139800000.0,,-16900000.0,127100000.0,,,16900000.0,24200000.0,-6500000.0,371400000.0,,744400000.0,26300000.0,,0.0,194100000.0,,,573100000.0,,,-381200000.0,565100000.0,
2023-06-30,3452100000.0,1167200000.0,2284900000.0,489300000.0,944800000.0,1434100000.0,850800000.0,70200000.0,921000000.0,134200000.0,776100000.0,2.21,2.18,350900000.0,357300000.0,3435400000.0,2363800000.0,904200000.0,1005200000.0,,,,8031800000.0,1332500000.0,2830800000.0,348600000.0,,,13903300000.0,199700000.0,586900000.0,405200000.0,1538400000.0,45400000.0,,250300000.0,,1943600000.0,3807700000.0,-79800000.0,11879100000.0,13903300000.0,,286300000.0,,-39300000.0,288600000.0,,,36500000.0,12200000.0,31800000.0,1037100000.0,,1486900000.0,37500000.0,,7300000.0,372400000.0,,,1130700000.0,,,-317900000.0,1856900000.0,
2023-09-30,5195800000.0,1743700000.0,3452100000.0,738700000.0,1396800000.0,2135500000.0,1316600000.0,126400000.0,1443000000.0,236400000.0,1191800000.0,3.4,3.34,351700000.0,358200000.0,3602000000.0,2873700000.0,962700000.0,1147500000.0,,,,8902900000.0,1044900000.0,3077000000.0,348100000.0,,,14712700000.0,196200000.0,710600000.0,394800000.0,1676400000.0,42500000.0,,264100000.0,,2089200000.0,4209200000.0,-56500000.0,12539000000.0,14712700000.0,,442400000.0,,19700000.0,528200000.0,,,27700000.0,-1000000.0,172100000.0,1585500000.0,,2092400000.0,47700000.0,,7100000.0,628700000.0,,,684100000.0,,,-256100000.0,2022200000.0,
2023-12-31,7124100000.0,2394600000.0,4729500000.0,998800000.0,1963900000.0,2962700000.0,1766800000.0,192100000.0,1958900000.0,141600000.0,1798000000.0,5.12,5.03,351200000.0,357400000.0,2750100000.0,2473100000.0,1130200000.0,1220600000.0,910500000.0,,,7888000000.0,2120000000.0,3537600000.0,348700000.0,,,15441500000.0,188700000.0,587500000.0,446100000.0,1658700000.0,45600000.0,,233800000.0,,2044200000.0,4743000000.0,-12200000.0,13307600000.0,15441500000.0,,592800000.0,-280800000.0,186300000.0,712500000.0,,,41700000.0,53400000.0,-32900000.0,1813800000.0,,2690100000.0,230300000.0,,8900000.0,1064200000.0,,,-360100000.0,,,-287600000.0,1169400000.0,
2024-03-31,1890600000.0,645200000.0,1245400000.0,284500000.0,491500000.0,776000000.0,469400000.0,69100000.0,538500000.0,-8900000.0,544900000.0,1.54,1.51,353500000.0,360500000.0,2839500000.0,1960600000.0,1127900000.0,1299300000.0,,,,7632700000.0,2522600000.0,3799600000.0,348200000.0,,,15828000000.0,194400000.0,504800000.0,437500000.0,1375100000.0,50200000.0,,250500000.0,,1781600000.0,5067900000.0,-8700000.0,13962600000.0,15828000000.0,,153300000.0,,-2200000.0,179600000.0,,,-7500000.0,-4000000.0,-75800000.0,265400000.0,,919100000.0,100200000.0,,,241900000.0,,,-128500000.0,,,-46700000.0,97000000.0,
2024-06-30,3900500000.0,1282400000.0,2618100000.0,564600000.0,1016800000.0,1581400000.0,1036700000.0,156300000.0,1193000000.0,123000000.0,1071800000.0,3.03,2.97,355000000.0,361000000.0,3036700000.0,1720500000.0,1109100000.0,1383900000.0,,,,7654300000.0,2925900000.0,4116800000.0,348000000.0,,,16649900000.0,194400000.0,537900000.0,433900000.0,1487500000.0,43500000.0,,195400000.0,,1853400000.0,5581700000.0,-23500000.0,14708300000.0,16649900000.0,,326900000.0,,-21000000.0,389400000.0,,,-1600000.0,-14300000.0,-81800000.0,885900000.0,,1644900000.0,100200000.0,,0.0,551300000.0,,,-595600000.0,,,3300000.0,296700000.0,
2024-09-30,5938600000.0,1946600000.0,3992000000.0,850600000.0,1527400000.0,2378000000.0,1614000000.0,250000000.0,1864000000.0,214500000.0,1636900000.0,4.61,4.53,355800000.0,362700000.0,2413300000.0,1818400000.0,1153000000.0,1481700000.0,,,,7215600000.0,4079800000.0,4433000000.0,348300000.0,,,17743400000.0,218700000.0,654600000.0,426000000.0,1676800000.0,59600000.0,,202800000.0,,2065900000.0,6129800000.0,12900000.0,15583300000.0,17743400000.0,,499800000.0,,21800000.0,650900000.0,,,21200000.0,-6100000.0,17600000.0,1592400000.0,,2400000000.0,100200000.0,,0.0,799200000.0,,,-2008600000.0,,,101500000.0,-323800000.0,
