Date,Net sales,Cost of sales,Gross margin,Research and development,"Selling, general and administrative",Total operating expenses,Operating income,"Other income/(expense), net",Income before provision for income taxes,Provision for income taxes,Net income,Earnings per share basic,Earnings per share diluted,Weighted-average basic,Weighted-average diluted,Cash and cash equivalents,Short-term marketable securities,"Accounts receivable, net",Inventories,Deferred tax assets,Vendor non-trade receivables,Other current assets,Total current assets,Long-term marketable securities,"Property, Plant and Equipment, Net",Goodwill,"Acquired intangible assets, net","Other Assets, Noncurrent",Total assets,accounts payable,Accrued expenses,Deferred revenue,Total current liabilities,Deferred revenue - non-current,deferred tax liabilities,long term taxes payable,Total other non-current liabilities,Total liabilities,Retained Earnings (Accumulated Deficit),Accumulated other comprehensive (loss)/income,Total shareholders equity,Total liabilities and shareholders' equity,"Depreciation, amortization and accretion",Stock-based compensation expense,Deferred income tax expense,"Increase (Decrease) in Accounts receivable, net",Increase (Decrease) in Inventories,Increase (Decrease) in Other Receivables,Increase (Decrease) in Other Operating Assets,Increase (Decrease) in Accounts Payable,Increase (Decrease) in Deferred Revenue,Increase (Decrease) Other liabilities,Cash generated by operating activities,Purchases of marketable securities,Proceeds from maturities of marketable securities,Proceeds from sales of marketable securities,Purchases of other long-term investments,"Business acquisitions, net of cash acquired",Cash payments for capital asset purchases,Payments for acquisition of intangible assets,Payments for (Proceeds from) Other Investing Activities,Cash used in investing activities,Proceeds from issuance of common stock,Excess tax benefits from stock-based compensation,Cash generated/used in financing activities,Increase/(decrease) in cash and cash equivalents,"Cash paid for income taxes, net"
2010-06-30,610028000.0,,,,260890000.0,546600000.0,63428000.0,,57973000.0,18457000.0,39516000.0,0.41,0.4,95810000.0,99689000.0,122364000.0,,284098000.0,,,,,517967000.0,,45205000.0,503816000.0,18643000.0,88640000.0,1174271000.0,,,450152000.0,892496000.0,,,,97544000.0,1067290000.0,548908000.0,6463000.0,106981000.0,1174271000.0,,16034000.0,-707000.0,-21359000.0,,,33572000.0,,26631000.0,,61592000.0,,,,,12151000.0,,,,-19844000.0,,7821000.0,-28286000.0,13462000.0,
2010-09-30,906150000.0,,,,388378000.0,809959000.0,96191000.0,,87358000.0,27767000.0,59591000.0,0.62,0.6,95698000.0,99584000.0,148412000.0,,299987000.0,,,,,571848000.0,,44272000.0,509652000.0,16116000.0,94485000.0,1236373000.0,,,496348000.0,927377000.0,,,,103273000.0,1082150000.0,568983000.0,14496000.0,154223000.0,1236373000.0,,23298000.0,-6699000.0,-15148000.0,,,36317000.0,,59811000.0,,126375000.0,,,,,12151000.0,,,,-24362000.0,,12575000.0,-73521000.0,28492000.0,
2010-12-31,1288454000.0,,,,543174000.0,1139189000.0,149265000.0,,134085000.0,37800000.0,96285000.0,1.01,0.96,95747000.0,99834000.0,120181000.0,,364818000.0,,,,,621102000.0,,47614000.0,510265000.0,13584000.0,93093000.0,1285658000.0,,,523263000.0,811152000.0,,,,107450000.0,1098602000.0,605677000.0,14638000.0,187056000.0,1285658000.0,,32634000.0,-2609000.0,48177000.0,,,34130000.0,,85336000.0,,205499000.0,,,,,12151000.0,,,,-33845000.0,,18364000.0,-171556000.0,98000.0,25486000.0
2011-03-31,329567000.0,,,,141672000.0,283786000.0,45781000.0,,42615000.0,13424000.0,29191000.0,0.3,0.29,96442000.0,99451000.0,109003000.0,,345035000.0,,,,,616240000.0,,45443000.0,514676000.0,11059000.0,87956000.0,1275374000.0,,,558034000.0,784218000.0,,,,108626000.0,1065344000.0,634868000.0,16288000.0,210030000.0,1275374000.0,,9162000.0,-10986000.0,-25744000.0,,,1344000.0,,25404000.0,,-24663000.0,,,,,,,,,-3705000.0,,20613000.0,17786000.0,-10582000.0,
2011-06-30,695110000.0,,410147000.0,,294430000.0,597761000.0,97349000.0,,90815000.0,29401000.0,61414000.0,0.64,0.62,96886000.0,99642000.0,125341000.0,,360564000.0,,,,,625609000.0,,52922000.0,516027000.0,8537000.0,92877000.0,1295972000.0,,,572053000.0,799367000.0,,,,115786000.0,1080153000.0,667091000.0,14363000.0,215819000.0,1295972000.0,,16993000.0,-1395000.0,-11915000.0,,,792000.0,,35478000.0,,63913000.0,,,,,,,,,-9460000.0,,21940000.0,-49728000.0,4725000.0,
2011-09-30,1040894000.0,,613773000.0,,442891000.0,896295000.0,144599000.0,,135242000.0,43364000.0,91878000.0,0.95,0.92,96462000.0,99467000.0,156903000.0,,349287000.0,,,,,633686000.0,,57109000.0,510227000.0,7798000.0,95611000.0,1304431000.0,,,598393000.0,834492000.0,,,,118372000.0,1110364000.0,697555000.0,5810000.0,194067000.0,1304431000.0,,24750000.0,3812000.0,-16023000.0,,,-2051000.0,,74021000.0,,176465000.0,,,,,,,,,-23720000.0,,22458000.0,-111141000.0,41604000.0,
2011-12-31,1468588000.0,,863239000.0,,613707000.0,1254526000.0,214062000.0,,202184000.0,65282000.0,136902000.0,1.43,1.39,96019000.0,98846000.0,142739000.0,,421033000.0,,53620000.0,,,705785000.0,,68132000.0,508550000.0,7060000.0,90345000.0,1379872000.0,27573000.0,2255000.0,611647000.0,921137000.0,4572000.0,0.0,,126951000.0,1198088000.0,742579000.0,5793000.0,181784000.0,1379872000.0,,32865000.0,-965000.0,58887000.0,,,-4397000.0,,91765000.0,,255566000.0,,,,,,,,,-41954000.0,,25572000.0,-186559000.0,27053000.0,24126000.0
2012-03-31,369171000.0,,224097000.0,,162518000.0,315615000.0,53556000.0,,50383000.0,16162000.0,34221000.0,0.37,0.36,93416000.0,96199000.0,138985000.0,,384125000.0,,,,,676820000.0,,69663000.0,510933000.0,6321000.0,86111000.0,1349848000.0,,,650666000.0,911052000.0,,,,127015000.0,1178067000.0,776801000.0,8447000.0,171781000.0,1349848000.0,,10939000.0,-1664000.0,-39695000.0,,,2141000.0,,34822000.0,,18679000.0,,,,,,,,,-7118000.0,,13784000.0,-17556000.0,-5995000.0,
2012-06-30,766653000.0,,461869000.0,,327739000.0,650375000.0,116278000.0,,110876000.0,35171000.0,75705000.0,0.81,0.79,93383000.0,95826000.0,150531000.0,,389414000.0,,,,,686350000.0,,77795000.0,515002000.0,14052000.0,86916000.0,1380115000.0,,,659741000.0,908357000.0,,,,126767000.0,1165124000.0,818284000.0,3623000.0,214991000.0,1380115000.0,,18802000.0,-3401000.0,-30660000.0,,,1845000.0,,46727000.0,,99452000.0,,,,,9509000.0,,,,-30151000.0,,16728000.0,-59108000.0,10193000.0,
2013-06-30,852801000.0,,514569000.0,,366107000.0,724809000.0,127992000.0,,123343000.0,40154000.0,83189000.0,0.89,0.87,93584000.0,95426000.0,333363000.0,,432011000.0,,,,,923358000.0,,89415000.0,516144000.0,8834000.0,76036000.0,1613787000.0,,,749240000.0,1014840000.0,,,,126503000.0,1285093000.0,991671000.0,2358000.0,328694000.0,1613787000.0,,19574000.0,-1747000.0,-27071000.0,,,2528000.0,,67320000.0,,140316000.0,,,,,0.0,,,,-19635000.0,,-17114000.0,-81084000.0,39597000.0,
2013-09-30,1263506000.0,,763108000.0,,547653000.0,1076771000.0,186735000.0,,179967000.0,58584000.0,121383000.0,1.3,1.28,93286000.0,95100000.0,374521000.0,,392174000.0,,,,,935155000.0,,90198000.0,518555000.0,7535000.0,76955000.0,1628398000.0,,,754120000.0,1043993000.0,,,,122770000.0,1306763000.0,1029865000.0,6734000.0,321635000.0,1628398000.0,,27049000.0,4989000.0,-69732000.0,,,3064000.0,,64662000.0,,242069000.0,,,,,0.0,,,,-27772000.0,,-18412000.0,-137853000.0,76444000.0,
2014-03-31,446702000.0,,279402000.0,,204617000.0,387532000.0,59170000.0,,56691000.0,18955000.0,37736000.0,0.41,0.4,91669000.0,93209000.0,283284000.0,,496997000.0,,,,,945668000.0,,94208000.0,589786000.0,34537000.0,93514000.0,1757713000.0,,,832555000.0,1266621000.0,,,,121869000.0,1520990000.0,1129019000.0,8552000.0,236723000.0,1757713000.0,,13752000.0,7351000.0,4210000.0,,,1311000.0,,65280000.0,,16470000.0,,,,,101770000.0,,,,-124455000.0,,11146000.0,-32276000.0,,
2014-06-30,966522000.0,,598133000.0,,423154000.0,825591000.0,140931000.0,,135947000.0,45171000.0,90776000.0,1.0,0.99,90595000.0,92012000.0,317925000.0,,493216000.0,,,,,971769000.0,,95831000.0,598731000.0,36415000.0,94062000.0,1796808000.0,,,847877000.0,1345548000.0,,,,125001000.0,1599299000.0,1182059000.0,9953000.0,197509000.0,1796808000.0,,20617000.0,4450000.0,-2909000.0,,,3708000.0,,77100000.0,,152758000.0,,,,,107528000.0,,,,-141042000.0,,14275000.0,-118109000.0,,
2014-12-31,2021441000.0,,1234229000.0,,876067000.0,1735279000.0,286162000.0,,274683000.0,90917000.0,183766000.0,2.06,2.03,89337000.0,90719000.0,365302000.0,,552107000.0,,32794000.0,,,1096658000.0,,97990000.0,586665000.0,30689000.0,92349000.0,1904351000.0,16802000.0,6586000.0,841457000.0,1215218000.0,7056000.0,,,142962000.0,1743180000.0,1275049000.0,-21170000.0,161171000.0,1904351000.0,39412000.0,38845000.0,586000.0,76424000.0,,,7139000.0,,105354000.0,,346779000.0,,,,,109928000.0,,,,-162777000.0,,20193000.0,-208670000.0,,70100000.0
2015-06-30,1019122000.0,,,,467513000.0,885220000.0,133902000.0,,123752000.0,44246000.0,79506000.0,0.94,0.92,84871000.0,86064000.0,357581000.0,,527615000.0,,,,,1066068000.0,,107112000.0,583002000.0,27110000.0,77747000.0,1861039000.0,,,922227000.0,1204520000.0,,,,131674000.0,2031194000.0,1354555000.0,-35617000.0,-170155000.0,1861039000.0,,27392000.0,2298000.0,-13582000.0,,,-11164000.0,,93454000.0,,149403000.0,,,,,0.0,,,,-23614000.0,,11117000.0,-116501000.0,,
2015-12-31,2163056000.0,,,,962677000.0,1875059000.0,287997000.0,,272211000.0,96576000.0,175635000.0,2.09,2.06,83852000.0,85056000.0,372976000.0,,580763000.0,,3022000.0,,,1140997000.0,,108733000.0,715359000.0,96544000.0,113053000.0,2174686000.0,31570000.0,,900801000.0,1323492000.0,7603000.0,,,193594000.0,2307086000.0,1450684000.0,-44402000.0,-132400000.0,2174686000.0,,46149000.0,-36000.0,44476000.0,,,14733000.0,,91840000.0,,345561000.0,,,,,170604000.0,,,,-242357000.0,,13860000.0,-67690000.0,,83500000.0
2016-03-31,557266000.0,,,,257411000.0,492837000.0,64429000.0,,60307000.0,20140000.0,40167000.0,0.49,0.48,82451000.0,83464000.0,403943000.0,,602877000.0,,,,,1179277000.0,,108628000.0,718034000.0,90553000.0,115017000.0,2211509000.0,,,986301000.0,1291224000.0,,,,200455000.0,2324179000.0,1490851000.0,-49430000.0,-112670000.0,2211509000.0,,15495000.0,-2191000.0,19089000.0,,,-5436000.0,,79141000.0,,8580000.0,,,,,,,,,-7360000.0,,4751000.0,26844000.0,,
2016-06-30,1167264000.0,,,,529420000.0,1019536000.0,147728000.0,,137498000.0,49420000.0,88078000.0,1.07,1.05,82559000.0,83498000.0,445053000.0,,613795000.0,,,,,1233656000.0,,117255000.0,742752000.0,99267000.0,111591000.0,2304521000.0,,,1029765000.0,1387241000.0,,,,214093000.0,2357349000.0,1538762000.0,-48003000.0,-52828000.0,2304521000.0,,26607000.0,-845000.0,20380000.0,,,1537000.0,,106771000.0,,153314000.0,,,,,,,,,-55233000.0,,8469000.0,-33771000.0,,
2016-09-30,1741323000.0,,,,799322000.0,1544869000.0,196454000.0,,182246000.0,55149000.0,127097000.0,1.54,1.52,82638000.0,83803000.0,465734000.0,,560202000.0,,,,,1245949000.0,,118789000.0,742926000.0,81769000.0,88307000.0,2277740000.0,,,1028995000.0,1417424000.0,,,,174409000.0,2288238000.0,1577521000.0,-47784000.0,-10498000.0,2277740000.0,,36128000.0,-13415000.0,-26242000.0,,,-21597000.0,,114197000.0,,282263000.0,,,,,,,,,-66240000.0,,0.0,-130933000.0,,
2016-12-31,2444540000.0,,,,1089184000.0,2139399000.0,305141000.0,,288431000.0,94849000.0,193582000.0,2.34,2.31,82571000.0,83820000.0,474233000.0,,643013000.0,,4755000.0,,,1343196000.0,,121606000.0,738453000.0,76801000.0,87279000.0,2367335000.0,41009000.0,,989478000.0,1460249000.0,11289000.0,,,181817000.0,2306457000.0,1644005000.0,-49683000.0,60878000.0,2367335000.0,,46661000.0,-2036000.0,68661000.0,,,-20005000.0,,97979000.0,,365632000.0,,,,,34186000.0,,,,-84049000.0,,0.0,-174686000.0,,86300000.0
2017-03-31,625169000.0,,,,304244000.0,571655000.0,53514000.0,,48497000.0,12100000.0,36433000.0,0.44,0.43,82835000.0,84095000.0,1227891000.0,,716487000.0,,,,,2175695000.0,,126419000.0,855330000.0,81209000.0,126647000.0,3365300000.0,,,1109162000.0,1470356000.0,,,,192796000.0,3262483000.0,1680439000.0,-47832000.0,102817000.0,3365300000.0,,22576000.0,-11998000.0,57919000.0,,,16730000.0,,92373000.0,,-29605000.0,,,,,,,,,-140015000.0,,,917271000.0,,
2017-06-30,1468900000.0,,,,712470000.0,1513774000.0,-98388000.0,,-142751000.0,-50500000.0,-92281000.0,-1.03,-1.03,89297000.0,89297000.0,589282000.0,,886393000.0,,,,,1759974000.0,,197129000.0,3169893000.0,1595376000.0,272515000.0,6994887000.0,,,1449211000.0,2243907000.0,,,,756998000.0,6141212000.0,1588158000.0,-48889000.0,853675000.0,6994887000.0,,53573000.0,-78004000.0,44939000.0,,,17328000.0,,167412000.0,,82718000.0,,,,,,,,,-2663969000.0,,,2685894000.0,,
2017-09-30,2296985000.0,,,,1133633000.0,2366208000.0,-69223000.0,,-156194000.0,-52200000.0,-104028000.0,-1.19,-1.19,90624000.0,90624000.0,630016000.0,,874283000.0,,,,,1812283000.0,,216021000.0,3145046000.0,1564465000.0,273677000.0,7011492000.0,,,1512227000.0,2482035000.0,,,,743818000.0,6148082000.0,1539978000.0,-1216000.0,863410000.0,7011492000.0,,67930000.0,-99450000.0,15090000.0,,,76548000.0,,198353000.0,,232267000.0,,,,,2630000000.0,,,,-2710428000.0,,,2605567000.0,,
2017-12-31,3311494000.0,,,,1599004000.0,3317823000.0,-6329000.0,,-127817000.0,-131096000.0,3279000.0,0.04,0.04,88466000.0,89790000.0,538908000.0,,1176843000.0,,,,,2588608000.0,,221507000.0,2987294000.0,1292022000.0,193742000.0,7283173000.0,49000000.0,,1630198000.0,2822585000.0,16205000.0,,,577999000.0,6299708000.0,1647284000.0,1508000.0,983465000.0,7283173000.0,,78943000.0,-216307000.0,368516000.0,,,18529000.0,,382852000.0,,254517000.0,,,,,2634809000.0,,,,-2745574000.0,,0.0,2539830000.0,,76100000.0
2018-03-31,963565000.0,,,,487745000.0,972276000.0,-8711000.0,,-42900000.0,-23300000.0,-19587000.0,-0.22,-0.22,91005000.0,91005000.0,189979000.0,,1134964000.0,,,,,2310662000.0,,223086000.0,2956642000.0,1247771000.0,176867000.0,6915028000.0,,,1719637000.0,3185856000.0,,,,555540000.0,5927457000.0,1613980000.0,32225000.0,987571000.0,6915028000.0,,30958000.0,-39175000.0,-56771000.0,,,-14421000.0,,76854000.0,,2724000.0,,,,,,,,-1000000.0,-16679000.0,,,-329083000.0,,
2018-06-30,1964901000.0,724846000.0,,,948548000.0,1887516000.0,86096000.0,,75100000.0,28802000.0,46270000.0,0.51,0.5,91048000.0,92252000.0,141805000.0,,1083990000.0,,,,,1608484000.0,,225901000.0,2974513000.0,1177297000.0,166742000.0,6152937000.0,,,1687724000.0,2513804000.0,,,,570872000.0,5231505000.0,1659658000.0,-24051000.0,921432000.0,6152937000.0,,45300000.0,-18019000.0,-81222000.0,,,-23862000.0,,87316000.0,,176747000.0,,,,,,,,-1000000.0,366416000.0,,,-947253000.0,,
2018-09-30,2886575000.0,1060958000.0,,,1396085000.0,2756466000.0,130109000.0,,70200000.0,31719000.0,38436000.0,0.42,0.42,90969000.0,92244000.0,210997000.0,,979181000.0,,,,,1535340000.0,,246061000.0,2910849000.0,1085736000.0,166831000.0,5944817000.0,,,1650647000.0,2343596000.0,,,,582207000.0,5003269000.0,1671412000.0,-22684000.0,941548000.0,5944817000.0,,56018000.0,-4746000.0,-172679000.0,,,-23444000.0,,68895000.0,,426011000.0,,,,,,,,,440223000.0,,,-1213556000.0,,
2018-12-31,3975454000.0,1468800000.0,,,1884141000.0,3715739000.0,259715000.0,,181121000.0,58665000.0,122456000.0,1.35,1.33,90827000.0,92122000.0,156368000.0,,1255118000.0,,,,,1811739000.0,,267665000.0,2923136000.0,1042565000.0,156369000.0,6201474000.0,37508000.0,,1745244000.0,2620935000.0,21194000.0,,,613673000.0,5350717000.0,1755432000.0,-39867000.0,850757000.0,6201474000.0,,66172000.0,-75000.0,115003000.0,,,-11456000.0,,187147000.0,,471158000.0,,,,,15855000.0,,,,384051000.0,,,-1257115000.0,,95800000.0
2019-03-31,970444000.0,346645000.0,,,518770000.0,921645000.0,48799000.0,,21100000.0,300000.0,20795000.0,0.23,0.23,89882000.0,91004000.0,149270000.0,,1178859000.0,,,,,1716013000.0,,271448000.0,2906736000.0,1016055000.0,170281000.0,6714675000.0,,,1837504000.0,2568918000.0,,,,424947000.0,5857778000.0,1776227000.0,-61566000.0,856897000.0,6714675000.0,,31819000.0,-25530000.0,-78390000.0,,,28517000.0,,85740000.0,,35596000.0,,,,,,,,2295000.0,-22355000.0,,,-23438000.0,-10197000.0,
2019-06-30,2041326000.0,734644000.0,,,1033746000.0,1876525000.0,164801000.0,,112059000.0,-12400000.0,124201000.0,1.38,1.36,90112000.0,91188000.0,218453000.0,,1112856000.0,,,,,1691104000.0,,291280000.0,2930297000.0,973437000.0,205822000.0,6729641000.0,,,1796331000.0,2482151000.0,,,,456314000.0,5765839000.0,1879633000.0,-73479000.0,963802000.0,6729641000.0,,44939000.0,-49414000.0,-140841000.0,,,49524000.0,,47923000.0,,263078000.0,,,,,,,,2295000.0,-61774000.0,,,-142128000.0,59176000.0,
2019-09-30,3041828000.0,1099700000.0,,,1545905000.0,2807880000.0,233948000.0,,165157000.0,11710000.0,165589000.0,1.84,1.82,89947000.0,91089000.0,306727000.0,,1028320000.0,,,,,1706505000.0,,300612000.0,2939707000.0,936313000.0,201934000.0,6737344000.0,,,1803135000.0,2527263000.0,,,,462355000.0,5817687000.0,1921021000.0,-81264000.0,919657000.0,6737344000.0,,57893000.0,-50790000.0,-215132000.0,,,46954000.0,,70006000.0,,482601000.0,,,,,2300000.0,,,,-97996000.0,,,-232813000.0,,
2019-12-31,4245321000.0,1550568000.0,,,2103424000.0,3875234000.0,370087000.0,,275739000.0,42449000.0,233290000.0,2.6,2.56,89817000.0,90971000.0,280836000.0,,1326012000.0,,,,,2018741000.0,,344579000.0,2937726000.0,925087000.0,222245000.0,7151294000.0,32995000.0,,1928020000.0,2856534000.0,24409000.0,,,479746000.0,6212701000.0,1988722000.0,-77938000.0,938593000.0,7151294000.0,,69008000.0,-71472000.0,66729000.0,,,27303000.0,,181203000.0,,565436000.0,,,,,25989000.0,,,,-160885000.0,,,-285992000.0,,119156000.0
2020-03-31,1018891000.0,341278000.0,,,496639000.0,894173000.0,124718000.0,,96900000.0,21800000.0,75097000.0,0.84,0.83,89219000.0,90066000.0,227850000.0,,1148565000.0,,,,,1772618000.0,,346579000.0,2927666000.0,864150000.0,211315000.0,6800346000.0,,,1847384000.0,2530338000.0,,,,530577000.0,5910071000.0,2063819000.0,-168972000.0,890275000.0,6800346000.0,,25129000.0,25537000.0,-135661000.0,,,-5961000.0,,-26228000.0,,55749000.0,,,,,0.0,,,,-24536000.0,,,-68490000.0,,
2020-06-30,1992026000.0,663829000.0,,,991479000.0,1767656000.0,224370000.0,,155811000.0,25637000.0,130174000.0,1.46,1.45,89323000.0,89967000.0,356633000.0,,1048519000.0,,,,,1767185000.0,,343563000.0,2935609000.0,847375000.0,248052000.0,6810294000.0,,,1765264000.0,2539322000.0,,,,540402000.0,5819075000.0,2118896000.0,-142175000.0,991219000.0,6810294000.0,,40807000.0,-1813000.0,-261124000.0,,,932000.0,,-149615000.0,,398917000.0,,,,,0.0,,,,-45865000.0,,,-275753000.0,,
2020-09-30,2986644000.0,993596000.0,,,1512987000.0,2674624000.0,312020000.0,,169978000.0,22840000.0,147138000.0,1.65,1.63,89378000.0,90002000.0,553715000.0,,948864000.0,,,,,1865404000.0,,332891000.0,2938708000.0,820994000.0,230792000.0,6840602000.0,,,1710791000.0,2521562000.0,,,,538359000.0,5803099000.0,2135860000.0,-130213000.0,1037503000.0,6840602000.0,,56308000.0,-6548000.0,-369119000.0,,,3509000.0,,-210170000.0,,642830000.0,,,,,0.0,,,,-60845000.0,,,-318025000.0,,
2020-12-31,4099403000.0,1345024000.0,,,2038963000.0,3609253000.0,490150000.0,,326133000.0,59388000.0,266745000.0,2.99,2.96,89315000.0,90017000.0,712583000.0,,1241508000.0,,,,,2323058000.0,,336765000.0,2945547000.0,806998000.0,256316000.0,7315967000.0,38588000.0,,1974548000.0,2947494000.0,26754000.0,,,539593000.0,6225539000.0,2255467000.0,-99228000.0,1090428000.0,7315967000.0,,62540000.0,-43000000.0,-99409000.0,,,8950000.0,,15998000.0,,903278000.0,,,,,0.0,,,,-83888000.0,,,-416224000.0,,33921000.0
2021-03-31,1104038000.0,334467000.0,,,487255000.0,878626000.0,225412000.0,,214753000.0,50700000.0,164100000.0,1.86,1.84,88352000.0,89139000.0,445995000.0,,1175426000.0,,,,,1997856000.0,,322610000.0,2943500000.0,777441000.0,262655000.0,6937858000.0,,,2088463000.0,2812421000.0,,,,519640000.0,6046264000.0,2419567000.0,-93178000.0,891594000.0,6937858000.0,,36086000.0,3883000.0,-54192000.0,,,10081000.0,,131786000.0,,157298000.0,,,,,,,,,-12521000.0,,,-403220000.0,,
2021-06-30,2271357000.0,685269000.0,,,975751000.0,1771231000.0,500126000.0,,593940000.0,158604000.0,435336000.0,5.0,4.95,87032000.0,87921000.0,796300000.0,,1102562000.0,,,,,2257166000.0,,309222000.0,2955466000.0,775479000.0,272875000.0,7188340000.0,,,2152043000.0,2909606000.0,,,,548134000.0,6660702000.0,2690803000.0,-82978000.0,527638000.0,7188340000.0,,62276000.0,2294000.0,-132650000.0,,,23769000.0,,190814000.0,,732645000.0,,,,,22774000.0,,,,-47253000.0,,,-590237000.0,,
2021-09-30,3427639000.0,1044506000.0,,,1488324000.0,2697292000.0,730347000.0,,792773000.0,208600000.0,584201000.0,6.8,6.72,85877000.0,86925000.0,765530000.0,,969966000.0,,,,,2108848000.0,,297020000.0,2952927000.0,743950000.0,275577000.0,6994639000.0,,,2028908000.0,2904544000.0,,,,557857000.0,6660132000.0,2839668000.0,-83837000.0,334507000.0,6994639000.0,,81702000.0,449000.0,-257541000.0,,,23979000.0,,103565000.0,,1077684000.0,,,,,23030000.0,,,,-61700000.0,,,-944186000.0,,
2021-12-31,4733962000.0,1444093000.0,,,2155658000.0,3818211000.0,915751000.0,,969870000.0,176310000.0,793560000.0,9.33,9.21,85026000.0,86177000.0,756493000.0,,1365180000.0,,186999000.0,,,2620080000.0,,273562000.0,2951317000.0,714418000.0,308689000.0,7416324000.0,49277000.0,,2238035000.0,3378780000.0,48176000.0,,,511887000.0,7045266000.0,3049027000.0,-81431000.0,371058000.0,7416324000.0,,98570000.0,-34873000.0,145346000.0,,,18287000.0,,324059000.0,,1312470000.0,,,,,22939000.0,,,-2306000.0,-80467000.0,,,-1157609000.0,,253379000.0
2022-03-31,1262740000.0,377033000.0,,,617904000.0,1045493000.0,217247000.0,,215059000.0,42544000.0,172515000.0,2.1,2.08,82020000.0,82973000.0,456175000.0,,1326398000.0,,,,,2273929000.0,,258364000.0,2949321000.0,684529000.0,306020000.0,6985453000.0,,,2421726000.0,3260416000.0,,,,473102000.0,6867300000.0,3221542000.0,-82811000.0,118153000.0,6985453000.0,,32121000.0,-7502000.0,-30700000.0,,,1082000.0,,195306000.0,,167785000.0,,,,,,,,,-17293000.0,,,-445452000.0,,
2022-06-30,2639261000.0,801568000.0,,,1222815000.0,2124892000.0,514369000.0,,491010000.0,113600000.0,377440000.0,4.65,4.6,81145000.0,82011000.0,360473000.0,,1171996000.0,,,,,1981282000.0,,250315000.0,2943257000.0,645368000.0,288821000.0,6590594000.0,,,2396143000.0,3178382000.0,,,,452896000.0,6733461000.0,3426467000.0,-104516000.0,-142867000.0,6590594000.0,,56575000.0,3256000.0,-159098000.0,,,-11317000.0,,212083000.0,,583392000.0,,,,,0.0,,,,-38385000.0,,,-920548000.0,,
2022-09-30,3971129000.0,1218405000.0,,,1835846000.0,3203342000.0,767787000.0,,723072000.0,172100000.0,550985000.0,6.84,6.77,80516000.0,81373000.0,528687000.0,,1047140000.0,,,,,1980255000.0,,256176000.0,2936140000.0,603833000.0,288640000.0,6525954000.0,,,2229648000.0,3085893000.0,,,,435692000.0,6590880000.0,3600012000.0,-130548000.0,-64926000.0,6525954000.0,,77543000.0,2476000.0,-258543000.0,,,-6371000.0,,92527000.0,,898313000.0,,,,,4109000.0,,,,-74570000.0,,,-1013430000.0,,
2022-12-31,5475846000.0,1693771000.0,,,2480944000.0,4375740000.0,1100106000.0,,1027195000.0,219396000.0,807799000.0,10.08,9.96,80178000.0,81067000.0,697999000.0,,1556786000.0,,92809000.0,,,2786107000.0,,264581000.0,2930211000.0,584714000.0,297531000.0,7299736000.0,83225000.0,,2443762000.0,3597600000.0,39115000.0,,,423464000.0,7071938000.0,3856826000.0,-101610000.0,227798000.0,7299736000.0,,90566000.0,-35677000.0,240696000.0,,,-8440000.0,,297124000.0,,1101422000.0,,,,,9508000.0,,,0.0,-117558000.0,,,-1027442000.0,,174802000.0
2023-03-31,1408869000.0,435139000.0,,,657090000.0,1000912000.0,407957000.0,,381277000.0,85500000.0,295783000.0,3.72,3.68,79452000.0,80282000.0,893512000.0,,1523441000.0,,,,,2903319000.0,,256863000.0,2929941000.0,564138000.0,309597000.0,7378932000.0,,,2607072000.0,3454256000.0,,,,423486000.0,6906074000.0,4152609000.0,-95910000.0,472858000.0,7378932000.0,,45048000.0,-7866000.0,-36177000.0,,,14799000.0,,155153000.0,,164679000.0,,,,,,,,,137611000.0,,,-101292000.0,,
2023-06-30,2912054000.0,922557000.0,,,1337258000.0,2220990000.0,691064000.0,,645401000.0,151600000.0,493826000.0,6.22,6.17,79368000.0,80015000.0,1172828000.0,,1271792000.0,,,,,2899178000.0,,258601000.0,2931821000.0,547794000.0,320289000.0,7355933000.0,,,2499379000.0,3337252000.0,,,,425953000.0,6769427000.0,4350652000.0,-85127000.0,586506000.0,7355933000.0,,77281000.0,-16153000.0,-294569000.0,,,30738000.0,,36704000.0,,600461000.0,,,,,,,,,109363000.0,,,-228732000.0,,
2023-09-30,4320838000.0,1373398000.0,,,1997785000.0,3385357000.0,935481000.0,,869875000.0,196040000.0,673835000.0,8.51,8.44,79220000.0,79862000.0,1249355000.0,,1140563000.0,,,,,2837556000.0,,259890000.0,2933266000.0,519115000.0,315465000.0,7244404000.0,,,2394556000.0,3312714000.0,,,,384091000.0,6677766000.0,4530661000.0,-94558000.0,566638000.0,7244404000.0,,104323000.0,-49550000.0,-418033000.0,,,28752000.0,,-51412000.0,,931407000.0,,,,,3800000.0,,,,77112000.0,,,-434024000.0,,
2023-12-31,5906956000.0,1903240000.0,,,2701542000.0,4670062000.0,1236894000.0,,1147129000.0,264663000.0,882466000.0,11.17,11.08,79004000.0,79680000.0,1318999000.0,,1601228000.0,,58164000.0,,,3427886000.0,,262718000.0,2937260000.0,501958000.0,339288000.0,7835919000.0,63139000.0,,2640515000.0,3777719000.0,33490000.0,,,415464000.0,7155285000.0,4739292000.0,-76331000.0,680634000.0,7835919000.0,,129841000.0,-61777000.0,24662000.0,,,34528000.0,,169917000.0,,1155737000.0,,,,,3800000.0,,,0.0,54157000.0,,,-588881000.0,,306682000.0
2024-03-31,1472926000.0,459441000.0,,,689833000.0,1199041000.0,273885000.0,,259557000.0,49012000.0,210545000.0,2.69,2.67,78339000.0,78964000.0,1235801000.0,,1565960000.0,,,,,3326271000.0,,256536000.0,2934398000.0,477701000.0,362504000.0,7709810000.0,,,2796016000.0,3640290000.0,,,,403287000.0,6991636000.0,4949837000.0,-82386000.0,718174000.0,7709810000.0,,50500000.0,-17823000.0,-18228000.0,,,24309000.0,,173542000.0,,188836000.0,,,,,,,,,-24660000.0,,,-219681000.0,,
2024-06-30,3067986000.0,972755000.0,,,1401904000.0,2475318000.0,592668000.0,,558854000.0,118800000.0,440093000.0,5.64,5.6,78078000.0,78651000.0,1235785000.0,,1404321000.0,,,,,3108715000.0,,258450000.0,2934222000.0,455021000.0,334496000.0,7430709000.0,,,2626511000.0,3461798000.0,,,,392827000.0,6784050000.0,5179385000.0,-81653000.0,646659000.0,7430709000.0,,90247000.0,3091000.0,-172907000.0,,,28533000.0,,15935000.0,,558800000.0,,,,,,,,,-54027000.0,,,-553229000.0,,
2024-09-30,4552292000.0,1448097000.0,,,2113633000.0,3713800000.0,838492000.0,,1085726000.0,230600000.0,855142000.0,10.98,10.9,77880000.0,78444000.0,1768292000.0,,1305754000.0,,,,,3551529000.0,,254101000.0,2937780000.0,440147000.0,335682000.0,7845450000.0,,,2562139000.0,3471960000.0,,,,397608000.0,6780768000.0,5594434000.0,-55633000.0,1064682000.0,7845450000.0,,124590000.0,-5800000.0,-286634000.0,,,35565000.0,,-83961000.0,,1149567000.0,,,,,,,,,-79796000.0,,,-615557000.0,,
,,,,,,,,,,,,,,,,,,,,,,,,,,,,,,,,,,,,,,,,,,,,,,,,,,,,,,,,,,,,,,,,,,,
,,,,,,,,,,,,,,,,,,,,,,,,,,,,,,,,,,,,,,,,,,,,,,,,,,,,,,,,,,,,,,,,,,,
