Date,Net sales,Cost of sales,Gross margin,Research and development,"Selling, general and administrative",Total operating expenses,Operating income,"Other income/(expense), net",Income before provision for income taxes,Provision for income taxes,Net income,Earnings per share basic,Earnings per share diluted,Weighted-average basic,Weighted-average diluted,Cash and cash equivalents,Short-term marketable securities,"Accounts receivable, net",Inventories,Deferred tax assets,Vendor non-trade receivables,Other current assets,Total current assets,Long-term marketable securities,"Property, Plant and Equipment, Net",Goodwill,"Acquired intangible assets, net","Other Assets, Noncurrent",Total assets,accounts payable,Accrued expenses,Deferred revenue,Total current liabilities,Deferred revenue - non-current,deferred tax liabilities,long term taxes payable,Total other non-current liabilities,Total liabilities,Retained Earnings (Accumulated Deficit),Accumulated other comprehensive (loss)/income,Total shareholders equity,Total liabilities and shareholders' equity,"Depreciation, amortization and accretion",Stock-based compensation expense,Deferred income tax expense,"Increase (Decrease) in Accounts receivable, net",Increase (Decrease) in Inventories,Increase (Decrease) in Other Receivables,Increase (Decrease) in Other Operating Assets,Increase (Decrease) in Accounts Payable,Increase (Decrease) in Deferred Revenue,Increase (Decrease) Other liabilities,Cash generated by operating activities,Purchases of marketable securities,Proceeds from maturities of marketable securities,Proceeds from sales of marketable securities,Purchases of other long-term investments,"Business acquisitions, net of cash acquired",Cash payments for capital asset purchases,Payments for acquisition of intangible assets,Payments for (Proceeds from) Other Investing Activities,Cash used in investing activities,Proceeds from issuance of common stock,Excess tax benefits from stock-based compensation,Cash generated/used in financing activities,Increase/(decrease) in cash and cash equivalents,"Cash paid for income taxes, net"
2009-12-31,2627300000.0,,,,,2143000000.0,484300000.0,,,148200000.0,322500000.0,0.77,0.76,,,762000000.0,,289300000.0,,57700000.0,,77900000.0,3121000000.0,,220700000.0,6467600000.0,139100000.0,13000000.0,10909600000.0,,564700000.0,,2298400000.0,,,,244700000.0,3288800000.0,1631400000.0,393600000.0,6912900000.0,10909600000.0,77600000.0,90800000.0,,-468400000.0,,,,305100000.0,,,362700000.0,50300000.0,,49700000.0,53800000.0,,39500000.0,,,-102400000.0,441800000.0,9400000.0,-100700000.0,159600000.0,-88400000.0
2010-03-31,719100000.0,,,,,582200000.0,136900000.0,,,50100000.0,95000000.0,0.22,0.21,,,597000000.0,,303800000.0,,65700000.0,,79200000.0,3645300000.0,,221100000.0,6425800000.0,135900000.0,18500000.0,16791500000.0,,378200000.0,,2701100000.0,,,,224700000.0,8790600000.0,1686800000.0,340500000.0,7303000000.0,16791500000.0,18300000.0,24200000.0,,-449100000.0,,,,188600000.0,,,-177000000.0,20200000.0,,16200000.0,11600000.0,,15500000.0,,,134100000.0,,6800000.0,-109300000.0,-152200000.0,-34800000.0
2010-09-30,2459200000.0,,,,,2068000000.0,391200000.0,,,141300000.0,290500000.0,0.64,0.63,,,664100000.0,,414100000.0,,76300000.0,,105100000.0,4461200000.0,,244900000.0,6876100000.0,1344200000.0,17900000.0,19941700000.0,,791000000.0,,3551200000.0,,,,230400000.0,11095500000.0,1780800000.0,417200000.0,8150100000.0,19941700000.0,65400000.0,87000000.0,,-796000000.0,,,,842200000.0,,,375500000.0,31400000.0,,33100000.0,50800000.0,725100000.0,57400000.0,,,-644400000.0,,14200000.0,169500000.0,-99400000.0,-119400000.0
2010-12-31,3487700000.0,,,,,2897800000.0,589900000.0,,,197000000.0,465700000.0,1.01,1.01,,,740500000.0,,424700000.0,,198600000.0,,101800000.0,4274500000.0,,272400000.0,6980200000.0,1337200000.0,20000000.0,20444100000.0,,905700000.0,,3264500000.0,,,,262300000.0,11083200000.0,1904400000.0,495500000.0,8264600000.0,20444100000.0,96700000.0,117800000.0,19700000.0,-223300000.0,,,,243000000.0,,,379200000.0,33900000.0,,64700000.0,69400000.0,749600000.0,89600000.0,,,-337800000.0,,14800000.0,-65900000.0,-24500000.0,172300000.0
2011-03-31,1027300000.0,,,,,801600000.0,225700000.0,,,75600000.0,177500000.0,0.38,0.38,,,471900000.0,,478100000.0,,29000000.0,,109100000.0,4528800000.0,,276100000.0,7072800000.0,1329800000.0,27200000.0,21138600000.0,,647000000.0,,3423100000.0,,,,270400000.0,11725400000.0,2030300000.0,615700000.0,8333600000.0,21138600000.0,27900000.0,26300000.0,,378700000.0,,,,56800000.0,,,-105100000.0,9300000.0,,16300000.0,40300000.0,14900000.0,20800000.0,,,33400000.0,,13000000.0,-208800000.0,-280500000.0,-41700000.0
2011-06-30,2097300000.0,,,,,1638600000.0,458700000.0,,,151000000.0,360500000.0,0.77,0.77,,,621500000.0,,465100000.0,,33100000.0,,124600000.0,4458700000.0,,281800000.0,7090600000.0,1318600000.0,26900000.0,20915600000.0,,670700000.0,,3364600000.0,,,,270300000.0,11717800000.0,2156400000.0,644500000.0,8188300000.0,20915600000.0,60000000.0,56800000.0,,260400000.0,,,,-109200000.0,,,146000000.0,28000000.0,,36600000.0,61400000.0,14900000.0,40700000.0,,,229900000.0,,15100000.0,-509500000.0,-133600000.0,-109900000.0
2011-12-31,4092200000.0,,,,,3194100000.0,898100000.0,,908100000.0,286100000.0,729700000.0,1.58,1.57,462900000.0,464700000.0,727400000.0,,424400000.0,,-245300000.0,,150000000.0,3834100000.0,,312800000.0,6907900000.0,1322800000.0,17900000.0,19347000000.0,272600000.0,168600000.0,,2974400000.0,,274000000.0,,297300000.0,10209400000.0,2413200000.0,373300000.0,8119100000.0,19347000000.0,117400000.0,115100000.0,67600000.0,-213400000.0,,,,-494300000.0,,,964800000.0,31400000.0,,60200000.0,143400000.0,14900000.0,107000000.0,,,348100000.0,0.0,14700000.0,-1322100000.0,-9200000.0,199800000.0
2012-03-31,1033700000.0,,,,,803900000.0,229800000.0,,,73600000.0,193900000.0,0.43,0.43,,,592300000.0,,446400000.0,,27900000.0,,109500000.0,4014400000.0,,312100000.0,6997100000.0,1313000000.0,17800000.0,19329400000.0,,583900000.0,,3374500000.0,,,,315100000.0,10195400000.0,2551400000.0,481100000.0,8192200000.0,19329400000.0,24300000.0,30000000.0,,93000000.0,,,,-154400000.0,,,-158300000.0,21400000.0,,20300000.0,41000000.0,0.0,18400000.0,,,-164700000.0,,10600000.0,179000000.0,-144000000.0,34200000.0
2012-06-30,2042700000.0,,,,,1610000000.0,432700000.0,,,135900000.0,347800000.0,0.77,0.76,,,718400000.0,,398400000.0,,24200000.0,,88400000.0,3673000000.0,,314600000.0,6916100000.0,1302300000.0,18400000.0,18612900000.0,,616000000.0,,2724700000.0,,,,308800000.0,9494100000.0,2627300000.0,389900000.0,8165800000.0,18612900000.0,50900000.0,67000000.0,,-263100000.0,,,,-441200000.0,,,247200000.0,67500000.0,,23800000.0,63400000.0,0.0,37200000.0,,,-186900000.0,,12000000.0,-73100000.0,-12800000.0,96200000.0
2012-09-30,3084100000.0,,,,,2435400000.0,648700000.0,,669400000.0,210100000.0,518400000.0,1.14,1.14,,,880100000.0,,406100000.0,,26500000.0,,81700000.0,4160700000.0,,329900000.0,7039900000.0,1295800000.0,17200000.0,17861000000.0,,719100000.0,,3184300000.0,,,,329100000.0,8663600000.0,2720100000.0,538200000.0,8315100000.0,17861000000.0,72500000.0,102900000.0,,-151900000.0,,,,-231300000.0,,,317700000.0,73900000.0,,32900000.0,87700000.0,0.0,68400000.0,,,35500000.0,,13700000.0,-217400000.0,135800000.0,154400000.0
2012-12-31,4177000000.0,,,,,3305500000.0,871500000.0,,859500000.0,272200000.0,677100000.0,1.5,1.49,452300000.0,453800000.0,835500000.0,,449400000.0,,-273000000.0,,94500000.0,3907600000.0,,349600000.0,7048200000.0,1287700000.0,26800000.0,17492400000.0,287900000.0,115200000.0,,2713000000.0,,311400000.0,,306200000.0,8443400000.0,2801300000.0,530500000.0,8316800000.0,17492400000.0,95000000.0,136400000.0,27700000.0,-113800000.0,,,,-160700000.0,,,819300000.0,85900000.0,,50600000.0,126000000.0,0.0,99300000.0,,,-82400000.0,,12700000.0,-645900000.0,91000000.0,214400000.0
2013-03-31,1141800000.0,,,,,868400000.0,273400000.0,,288200000.0,88600000.0,222200000.0,0.5,0.49,,,884700000.0,,517100000.0,,34600000.0,,78700000.0,4903500000.0,,337200000.0,6891700000.0,1278500000.0,27800000.0,18534500000.0,,626700000.0,,3287600000.0,,,,302200000.0,9695300000.0,2946300000.0,334500000.0,8196200000.0,18534500000.0,22300000.0,33500000.0,,606600000.0,,,,317800000.0,,,-484600000.0,100000.0,,23000000.0,127900000.0,,18100000.0,,,146400000.0,,11700000.0,418800000.0,80600000.0,41300000.0
2013-06-30,2247700000.0,,,,,1706800000.0,540900000.0,,573600000.0,-169800000.0,424800000.0,0.95,0.94,449100000.0,450100000.0,916200000.0,,457600000.0,,37300000.0,,100500000.0,5018700000.0,,328800000.0,6739800000.0,1270400000.0,28900000.0,18138600000.0,,691400000.0,,3429700000.0,,,,296000000.0,9384600000.0,3047700000.0,243900000.0,8164500000.0,18138600000.0,44200000.0,69400000.0,,711900000.0,,,,493400000.0,,,255600000.0,25200000.0,,23000000.0,164600000.0,,40300000.0,,,-78400000.0,,16700000.0,-60800000.0,116400000.0,141900000.0
2013-09-30,3419500000.0,,,,,2592600000.0,826900000.0,,,262700000.0,652900000.0,1.46,1.45,448300000.0,449400000.0,1174500000.0,,,,10900000.0,,,,,336400000.0,6898600000.0,1268600000.0,,18763500000.0,,,,,,,,,9644100000.0,3175000000.0,434800000.0,8530800000.0,18763500000.0,66000000.0,103000000.0,,710400000.0,,,,644200000.0,,,589900000.0,30000000.0,,23300000.0,205200000.0,,67000000.0,,,-18900000.0,,19400000.0,-235500000.0,335500000.0,183000000.0
2013-12-31,4644600000.0,,,,,3524400000.0,1120200000.0,,1255200000.0,336900000.0,940300000.0,2.1,2.1,447500000.0,448500000.0,1331200000.0,,,,7400000.0,,,,,350800000.0,6867300000.0,1263700000.0,,19270500000.0,,,,,,,,,10293200000.0,3361900000.0,427900000.0,8392600000.0,19270500000.0,88400000.0,133100000.0,35700000.0,593100000.0,,,,654700000.0,,,780200000.0,132300000.0,,26900000.0,239100000.0,0.0,88200000.0,,,-239900000.0,,21600000.0,-59300000.0,481000000.0,268900000.0
2014-03-31,1269500000.0,,,,,1025200000.0,244300000.0,,297800000.0,89000000.0,187800000.0,0.43,0.43,436800000.0,437400000.0,978700000.0,,,,,,,,,342400000.0,6810500000.0,1260600000.0,,20346300000.0,,,,,,,,,11338900000.0,3451700000.0,379900000.0,8279700000.0,20346300000.0,23400000.0,36500000.0,,520900000.0,,,,272100000.0,,,-219200000.0,1800000.0,,10300000.0,44100000.0,,21400000.0,,,-544500000.0,,13900000.0,408300000.0,,90200000.0
2014-06-30,2559400000.0,,,,,1960300000.0,599100000.0,,721400000.0,196000000.0,462300000.0,1.06,1.06,436200000.0,436900000.0,1196000000.0,,,,,,,,,354800000.0,6920100000.0,1258300000.0,,19899500000.0,,,,,,,,,10421600000.0,3617100000.0,509900000.0,8549700000.0,19899500000.0,45800000.0,70000000.0,,402700000.0,,,,162600000.0,,,550300000.0,112500000.0,,75100000.0,67500000.0,,49800000.0,,,-969800000.0,,17600000.0,268800000.0,,155100000.0
2014-09-30,3870400000.0,,,,,2941700000.0,928700000.0,,1068500000.0,290900000.0,718300000.0,1.65,1.65,435600000.0,436200000.0,1352600000.0,,,,,,,,,367300000.0,6720100000.0,1252200000.0,,20081000000.0,,,,,,,,,10784400000.0,3764500000.0,252900000.0,8424100000.0,20081000000.0,67400000.0,104300000.0,,233800000.0,,,,120100000.0,,,1017400000.0,112000000.0,,100800000.0,84900000.0,,86700000.0,,,-1449600000.0,,21900000.0,476100000.0,,252400000.0
2014-12-31,5147100000.0,,,,,3870200000.0,1276900000.0,,1395100000.0,390600000.0,988100000.0,2.27,2.27,435000000.0,435600000.0,1514200000.0,,,,18300000.0,,,,,402600000.0,6579400000.0,1246700000.0,,20462500000.0,,,,,,,,,11177200000.0,3926000000.0,48800000.0,8326000000.0,20462500000.0,89400000.0,138000000.0,-29400000.0,265800000.0,,,,165900000.0,,,1200400000.0,113800000.0,,102800000.0,123200000.0,,133200000.0,,,-1827200000.0,,24000000.0,862500000.0,,405600000.0
2015-03-31,1291600000.0,,,,,953500000.0,338100000.0,,385300000.0,101300000.0,259600000.0,0.6,0.6,432200000.0,432500000.0,1219700000.0,,,,,,,,,393100000.0,6333300000.0,1362800000.0,,21961200000.0,,,,,,,,,12920800000.0,4077500000.0,-253600000.0,8077000000.0,21961200000.0,22700000.0,40700000.0,,1632900000.0,,,,1312700000.0,,,-56300000.0,34300000.0,,9800000.0,51900000.0,,23000000.0,,,-366500000.0,,13000000.0,178900000.0,,89600000.0
2015-06-30,2609700000.0,,,,,1907600000.0,702100000.0,,738700000.0,210700000.0,516900000.0,1.2,1.2,432000000.0,432300000.0,1465700000.0,,,,,,,,,410300000.0,6449100000.0,1360500000.0,,22898300000.0,,,,,,,,,13644100000.0,4218300000.0,-94800000.0,8328300000.0,22898300000.0,46000000.0,76700000.0,,2049900000.0,,,,1858600000.0,,,458500000.0,35600000.0,,18000000.0,89400000.0,,50400000.0,,,-397800000.0,,18300000.0,-104000000.0,,140100000.0
2015-09-30,3883200000.0,,,,,2828400000.0,1054800000.0,,1080400000.0,311100000.0,766200000.0,1.78,1.78,430900000.0,431300000.0,1590700000.0,,,,,,,,,415900000.0,6269600000.0,1357300000.0,,24962200000.0,,,,,,,,,15930000000.0,4351400000.0,-328300000.0,8092700000.0,24962200000.0,68600000.0,112900000.0,,4168400000.0,,,,4065200000.0,,,555600000.0,41500000.0,,48500000.0,115200000.0,,88100000.0,,,-489500000.0,,19100000.0,53400000.0,,232700000.0
2015-12-31,5122900000.0,,,,,3764500000.0,1358400000.0,,1362100000.0,398000000.0,968100000.0,2.26,2.26,428900000.0,429300000.0,1851400000.0,,,,15100000.0,,,,,426900000.0,6175700000.0,1354000000.0,,25073200000.0,,,,,,,,,16210200000.0,4439600000.0,-446000000.0,7885300000.0,25073200000.0,93600000.0,150300000.0,-7800000.0,4489900000.0,,,,4442100000.0,,,1053500000.0,44900000.0,,51100000.0,167800000.0,,124500000.0,,,-664800000.0,,21200000.0,23300000.0,,388700000.0
2016-03-31,1148700000.0,,,,,874300000.0,274400000.0,,229700000.0,71900000.0,161000000.0,0.38,0.38,418700000.0,418900000.0,1454500000.0,,,,,,,,,428900000.0,6292400000.0,1361200000.0,,22658200000.0,,,,,,,,,14288400000.0,4487600000.0,-348700000.0,7904000000.0,22658200000.0,24700000.0,38700000.0,,993500000.0,,,,643200000.0,,,-68800000.0,200000.0,,3300000.0,41600000.0,,26000000.0,,,-107100000.0,,,-212900000.0,,53900000.0
2016-06-30,2338100000.0,,,,,1762200000.0,575900000.0,,549900000.0,155600000.0,386500000.0,0.92,0.92,418900000.0,419100000.0,1446200000.0,,,,,,,,,432100000.0,6239100000.0,1480300000.0,,23502800000.0,,,,,,,,,15460100000.0,4595500000.0,-513900000.0,7655900000.0,23502800000.0,49900000.0,79100000.0,,1823900000.0,,,,1600300000.0,,,174600000.0,4100000.0,,5700000.0,61600000.0,,65300000.0,,,-482800000.0,,,-37200000.0,,98600000.0
2016-09-30,3539700000.0,,,,,2657500000.0,882200000.0,,895600000.0,245400000.0,627700000.0,1.51,1.51,416700000.0,417000000.0,1581300000.0,,,,,,,,,444600000.0,6242600000.0,1407900000.0,,24137700000.0,,,,,,,,,15966400000.0,4721000000.0,-573700000.0,7736700000.0,24137700000.0,75500000.0,118400000.0,,2257500000.0,,,,2174000000.0,,,542100000.0,4300000.0,,38400000.0,98300000.0,,101300000.0,,,-751800000.0,,,16500000.0,,148100000.0
2016-12-31,4734400000.0,,,,,3558000000.0,1176400000.0,,1206600000.0,338300000.0,854200000.0,2.06,2.06,414700000.0,415000000.0,1328000000.0,,,,19000000.0,,,,,464700000.0,6129200000.0,1399400000.0,,25734300000.0,,,,,,,,,17838800000.0,4833400000.0,-809300000.0,7503800000.0,25734300000.0,101200000.0,159700000.0,15400000.0,3392200000.0,,,,3403900000.0,,,129300000.0,25900000.0,,59300000.0,125400000.0,,147700000.0,,,-990600000.0,,-1700000.0,470100000.0,,299100000.0
2017-03-31,1192600000.0,,,,,934000000.0,258600000.0,,289900000.0,75700000.0,212000000.0,0.52,0.52,407700000.0,408000000.0,1397000000.0,,,,,,,,,467900000.0,6169100000.0,1399600000.0,,26598900000.0,,,,,,,,,18558000000.0,4930600000.0,-743700000.0,7663300000.0,26598900000.0,26300000.0,49200000.0,,1157700000.0,,,,956100000.0,,,315900000.0,7400000.0,,43800000.0,27300000.0,,27100000.0,,,-37600000.0,,0.0,-223700000.0,,30700000.0
2017-06-30,2447000000.0,,,,,1869500000.0,577500000.0,,632100000.0,-168300000.0,451600000.0,1.1,1.1,409900000.0,410300000.0,1646100000.0,,,,,,,,,482200000.0,6269500000.0,1397000000.0,,28248500000.0,,,,,,,,,19746200000.0,5051300000.0,-594200000.0,7972500000.0,28248500000.0,52500000.0,92500000.0,,2324500000.0,,,,2235400000.0,,,781600000.0,7700000.0,,57600000.0,87600000.0,,59900000.0,,,68300000.0,,0.0,-587900000.0,,126300000.0
2017-09-30,3784700000.0,,,,,2851900000.0,932800000.0,,1029800000.0,-291400000.0,719100000.0,1.76,1.76,410000000.0,410500000.0,1716300000.0,,,,,,,,,483000000.0,6573400000.0,1561200000.0,,30372500000.0,,,,,,,,,21514100000.0,5199800000.0,-448500000.0,8314000000.0,30372500000.0,82200000.0,134900000.0,,3134300000.0,,,,3189900000.0,,,1012000000.0,7800000.0,,76400000.0,115700000.0,,82700000.0,,,-490000000.0,,0.0,-220800000.0,,200600000.0
2017-12-31,5160300000.0,,,,,3883200000.0,1277100000.0,,1429200000.0,268200000.0,1127300000.0,2.75,2.75,409400000.0,409900000.0,2006400000.0,,,,140100000.0,,,,,490700000.0,6590700000.0,1558700000.0,,31668800000.0,,,,,,,,,22470000000.0,5489100000.0,-391200000.0,8696100000.0,31668800000.0,116800000.0,175300000.0,-51700000.0,3419400000.0,,,,3440700000.0,,,1370700000.0,7900000.0,,79500000.0,169800000.0,,111700000.0,,,-961100000.0,,0.0,169000000.0,,256500000.0
2018-03-31,1355800000.0,,,,,1034700000.0,321100000.0,,333600000.0,68400000.0,253900000.0,0.62,0.62,411300000.0,411800000.0,1861500000.0,,,,,,,,,484400000.0,6604500000.0,1559100000.0,,31619100000.0,,,,,,,,,22148100000.0,5626600000.0,-331400000.0,8895300000.0,31619100000.0,33600000.0,40900000.0,,-26400000.0,,,,-377500000.0,,,-52200000.0,,,2800000.0,28800000.0,,20600000.0,,,-297800000.0,,,-44600000.0,,
2018-06-30,2716400000.0,,,,,2064000000.0,652400000.0,,647800000.0,-140700000.0,499000000.0,1.21,1.21,413900000.0,414100000.0,1480500000.0,,,,,,,,,475700000.0,7292000000.0,2174000000.0,,32459100000.0,,,,,,,,,23025900000.0,5747300000.0,-563700000.0,8817300000.0,32459100000.0,66000000.0,81800000.0,,144900000.0,,,,-86800000.0,,,396800000.0,,,18600000.0,90100000.0,,46200000.0,,,-1817500000.0,,,794900000.0,,
2018-09-30,4058200000.0,,,,,3083700000.0,974500000.0,,990100000.0,-201800000.0,768600000.0,1.86,1.86,414300000.0,414400000.0,1631500000.0,,,,,,,,,469200000.0,7311500000.0,2156500000.0,,32503800000.0,,,,,,,,,22761800000.0,5892600000.0,-585800000.0,8987100000.0,32503800000.0,105600000.0,124500000.0,,280700000.0,,,,207600000.0,,,662100000.0,,,22800000.0,114900000.0,,68300000.0,,,-2682900000.0,,,1584100000.0,,
2018-12-31,5314100000.0,,,,,4109200000.0,1204900000.0,,1138100000.0,255000000.0,882800000.0,2.14,2.14,412400000.0,412500000.0,1147700000.0,,,,148100000.0,,,,,468700000.0,7157100000.0,2176100000.0,,30978400000.0,,,,,,,,,21646000000.0,5884500000.0,-735000000.0,8578800000.0,30978400000.0,142100000.0,172400000.0,37500000.0,-944400000.0,,,,-997500000.0,,,828800000.0,,,22800000.0,153500000.0,,102500000.0,,,-2898700000.0,,0.0,1540000000.0,,322000000.0
2019-03-31,1214600000.0,,,,,1014400000.0,200200000.0,,256800000.0,66200000.0,177700000.0,0.44,0.44,401600000.0,401900000.0,1017100000.0,,,,,,,,,462800000.0,7197600000.0,2181500000.0,,32206600000.0,,,,,,,,,22746100000.0,5942100000.0,-673600000.0,8669300000.0,32206600000.0,36300000.0,49800000.0,,720300000.0,,,,406300000.0,,,-120400000.0,,,,72900000.0,,21100000.0,,,-333400000.0,,,-87000000.0,,
2019-06-30,2654000000.0,,,,,2435500000.0,218500000.0,,333300000.0,80700000.0,217800000.0,0.52,0.52,431600000.0,433800000.0,1199400000.0,,,,,,,,,567800000.0,8389300000.0,7377300000.0,,38501400000.0,,,,,,,,,23805300000.0,5856800000.0,-671400000.0,13934700000.0,38501400000.0,76600000.0,109400000.0,,143100000.0,,,,174000000.0,,,347400000.0,,,,134500000.0,-339900000.0,49000000.0,,,-534300000.0,,,-176000000.0,,
2019-09-30,4374600000.0,,,,,3881000000.0,493600000.0,,649900000.0,154700000.0,384900000.0,0.89,0.89,462800000.0,466900000.0,1048600000.0,,,,,,,,,552300000.0,8330500000.0,7339500000.0,,37891400000.0,,,,,,,,,23531800000.0,5880000000.0,-804300000.0,13573200000.0,37891400000.0,125100000.0,158800000.0,,-520600000.0,,,,-420600000.0,,,653000000.0,,,,180600000.0,-328700000.0,75600000.0,,,-769300000.0,,,-123900000.0,,
2019-12-31,6117400000.0,,,,,5309200000.0,808200000.0,,972900000.0,235100000.0,564700000.0,1.29,1.28,437800000.0,440500000.0,1049000000.0,,,,306300000.0,,,,,583500000.0,8509400000.0,7358300000.0,,39420300000.0,,,,,,,,,24718500000.0,5917800000.0,-587300000.0,13862500000.0,39420300000.0,177600000.0,207500000.0,22100000.0,-934300000.0,,,,-748900000.0,,,1116600000.0,,,1300000.0,229100000.0,-290500000.0,124300000.0,,,-1425400000.0,,,201300000.0,,193700000.0
2020-03-31,1598900000.0,,,,,1281900000.0,317000000.0,,177400000.0,57400000.0,81500000.0,0.18,0.18,455700000.0,458900000.0,940500000.0,,,,,,,,,562800000.0,8544100000.0,7325100000.0,,37010700000.0,,,,,,,,,22891800000.0,5856600000.0,-905500000.0,13499300000.0,37010700000.0,48400000.0,47400000.0,,-1223300000.0,,,,-1742100000.0,,,-77000000.0,,,,36800000.0,,19200000.0,,,-452000000.0,,,96300000.0,,
2020-06-30,3017900000.0,,,,,2583800000.0,434100000.0,,282800000.0,100800000.0,122000000.0,0.27,0.26,460100000.0,463100000.0,987100000.0,,,,,,,,,555100000.0,8618300000.0,7313100000.0,,35579100000.0,,,,,,,,,21408600000.0,5825000000.0,-816000000.0,13602000000.0,35579100000.0,98700000.0,95200000.0,,-2391500000.0,,,,-2830400000.0,,,260900000.0,,,,73000000.0,0.0,47000000.0,,,-743000000.0,,,71300000.0,,
2020-09-30,4515500000.0,,,,,3812900000.0,702600000.0,,669400000.0,192700000.0,313700000.0,0.68,0.68,461100000.0,463500000.0,1066600000.0,,,,,,,,,551100000.0,8735400000.0,7309300000.0,,36037500000.0,,,,,,,,,21458700000.0,5944500000.0,-647900000.0,13934000000.0,36037500000.0,150300000.0,138200000.0,,-2800700000.0,,,,-3091800000.0,,,662700000.0,,,,116500000.0,0.0,73600000.0,,,-829000000.0,,,-230300000.0,,
2020-12-31,6145600000.0,,,,,5225200000.0,920400000.0,,1069100000.0,261600000.0,524800000.0,1.14,1.13,459500000.0,462500000.0,1408400000.0,,,,318800000.0,,,,,563800000.0,8916300000.0,7305600000.0,,36504100000.0,,,,,,,,,21483400000.0,6085000000.0,-404500000.0,14361800000.0,36504100000.0,203500000.0,188500000.0,81300000.0,-3744400000.0,,,,-3812700000.0,,,1230300000.0,,,,153600000.0,0.0,115000000.0,,,-865100000.0,,,-285900000.0,,223800000.0
2021-03-31,1659700000.0,,,,,1315400000.0,344300000.0,,478100000.0,106500000.0,267800000.0,0.58,0.58,461600000.0,464700000.0,1158300000.0,,,,,,,,,555900000.0,8932200000.0,7282700000.0,,34881500000.0,,,,,,,,,19513700000.0,6279900000.0,-407700000.0,14547800000.0,34881500000.0,51100000.0,38600000.0,,-1742900000.0,,,,-2018100000.0,,,-26900000.0,,,,53400000.0,,20300000.0,,,-131200000.0,,,137800000.0,,
2021-06-30,3381100000.0,,,,,2565900000.0,815200000.0,,1127400000.0,260700000.0,636100000.0,1.38,1.37,462800000.0,466200000.0,1333000000.0,,,,,,,,,524800000.0,8961700000.0,7267300000.0,,33248400000.0,,,,,,,,,17457900000.0,6570100000.0,-369800000.0,14908000000.0,33248400000.0,103900000.0,72800000.0,,-4090100000.0,,,,-4236800000.0,,,480800000.0,,,,100600000.0,,47200000.0,,,-215000000.0,,,-344900000.0,,
2021-09-30,5131100000.0,,,,,3852100000.0,1279000000.0,,1812700000.0,400400000.0,966200000.0,2.09,2.08,463300000.0,466000000.0,1773200000.0,,,,,,,,,512500000.0,8878200000.0,7246600000.0,,32813900000.0,,,,,,,,,16539300000.0,6821200000.0,-477300000.0,15080100000.0,32813900000.0,154900000.0,106000000.0,,-5251300000.0,,,,-5302000000.0,,,1081800000.0,,,,149600000.0,,73200000.0,,,-579400000.0,,,14200000.0,,
2021-12-31,6894500000.0,,,,,5106300000.0,1788200000.0,,2500500000.0,531100000.0,1393000000.0,3.01,2.99,462800000.0,465400000.0,1896400000.0,,,,274900000.0,,,,,518100000.0,8882500000.0,7228000000.0,,32685600000.0,,,,,,,,,16006800000.0,7169200000.0,-441500000.0,15495800000.0,32685600000.0,205300000.0,140100000.0,79700000.0,-5581200000.0,,,,-5875500000.0,,,1078100000.0,,,,191100000.0,0.0,108800000.0,,,-847900000.0,,,117300000.0,,431700000.0
2022-03-31,1629400000.0,,,,,1251700000.0,377700000.0,,320300000.0,82800000.0,197700000.0,0.43,0.43,459500000.0,462400000.0,1309600000.0,,,,,,,,,499600000.0,8847400000.0,7206200000.0,,31853800000.0,,,,,,,,,15066500000.0,7287900000.0,-508500000.0,15345000000.0,31853800000.0,49500000.0,29500000.0,,-137700000.0,,,,-770100000.0,,,-375400000.0,,,,69800000.0,,23900000.0,,,-79100000.0,,,-55300000.0,,
2022-06-30,3159800000.0,,,,,2437400000.0,722400000.0,,602200000.0,145800000.0,318700000.0,0.7,0.69,458000000.0,460700000.0,936800000.0,,,,,,,,,491400000.0,8646200000.0,7174400000.0,,30186700000.0,,,,,,,,,13499100000.0,7323200000.0,-801100000.0,15113700000.0,30186700000.0,98800000.0,57100000.0,,-509300000.0,,,,-1263400000.0,,,-252300000.0,,,,119900000.0,,57100000.0,,,-155800000.0,,,-533000000.0,,
2022-09-30,4605500000.0,,,,,3532900000.0,1072600000.0,,857300000.0,232600000.0,496100000.0,1.08,1.08,457700000.0,460000000.0,1023600000.0,,,,,,,,,504000000.0,8406300000.0,7145500000.0,,29271900000.0,,,,,,,,,12768400000.0,7416200000.0,-1131000000.0,14903700000.0,29271900000.0,146700000.0,83100000.0,,-721900000.0,,,,-1248300000.0,,,239700000.0,,,,173500000.0,,119800000.0,,,-238000000.0,,,-798800000.0,,
2022-12-31,6048900000.0,,,,,4731200000.0,1317700000.0,,1247700000.0,322200000.0,683900000.0,1.5,1.49,457500000.0,459500000.0,,,,,249100000.0,,,,,561100000.0,8557700000.0,7141200000.0,,29756800000.0,,,,,,,,,12914600000.0,7518300000.0,-942400000.0,15213600000.0,29756800000.0,195300000.0,106200000.0,48300000.0,-912800000.0,,,,-1284300000.0,,,703200000.0,,,,217800000.0,,192900000.0,,,-375600000.0,,,-966900000.0,,301400000.0
2023-03-31,1418200000.0,,,,,1208700000.0,209500000.0,,235700000.0,69900000.0,145000000.0,0.32,0.32,458100000.0,458900000.0,889000000.0,,,,,,,,,572600000.0,8603100000.0,7130800000.0,,29733300000.0,,,,,,,,,12923500000.0,7577600000.0,-882900000.0,15343000000.0,29733300000.0,46800000.0,37800000.0,,70700000.0,,,,-326600000.0,,,-98900000.0,,,,40700000.0,,38100000.0,,,45500000.0,,,-178500000.0,,
2023-06-30,2861000000.0,,,,,2447700000.0,413300000.0,,465600000.0,135400000.0,277200000.0,0.61,0.6,458000000.0,458900000.0,1009900000.0,,,,,,,,,585300000.0,8675000000.0,7118000000.0,,29457800000.0,,,,,,,,,12749200000.0,7617900000.0,-818300000.0,15328900000.0,29457800000.0,94200000.0,69800000.0,,-397000000.0,,,,-533200000.0,,,232400000.0,,,,62000000.0,,84800000.0,,,-49200000.0,,,-349600000.0,,
2023-09-30,4303000000.0,,,,,3662000000.0,641000000.0,,695600000.0,196700000.0,408600000.0,0.9,0.89,455900000.0,457200000.0,1241500000.0,,,,,,,,,586200000.0,8568800000.0,7100100000.0,,29431500000.0,,,,,,,,,12839800000.0,7658800000.0,-960600000.0,15253900000.0,29431500000.0,136400000.0,93700000.0,,-503500000.0,,,,-435900000.0,,,586500000.0,,,,85100000.0,,124000000.0,,,17300000.0,,,-475100000.0,,
2023-12-31,5716400000.0,,,,,6151200000.0,-434800000.0,,-237900000.0,-69700000.0,-333700000.0,-0.73,-0.73,454800000.0,456200000.0,1469200000.0,,,,272700000.0,,,,,599500000.0,8691500000.0,5848100000.0,,28933800000.0,,,,,,,,,13017800000.0,6826700000.0,-801800000.0,14597600000.0,28933800000.0,182800000.0,114600000.0,-309200000.0,-448700000.0,,,,-621700000.0,,,1300800000.0,,,,65200000.0,,164300000.0,,-46200000.0,-244300000.0,,,-585400000.0,,195100000.0
2024-03-31,1475300000.0,,,,,1262200000.0,213100000.0,,282900000.0,68700000.0,141500000.0,0.31,0.31,453200000.0,453500000.0,895700000.0,,,,,,,,,583600000.0,8621000000.0,5832400000.0,,28077200000.0,,,,,,,,,12224400000.0,6878000000.0,-897100000.0,14554800000.0,28077200000.0,45100000.0,21100000.0,,-365100000.0,,,,-689400000.0,,,-54400000.0,,,,36500000.0,,21000000.0,,,-287300000.0,,,-148300000.0,,
2024-06-30,2958600000.0,,,,,2538700000.0,419900000.0,,542800000.0,132700000.0,273700000.0,0.6,0.6,457100000.0,457500000.0,878500000.0,,,,,,,,,574400000.0,8605900000.0,5818800000.0,,27167600000.0,,,,,,,,,11402200000.0,6917000000.0,-921900000.0,14585000000.0,27167600000.0,91500000.0,39500000.0,,-397700000.0,,,,-530500000.0,,,434700000.0,,,,39300000.0,,47700000.0,,,57400000.0,,,-860000000.0,,
2024-09-30,4474000000.0,,,,,3953600000.0,520400000.0,,687900000.0,174200000.0,328700000.0,0.72,0.72,457300000.0,457900000.0,1044900000.0,,,,,,,,,580300000.0,8730400000.0,5816700000.0,,27502600000.0,,,,,,,,,11596000000.0,6874000000.0,-736600000.0,14754300000.0,27502600000.0,135500000.0,90500000.0,,-365300000.0,,,,-184000000.0,,,873100000.0,,,,140300000.0,,76100000.0,,,85300000.0,,,-1269100000.0,,
