Date,Net sales,Cost of sales,Gross margin,Research and development,"Selling, general and administrative",Total operating expenses,Operating income,"Other income/(expense), net",Income before provision for income taxes,Provision for income taxes,Net income,Earnings per share basic,Earnings per share diluted,Weighted-average basic,Weighted-average diluted,Cash and cash equivalents,Short-term marketable securities,"Accounts receivable, net",Inventories,Deferred tax assets,Vendor non-trade receivables,Other current assets,Total current assets,Long-term marketable securities,"Property, Plant and Equipment, Net",Goodwill,"Acquired intangible assets, net","Other Assets, Noncurrent",Total assets,accounts payable,Accrued expenses,Deferred revenue,Total current liabilities,Deferred revenue - non-current,deferred tax liabilities,long term taxes payable,Total other non-current liabilities,Total liabilities,Retained Earnings (Accumulated Deficit),Accumulated other comprehensive (loss)/income,Total shareholders equity,Total liabilities and shareholders' equity,"Depreciation, amortization and accretion",Stock-based compensation expense,Deferred income tax expense,"Increase (Decrease) in Accounts receivable, net",Increase (Decrease) in Inventories,Increase (Decrease) in Other Receivables,Increase (Decrease) in Other Operating Assets,Increase (Decrease) in Accounts Payable,Increase (Decrease) in Deferred Revenue,Increase (Decrease) Other liabilities,Cash generated by operating activities,Purchases of marketable securities,Proceeds from maturities of marketable securities,Proceeds from sales of marketable securities,Purchases of other long-term investments,"Business acquisitions, net of cash acquired",Cash payments for capital asset purchases,Payments for acquisition of intangible assets,Payments for (Proceeds from) Other Investing Activities,Cash used in investing activities,Proceeds from issuance of common stock,Excess tax benefits from stock-based compensation,Cash generated/used in financing activities,Increase/(decrease) in cash and cash equivalents,"Cash paid for income taxes, net"
2009-12-25,4246000000.0,,,,1140000000.0,,414000000.0,,356000000.0,53000000.0,302000000.0,0.64,0.63,476000000.0,479000000.0,2473000000.0,,2499000000.0,1484000000.0,407000000.0,,957000000.0,7973000000.0,,3506000000.0,8786000000.0,2711000000.0,2625000000.0,25601000000.0,1159000000.0,2171000000.0,546000000.0,4047000000.0,1122000000.0,,,2724000000.0,12399000000.0,-518000000.0,-179000000.0,13188000000.0,25601000000.0,,,4000000.0,-91000000.0,44000000.0,,,-71000000.0,,,379000000.0,,,,,143000000.0,165000000.0,,-25000000.0,-417000000.0,,,159000000.0,119000000.0,
2010-03-26,8415000000.0,,,,2248000000.0,,841000000.0,,719000000.0,104000000.0,612000000.0,1.29,1.28,476000000.0,479000000.0,2733000000.0,,2460000000.0,1464000000.0,408000000.0,,932000000.0,7997000000.0,,3501000000.0,8665000000.0,2698000000.0,2611000000.0,25472000000.0,1164000000.0,2441000000.0,614000000.0,4755000000.0,1110000000.0,,,2689000000.0,12549000000.0,-208000000.0,-406000000.0,12907000000.0,25472000000.0,,,-35000000.0,-66000000.0,73000000.0,,,-52000000.0,,,1011000000.0,,,,,152000000.0,335000000.0,,-11000000.0,-695000000.0,,,62000000.0,379000000.0,
2010-06-25,12523000000.0,7912000000.0,,,3380000000.0,,1205000000.0,,935000000.0,78000000.0,866000000.0,1.8,1.79,492000000.0,496000000.0,1823000000.0,,2416000000.0,1417000000.0,1600000000.0,,949000000.0,7329000000.0,,4090000000.0,9388000000.0,3417000000.0,2684000000.0,26908000000.0,1213000000.0,2470000000.0,644000000.0,4959000000.0,1101000000.0,,,3074000000.0,12767000000.0,46000000.0,-585000000.0,14125000000.0,26908000000.0,,,-127000000.0,,127000000.0,,,33000000.0,,,1667000000.0,,,,,600000000.0,512000000.0,,-16000000.0,-1444000000.0,,,-741000000.0,-531000000.0,
2010-09-24,17016000000.0,10736000000.0,,131000000.0,4586000000.0,,1598000000.0,,1270000000.0,138000000.0,1132000000.0,2.33,2.32,485000000.0,488000000.0,1775000000.0,,2493000000.0,1443000000.0,2226000000.0,,936000000.0,7353000000.0,,4156000000.0,9577000000.0,3446000000.0,2596000000.0,27128000000.0,1340000000.0,2671000000.0,618000000.0,5268000000.0,1106000000.0,605000000.0,238000000.0,3001000000.0,13027000000.0,312000000.0,-321000000.0,14084000000.0,27128000000.0,1203000000.0,,-129000000.0,22000000.0,108000000.0,,,119000000.0,,,2630000000.0,,,,,600000000.0,718000000.0,,14000000.0,-1775000000.0,,,-1441000000.0,-579000000.0,255000000.0
2010-12-24,4379000000.0,2750000000.0,,,1137000000.0,,706000000.0,,653000000.0,163000000.0,659000000.0,1.35,1.34,488000000.0,492000000.0,2062000000.0,,2220000000.0,1253000000.0,1400000000.0,,921000000.0,6820000000.0,,3916000000.0,9593000000.0,3431000000.0,2622000000.0,26382000000.0,1158000000.0,2263000000.0,571000000.0,4511000000.0,1165000000.0,,,2876000000.0,12186000000.0,971000000.0,-430000000.0,14189000000.0,26382000000.0,323000000.0,,126000000.0,-11000000.0,104000000.0,,,-79000000.0,,,246000000.0,,,,,9000000.0,179000000.0,,3000000.0,389000000.0,,,-345000000.0,297000000.0,
2011-03-25,8371000000.0,5194000000.0,,,2222000000.0,,1143000000.0,,1030000000.0,220000000.0,974000000.0,2.03,2.01,480000000.0,485000000.0,1840000000.0,,2312000000.0,1353000000.0,1400000000.0,,892000000.0,6761000000.0,,3959000000.0,9721000000.0,3437000000.0,2676000000.0,26554000000.0,1167000000.0,2645000000.0,653000000.0,4467000000.0,1158000000.0,,,2906000000.0,12660000000.0,1288000000.0,-146000000.0,13888000000.0,26554000000.0,645000000.0,,122000000.0,43000000.0,165000000.0,,,-99000000.0,,,913000000.0,,,,,9000000.0,361000000.0,,-23000000.0,85000000.0,,,-937000000.0,75000000.0,
2011-06-24,12664000000.0,7834000000.0,,,3365000000.0,,1618000000.0,,1451000000.0,278000000.0,1333000000.0,2.8,2.77,476000000.0,481000000.0,1629000000.0,,2470000000.0,1406000000.0,1400000000.0,,946000000.0,6818000000.0,,4007000000.0,9895000000.0,3558000000.0,2699000000.0,26977000000.0,1230000000.0,2708000000.0,638000000.0,4618000000.0,1156000000.0,,,2876000000.0,12795000000.0,1642000000.0,10000000.0,14177000000.0,26977000000.0,976000000.0,,119000000.0,183000000.0,195000000.0,,,-53000000.0,,,1621000000.0,,,,,228000000.0,548000000.0,,6000000.0,-515000000.0,,,-1269000000.0,-136000000.0,
2011-09-30,17355000000.0,10745000000.0,,147000000.0,4635000000.0,,2119000000.0,,1893000000.0,326000000.0,1733000000.0,3.66,3.62,474000000.0,479000000.0,1390000000.0,60000000.0,2401000000.0,1344000000.0,2183000000.0,,508000000.0,6433000000.0,187000000.0,4051000000.0,9999000000.0,3628000000.0,2666000000.0,26777000000.0,1278000000.0,2407000000.0,643000000.0,4330000000.0,1143000000.0,606000000.0,207000000.0,2878000000.0,12497000000.0,2058000000.0,-434000000.0,14182000000.0,26777000000.0,1318000000.0,,91000000.0,187000000.0,137000000.0,,,25000000.0,,,2437000000.0,,,,,656000000.0,788000000.0,,39000000.0,-1325000000.0,,,-1481000000.0,-375000000.0,196000000.0
2011-12-30,4208000000.0,2544000000.0,,,1123000000.0,,472000000.0,,412000000.0,78000000.0,333000000.0,0.72,0.71,464000000.0,469000000.0,1013000000.0,,2293000000.0,1465000000.0,1400000000.0,,,6137000000.0,,4063000000.0,9991000000.0,3673000000.0,2634000000.0,26498000000.0,1243000000.0,2089000000.0,616000000.0,3985000000.0,1142000000.0,,,2856000000.0,12120000000.0,2391000000.0,-507000000.0,14279000000.0,26498000000.0,333000000.0,,48000000.0,-88000000.0,131000000.0,,,-35000000.0,-29000000.0,,338000000.0,,,,,95000000.0,207000000.0,,-29000000.0,-441000000.0,,,-271000000.0,-377000000.0,
2012-03-30,8561000000.0,5219000000.0,,,2232000000.0,,956000000.0,,836000000.0,168000000.0,660000000.0,1.42,1.41,463000000.0,469000000.0,1086000000.0,,2441000000.0,1543000000.0,1400000000.0,,,6463000000.0,,4150000000.0,10130000000.0,3745000000.0,2574000000.0,27062000000.0,1326000000.0,2276000000.0,681000000.0,4286000000.0,1151000000.0,,,2803000000.0,12377000000.0,2718000000.0,-306000000.0,14562000000.0,27062000000.0,675000000.0,,76000000.0,16000000.0,184000000.0,,,3000000.0,33000000.0,,1054000000.0,,,,,205000000.0,431000000.0,,-64000000.0,-909000000.0,,,-464000000.0,-304000000.0,
2012-06-29,13021000000.0,7915000000.0,,,3525000000.0,,1323000000.0,,1141000000.0,221000000.0,902000000.0,1.95,1.92,463000000.0,470000000.0,1118000000.0,,2475000000.0,1552000000.0,1300000000.0,,,6646000000.0,,4173000000.0,10029000000.0,3750000000.0,2470000000.0,27068000000.0,1389000000.0,2244000000.0,686000000.0,4335000000.0,1150000000.0,,,2912000000.0,12546000000.0,2960000000.0,-588000000.0,14400000000.0,27068000000.0,1021000000.0,,72000000.0,119000000.0,233000000.0,,,83000000.0,50000000.0,,1830000000.0,,,,,217000000.0,694000000.0,,-59000000.0,-1359000000.0,,,-732000000.0,-272000000.0,
2012-09-28,10403000000.0,6626000000.0,,145000000.0,2903000000.0,,685000000.0,,41000000.0,348000000.0,472000000.0,1.02,1.02,463000000.0,463000000.0,844000000.0,70000000.0,1711000000.0,634000000.0,2297000000.0,,490000000.0,4334000000.0,133000000.0,1670000000.0,4377000000.0,780000000.0,1204000000.0,12365000000.0,897000000.0,1788000000.0,402000000.0,3097000000.0,424000000.0,211000000.0,124000000.0,2341000000.0,7343000000.0,2499000000.0,-966000000.0,4994000000.0,12365000000.0,418000000.0,,373000000.0,128000000.0,72000000.0,,,59000000.0,-1000000.0,,701000000.0,,,,,217000000.0,406000000.0,,-27000000.0,-582000000.0,,,-508000000.0,49000000.0,147000000.0
2012-12-28,2600000000.0,1668000000.0,,,682000000.0,,235000000.0,,206000000.0,39000000.0,163000000.0,0.35,0.34,466000000.0,473000000.0,501000000.0,,1709000000.0,664000000.0,500000000.0,,,4081000000.0,,1682000000.0,4406000000.0,765000000.0,1191000000.0,12125000000.0,839000000.0,1522000000.0,364000000.0,2735000000.0,416000000.0,,,2337000000.0,6969000000.0,2662000000.0,-950000000.0,5126000000.0,12125000000.0,105000000.0,,10000000.0,9000000.0,29000000.0,,,-61000000.0,-47000000.0,,-39000000.0,,,,,23000000.0,90000000.0,,-8000000.0,-188000000.0,,,-119000000.0,-310000000.0,
2013-03-29,5208000000.0,3341000000.0,,,1472000000.0,,358000000.0,,288000000.0,43000000.0,235000000.0,0.5,0.49,466000000.0,474000000.0,430000000.0,,1649000000.0,654000000.0,500000000.0,,,3958000000.0,,1668000000.0,4345000000.0,735000000.0,1252000000.0,11958000000.0,783000000.0,1757000000.0,418000000.0,2969000000.0,405000000.0,,,2361000000.0,7216000000.0,2734000000.0,-1047000000.0,4714000000.0,11958000000.0,212000000.0,,-45000000.0,-3000000.0,33000000.0,,,-106000000.0,7000000.0,,207000000.0,,,,,38000000.0,192000000.0,,6000000.0,-324000000.0,,,-294000000.0,-382000000.0,
2013-06-28,7886000000.0,5036000000.0,,,2209000000.0,,547000000.0,,456000000.0,73000000.0,370000000.0,0.8,0.78,465000000.0,473000000.0,455000000.0,,1678000000.0,685000000.0,500000000.0,,,3967000000.0,,1640000000.0,4322000000.0,716000000.0,1225000000.0,11870000000.0,831000000.0,1873000000.0,417000000.0,3140000000.0,396000000.0,,,2138000000.0,7136000000.0,2869000000.0,-1177000000.0,4707000000.0,11870000000.0,318000000.0,,-52000000.0,44000000.0,74000000.0,,,-56000000.0,1000000.0,,472000000.0,,,,,75000000.0,284000000.0,,-6000000.0,-445000000.0,,,-400000000.0,-419000000.0,
2013-09-27,10647000000.0,6766000000.0,,174000000.0,2930000000.0,,809000000.0,,697000000.0,125000000.0,536000000.0,1.15,1.14,465000000.0,472000000.0,563000000.0,100000000.0,1738000000.0,655000000.0,2203000000.0,,473000000.0,4067000000.0,143000000.0,1677000000.0,4519000000.0,804000000.0,1109000000.0,12176000000.0,899000000.0,1910000000.0,402000000.0,3231000000.0,400000000.0,236000000.0,147000000.0,1969000000.0,7043000000.0,3035000000.0,-987000000.0,5098000000.0,12176000000.0,427000000.0,,8000000.0,87000000.0,34000000.0,,,-15000000.0,-30000000.0,,841000000.0,,,,,229000000.0,377000000.0,,-4000000.0,-655000000.0,,,-456000000.0,-311000000.0,155000000.0
2013-12-27,2647000000.0,1023000000.0,,,599000000.0,,374000000.0,,352000000.0,76000000.0,270000000.0,0.58,0.57,464000000.0,471000000.0,479000000.0,,1725000000.0,685000000.0,173000000.0,,,4007000000.0,,1678000000.0,4528000000.0,806000000.0,994000000.0,12013000000.0,838000000.0,1777000000.0,368000000.0,3163000000.0,392000000.0,,,1849000000.0,6847000000.0,3305000000.0,-1021000000.0,5130000000.0,12013000000.0,106000000.0,,57000000.0,-14000000.0,32000000.0,,,-44000000.0,-41000000.0,,123000000.0,,,,,54000000.0,92000000.0,,-6000000.0,-67000000.0,,,-133000000.0,-84000000.0,
2014-03-28,4989000000.0,2022000000.0,,,1213000000.0,,590000000.0,,545000000.0,107000000.0,477000000.0,1.03,1.01,462000000.0,470000000.0,495000000.0,,1674000000.0,661000000.0,231000000.0,,,4773000000.0,,1269000000.0,4176000000.0,773000000.0,944000000.0,11935000000.0,783000000.0,1962000000.0,420000000.0,3406000000.0,352000000.0,,,1667000000.0,6867000000.0,3512000000.0,-1032000000.0,5031000000.0,11935000000.0,181000000.0,,56000000.0,-35000000.0,24000000.0,,,-48000000.0,11000000.0,,355000000.0,,,,,54000000.0,135000000.0,,-6000000.0,-92000000.0,,,-315000000.0,-68000000.0,
2014-06-27,7636000000.0,3108000000.0,,,1878000000.0,,897000000.0,,832000000.0,164000000.0,1927000000.0,4.18,4.11,461000000.0,469000000.0,1912000000.0,,1739000000.0,650000000.0,211000000.0,,,5719000000.0,,1283000000.0,4212000000.0,765000000.0,797000000.0,12776000000.0,851000000.0,1962000000.0,411000000.0,3259000000.0,344000000.0,,,1689000000.0,6735000000.0,4962000000.0,-995000000.0,6002000000.0,12776000000.0,270000000.0,,85000000.0,39000000.0,13000000.0,,,15000000.0,-13000000.0,,520000000.0,,,,,63000000.0,210000000.0,,-2000000.0,-83000000.0,,,920000000.0,1349000000.0,
2014-09-26,10340000000.0,4253000000.0,,193000000.0,3040000000.0,,697000000.0,,613000000.0,24000000.0,1838000000.0,4.04,3.97,455000000.0,463000000.0,892000000.0,,1750000000.0,628000000.0,2405000000.0,,683000000.0,4751000000.0,,1269000000.0,4126000000.0,737000000.0,926000000.0,11809000000.0,871000000.0,2167000000.0,400000000.0,3471000000.0,335000000.0,,,1877000000.0,7126000000.0,4873000000.0,-1225000000.0,4647000000.0,11809000000.0,361000000.0,,-106000000.0,93000000.0,13000000.0,,,53000000.0,-24000000.0,,831000000.0,,,,,65000000.0,288000000.0,,4000000.0,-221000000.0,,,-261000000.0,329000000.0,102000000.0
2014-12-26,2479000000.0,1022000000.0,,,653000000.0,,198000000.0,,181000000.0,19000000.0,162000000.0,0.39,0.38,420000000.0,427000000.0,473000000.0,,1718000000.0,658000000.0,382000000.0,,,4066000000.0,,1242000000.0,4148000000.0,796000000.0,946000000.0,11198000000.0,825000000.0,1993000000.0,365000000.0,3475000000.0,324000000.0,,,1918000000.0,6901000000.0,5035000000.0,-1418000000.0,4234000000.0,11198000000.0,91000000.0,,-6000000.0,7000000.0,43000000.0,,,-41000000.0,-37000000.0,,96000000.0,,,,,152000000.0,66000000.0,,1000000.0,7000000.0,,,-512000000.0,-419000000.0,
2015-03-27,4908000000.0,2021000000.0,,,1300000000.0,,420000000.0,,381000000.0,37000000.0,329000000.0,0.78,0.77,420000000.0,427000000.0,432000000.0,,1643000000.0,677000000.0,349000000.0,,,4078000000.0,,1216000000.0,4265000000.0,908000000.0,1228000000.0,11695000000.0,735000000.0,1959000000.0,405000000.0,3479000000.0,315000000.0,,,1927000000.0,7453000000.0,5202000000.0,-1590000000.0,4181000000.0,11695000000.0,171000000.0,,-29000000.0,-22000000.0,64000000.0,,,-87000000.0,4000000.0,,262000000.0,,,,,525000000.0,123000000.0,,1000000.0,-703000000.0,,,-3000000.0,-460000000.0,
2015-06-26,7397000000.0,3046000000.0,,,1925000000.0,,673000000.0,,618000000.0,86000000.0,485000000.0,1.15,1.14,421000000.0,427000000.0,531000000.0,,1775000000.0,690000000.0,329000000.0,,,4133000000.0,,1215000000.0,4291000000.0,890000000.0,1191000000.0,11720000000.0,744000000.0,1996000000.0,403000000.0,3426000000.0,313000000.0,,,1898000000.0,7381000000.0,5358000000.0,-1562000000.0,4304000000.0,11720000000.0,257000000.0,,-1000000.0,104000000.0,72000000.0,,,-78000000.0,-6000000.0,,511000000.0,,,,,525000000.0,183000000.0,,0.0,-752000000.0,,,-102000000.0,-361000000.0,
2015-09-25,9902000000.0,4072000000.0,,212000000.0,2573000000.0,,884000000.0,,715000000.0,100000000.0,551000000.0,1.31,1.29,421000000.0,427000000.0,1401000000.0,,1775000000.0,627000000.0,2327000000.0,,406000000.0,4653000000.0,,1189000000.0,4236000000.0,871000000.0,1372000000.0,12321000000.0,785000000.0,1686000000.0,382000000.0,3845000000.0,303000000.0,,,1938000000.0,8245000000.0,5165000000.0,-1841000000.0,4041000000.0,12321000000.0,342000000.0,,20000000.0,149000000.0,44000000.0,,,-21000000.0,-32000000.0,,542000000.0,,,,,583000000.0,246000000.0,,1000000.0,-862000000.0,,,862000000.0,509000000.0,98000000.0
2015-12-25,2376000000.0,962000000.0,,,573000000.0,,293000000.0,,108000000.0,36000000.0,76000000.0,0.18,0.18,424000000.0,428000000.0,301000000.0,,1719000000.0,647000000.0,294000000.0,,,3665000000.0,,1167000000.0,4365000000.0,927000000.0,1307000000.0,11431000000.0,789000000.0,1837000000.0,349000000.0,3211000000.0,292000000.0,,,1736000000.0,7385000000.0,5154000000.0,-1878000000.0,4009000000.0,11431000000.0,83000000.0,,17000000.0,-29000000.0,34000000.0,,,1000000.0,-37000000.0,,189000000.0,,,,,138000000.0,68000000.0,,0.0,-211000000.0,,,-1069000000.0,-1100000000.0,
2016-03-25,4707000000.0,1930000000.0,,,1175000000.0,,518000000.0,,315000000.0,99000000.0,222000000.0,0.52,0.52,425000000.0,428000000.0,345000000.0,,1722000000.0,670000000.0,212000000.0,,,3663000000.0,,1189000000.0,4460000000.0,1025000000.0,1274000000.0,11611000000.0,797000000.0,1643000000.0,393000000.0,3233000000.0,285000000.0,,,1756000000.0,7433000000.0,5213000000.0,-1829000000.0,4142000000.0,11611000000.0,167000000.0,,62000000.0,-38000000.0,56000000.0,,,2000000.0,,,313000000.0,,,,,314000000.0,143000000.0,,-1000000.0,-433000000.0,,,-926000000.0,-1056000000.0,
2016-06-24,7156000000.0,2956000000.0,,,1842000000.0,,754000000.0,,586000000.0,130000000.0,461000000.0,1.08,1.08,426000000.0,429000000.0,345000000.0,,1805000000.0,656000000.0,182000000.0,,,3822000000.0,,1180000000.0,4418000000.0,966000000.0,1228000000.0,11614000000.0,799000000.0,1564000000.0,378000000.0,3116000000.0,284000000.0,,,1663000000.0,7228000000.0,5364000000.0,-1815000000.0,4351000000.0,11614000000.0,250000000.0,,89000000.0,65000000.0,55000000.0,,,14000000.0,,,504000000.0,,,,,320000000.0,209000000.0,,0.0,-511000000.0,,,-1041000000.0,-1056000000.0,
2016-09-30,37674000000.0,30360000000.0,7314000000.0,,5325000000.0,,,,1586000000.0,2238000000.0,-868000000.0,-1.3,-1.3,667400000.0,667400000.0,684000000.0,,8018000000.0,3560000000.0,1308000000.0,,2639000000.0,17109000000.0,,7872000000.0,23409000000.0,7653000000.0,4475000000.0,63253000000.0,6764000000.0,5991000000.0,,16293000000.0,,1597000000.0,,5292000000.0,,9177000000.0,-1153000000.0,24118000000.0,63253000000.0,953000000.0,142000000.0,-1241000000.0,344000000.0,-1000000.0,,-148000000.0,,,,1895000000.0,,,,,-353000000.0,1249000000.0,,7000000.0,-887000000.0,,,-933000000.0,87000000.0,
2016-12-31,7086000000.0,4972000000.0,2114000000.0,,1570000000.0,,,,385000000.0,-27000000.0,329000000.0,0.35,0.35,937200000.0,947400000.0,377000000.0,,6057000000.0,2943000000.0,,,1416000000.0,10966000000.0,,5556000000.0,20772000000.0,7290000000.0,3174000000.0,48788000000.0,3453000000.0,3912000000.0,,11459000000.0,,,,5329000000.0,,4669000000.0,-1233000000.0,19577000000.0,48788000000.0,346000000.0,37000000.0,580000000.0,-37000000.0,142000000.0,,87000000.0,,,,-1900000000.0,,,,,3000000.0,371000000.0,,0.0,-331000000.0,,,1979000000.0,-202000000.0,
2017-03-31,14353000000.0,9958000000.0,4395000000.0,,3296000000.0,,,,778000000.0,508000000.0,181000000.0,0.19,0.19,939200000.0,948000000.0,412000000.0,,6094000000.0,3138000000.0,,,1548000000.0,13229000000.0,,5601000000.0,19644000000.0,6687000000.0,3347000000.0,49607000000.0,3720000000.0,4037000000.0,,10742000000.0,,,,5638000000.0,,4268000000.0,-987000000.0,19388000000.0,49607000000.0,638000000.0,81000000.0,1059000000.0,21000000.0,370000000.0,,150000000.0,,,,-1536000000.0,,,,,6000000.0,634000000.0,,0.0,-472000000.0,,,1761000000.0,-167000000.0,
2017-06-30,22036000000.0,15210000000.0,6826000000.0,,4905000000.0,,,,1496000000.0,570000000.0,736000000.0,0.79,0.78,937200000.0,946800000.0,458000000.0,,6443000000.0,3384000000.0,,,1595000000.0,13962000000.0,,5870000000.0,19619000000.0,6727000000.0,3349000000.0,50686000000.0,3764000000.0,4001000000.0,,11515000000.0,,,,5265000000.0,,4589000000.0,-729000000.0,19731000000.0,50686000000.0,919000000.0,114000000.0,1056000000.0,319000000.0,585000000.0,,258000000.0,,,,-1321000000.0,,,,,6000000.0,996000000.0,,0.0,-832000000.0,,,1915000000.0,-121000000.0,
2017-09-30,30172000000.0,20833000000.0,9339000000.0,360000000.0,6158000000.0,,,,2558000000.0,705000000.0,1611000000.0,1.72,1.71,935300000.0,944600000.0,321000000.0,,6666000000.0,3209000000.0,627000000.0,,1907000000.0,12292000000.0,,6121000000.0,19688000000.0,6741000000.0,3931000000.0,51884000000.0,4271000000.0,3553000000.0,1279000000.0,11854000000.0,,1733000000.0,,5368000000.0,,5231000000.0,-473000000.0,20447000000.0,51884000000.0,1188000000.0,147000000.0,563000000.0,520000000.0,398000000.0,,480000000.0,,,,12000000.0,,,,,6000000.0,1343000000.0,,,-1137000000.0,,,717000000.0,-258000000.0,
2017-12-31,7435000000.0,5266000000.0,2169000000.0,,1417000000.0,,,,538000000.0,267000000.0,230000000.0,0.25,0.25,926100000.0,933300000.0,552000000.0,,6731000000.0,3459000000.0,,,1647000000.0,12429000000.0,,6105000000.0,19717000000.0,6657000000.0,3640000000.0,49767000000.0,4020000000.0,3370000000.0,1368000000.0,11246000000.0,,,,5004000000.0,,5398000000.0,-414000000.0,20535000000.0,49767000000.0,272000000.0,30000000.0,-79000000.0,30000000.0,233000000.0,,-64000000.0,,,,-129000000.0,,,,,0.0,230000000.0,,,1774000000.0,,,-1440000000.0,231000000.0,
2018-03-31,14910000000.0,10521000000.0,4389000000.0,,3005000000.0,,,,1099000000.0,345000000.0,668000000.0,0.72,0.72,926200000.0,932900000.0,268000000.0,,6679000000.0,3565000000.0,,,1737000000.0,12271000000.0,,6235000000.0,19806000000.0,6625000000.0,3721000000.0,49952000000.0,4250000000.0,3197000000.0,1543000000.0,10992000000.0,,,,5019000000.0,,5594000000.0,-254000000.0,20874000000.0,49952000000.0,552000000.0,56000000.0,-77000000.0,-108000000.0,300000000.0,,-15000000.0,,,,533000000.0,,,,,15000000.0,497000000.0,,,1598000000.0,,,-2254000000.0,-53000000.0,
2018-06-30,23030000000.0,16169000000.0,6861000000.0,,4532000000.0,,,,2009000000.0,451000000.0,1391000000.0,1.5,1.49,926000000.0,932100000.0,283000000.0,,6895000000.0,3509000000.0,,,1766000000.0,12465000000.0,,6093000000.0,19512000000.0,6424000000.0,3622000000.0,49406000000.0,4410000000.0,3007000000.0,1317000000.0,11301000000.0,,,,4915000000.0,,6075000000.0,-808000000.0,20773000000.0,49406000000.0,844000000.0,86000000.0,-75000000.0,282000000.0,338000000.0,,64000000.0,,,,1261000000.0,,,,,24000000.0,782000000.0,,,1304000000.0,,,-2528000000.0,-38000000.0,
2018-09-30,31400000000.0,22020000000.0,9380000000.0,380000000.0,6010000000.0,,,,2901000000.0,518000000.0,2162000000.0,2.34,2.32,925700000.0,931700000.0,200000000.0,,7065000000.0,3224000000.0,828000000.0,,1334000000.0,11823000000.0,,6171000000.0,19473000000.0,6348000000.0,3681000000.0,48797000000.0,4644000000.0,2793000000.0,1326000000.0,11250000000.0,,763000000.0,,4718000000.0,,6604000000.0,-946000000.0,21164000000.0,48797000000.0,1085000000.0,115000000.0,-636000000.0,513000000.0,92000000.0,,-26000000.0,,,,2513000000.0,,,,,21000000.0,1030000000.0,,-5000000.0,1215000000.0,,,-3752000000.0,-121000000.0,
2018-12-31,5464000000.0,3739000000.0,1725000000.0,,1438000000.0,,,,244000000.0,108000000.0,355000000.0,0.39,0.38,921600000.0,925200000.0,292000000.0,,5442000000.0,2027000000.0,,,1152000000.0,11955000000.0,,3314000000.0,18291000000.0,6080000000.0,2330000000.0,48016000000.0,3273000000.0,2178000000.0,1378000000.0,11653000000.0,,,,4598000000.0,,6136000000.0,-1080000000.0,20102000000.0,48016000000.0,211000000.0,18000000.0,43000000.0,-146000000.0,222000000.0,,63000000.0,,,,-79000000.0,,,,,13000000.0,153000000.0,,,-136000000.0,,,256000000.0,112000000.0,
2019-03-31,11243000000.0,7674000000.0,3569000000.0,,2896000000.0,,,,565000000.0,155000000.0,870000000.0,0.95,0.95,912100000.0,915600000.0,239000000.0,,5707000000.0,2124000000.0,,,1767000000.0,12836000000.0,,3332000000.0,18311000000.0,6015000000.0,1829000000.0,48489000000.0,3482000000.0,2180000000.0,1521000000.0,13441000000.0,,,,4612000000.0,,6416000000.0,-952000000.0,20036000000.0,48489000000.0,422000000.0,42000000.0,503000000.0,139000000.0,321000000.0,,29000000.0,,,,103000000.0,,,,,13000000.0,278000000.0,,,-259000000.0,,,-39000000.0,58000000.0,
2019-06-30,17694000000.0,11981000000.0,5713000000.0,,4284000000.0,,,,1029000000.0,394000000.0,5062000000.0,5.63,5.61,898400000.0,902200000.0,3685000000.0,,6033000000.0,2050000000.0,,,1179000000.0,13042000000.0,,3282000000.0,18312000000.0,5739000000.0,1787000000.0,43069000000.0,3671000000.0,2834000000.0,1389000000.0,9242000000.0,,,,5121000000.0,,6366000000.0,-564000000.0,20363000000.0,43069000000.0,625000000.0,66000000.0,382000000.0,494000000.0,289000000.0,,62000000.0,,,,711000000.0,,,,,16000000.0,401000000.0,,,-363000000.0,,,-9500000000.0,3501000000.0,
2019-09-30,23968000000.0,16275000000.0,7693000000.0,319000000.0,6244000000.0,,,,1056000000.0,-233000000.0,5674000000.0,6.52,6.49,870200000.0,874300000.0,2805000000.0,,5770000000.0,1814000000.0,1404000000.0,,1906000000.0,12393000000.0,,3348000000.0,18178000000.0,5632000000.0,1823000000.0,42287000000.0,3582000000.0,2573000000.0,1407000000.0,9070000000.0,,588000000.0,,4636000000.0,,4827000000.0,-795000000.0,19766000000.0,42287000000.0,825000000.0,95000000.0,612000000.0,312000000.0,72000000.0,,99000000.0,,,,1743000000.0,,,,,25000000.0,586000000.0,,,-533000000.0,,,-10519000000.0,2621000000.0,
2019-12-31,5576000000.0,3773000000.0,1803000000.0,,1427000000.0,,,,256000000.0,65000000.0,159000000.0,0.21,0.21,769900000.0,774000000.0,2160000000.0,,5612000000.0,1953000000.0,,,1508000000.0,11320000000.0,,3341000000.0,18351000000.0,5610000000.0,2980000000.0,42513000000.0,3336000000.0,2611000000.0,1495000000.0,9692000000.0,,,,5457000000.0,,4129000000.0,-540000000.0,19329000000.0,42513000000.0,207000000.0,23000000.0,-3000000.0,-237000000.0,114000000.0,,92000000.0,,,,511000000.0,,,,,48000000.0,126000000.0,,,-173000000.0,,,-850000000.0,-649000000.0,
2020-03-31,11020000000.0,7416000000.0,3604000000.0,,2878000000.0,,,,505000000.0,78000000.0,372000000.0,0.49,0.49,762400000.0,765600000.0,1006000000.0,,5492000000.0,2030000000.0,,,1336000000.0,9955000000.0,,3274000000.0,18072000000.0,5391000000.0,2795000000.0,40402000000.0,3119000000.0,2627000000.0,1600000000.0,9509000000.0,,,,5230000000.0,,3332000000.0,-1021000000.0,18084000000.0,40402000000.0,414000000.0,38000000.0,-61000000.0,-244000000.0,261000000.0,,150000000.0,,,,666000000.0,,,,,58000000.0,250000000.0,,,-288000000.0,,,-2036000000.0,-1802000000.0,
2020-06-30,16363000000.0,10927000000.0,5436000000.0,,4212000000.0,,,,382000000.0,77000000.0,190000000.0,0.25,0.25,756300000.0,758900000.0,2342000000.0,,5344000000.0,1996000000.0,,,1369000000.0,11140000000.0,,3041000000.0,17759000000.0,5364000000.0,2941000000.0,41278000000.0,3057000000.0,2650000000.0,1451000000.0,10304000000.0,,,,5360000000.0,,2955000000.0,-943000000.0,17805000000.0,41278000000.0,616000000.0,61000000.0,-148000000.0,-428000000.0,205000000.0,,120000000.0,,,,1499000000.0,,,,,59000000.0,347000000.0,,,-309000000.0,,,-1316000000.0,-466000000.0,
2020-09-30,22317000000.0,14906000000.0,7411000000.0,274000000.0,5665000000.0,,,,903000000.0,108000000.0,631000000.0,0.84,0.84,751000000.0,753600000.0,1951000000.0,,5294000000.0,1773000000.0,477000000.0,,1035000000.0,10053000000.0,,3059000000.0,17932000000.0,5356000000.0,3354000000.0,40815000000.0,3120000000.0,2562000000.0,1435000000.0,8248000000.0,,385000000.0,,5368000000.0,,2469000000.0,-776000000.0,17447000000.0,40815000000.0,822000000.0,74000000.0,-537000000.0,-534000000.0,-45000000.0,,52000000.0,,,,2479000000.0,,,,,77000000.0,443000000.0,,,-258000000.0,,,-2824000000.0,-861000000.0,-386000000.0
2020-12-31,5341000000.0,3613000000.0,1728000000.0,,1294000000.0,,,,433000000.0,61000000.0,451000000.0,0.62,0.62,723100000.0,726500000.0,1839000000.0,,5177000000.0,1913000000.0,,,1105000000.0,10034000000.0,,3082000000.0,18207000000.0,5384000000.0,3559000000.0,41424000000.0,3210000000.0,2393000000.0,1583000000.0,8486000000.0,,,,5536000000.0,,2382000000.0,-504000000.0,17656000000.0,41424000000.0,207000000.0,22000000.0,-59000000.0,-224000000.0,98000000.0,,70000000.0,,,,515000000.0,,,,,0.0,91000000.0,,,-37000000.0,,,-547000000.0,-116000000.0,
2021-03-31,10935000000.0,7264000000.0,3671000000.0,,2547000000.0,,,,1039000000.0,270000000.0,794000000.0,1.1,1.1,720100000.0,723900000.0,1883000000.0,,5167000000.0,1994000000.0,,,1160000000.0,10204000000.0,,3015000000.0,18124000000.0,5259000000.0,3354000000.0,41180000000.0,3417000000.0,2352000000.0,1710000000.0,8740000000.0,,,,5529000000.0,,2215000000.0,-410000000.0,17698000000.0,41180000000.0,419000000.0,32000000.0,25000000.0,-167000000.0,211000000.0,,90000000.0,,,,1160000000.0,,,,,10000000.0,197000000.0,,,-119000000.0,,,-1079000000.0,-66000000.0,
2021-06-30,17276000000.0,11408000000.0,5868000000.0,,3914000000.0,,,,1808000000.0,378000000.0,1368000000.0,1.9,1.89,718200000.0,722500000.0,1450000000.0,,5668000000.0,2064000000.0,,,1128000000.0,10310000000.0,,3111000000.0,18445000000.0,5679000000.0,3389000000.0,42135000000.0,3719000000.0,2460000000.0,1649000000.0,9285000000.0,,,,5803000000.0,,2256000000.0,-351000000.0,17840000000.0,42135000000.0,627000000.0,51000000.0,6000000.0,157000000.0,204000000.0,,30000000.0,,,,2022000000.0,,,,,707000000.0,324000000.0,,-1000000.0,-886000000.0,,,-1650000000.0,-503000000.0,
2021-09-30,23668000000.0,15609000000.0,8059000000.0,275000000.0,5258000000.0,,,,2614000000.0,868000000.0,1637000000.0,2.28,2.27,716600000.0,721100000.0,1336000000.0,,5613000000.0,2057000000.0,312000000.0,,992000000.0,9998000000.0,,3228000000.0,18335000000.0,5549000000.0,3558000000.0,41890000000.0,3746000000.0,2473000000.0,1637000000.0,9098000000.0,,,,5905000000.0,,2025000000.0,-434000000.0,17562000000.0,41890000000.0,845000000.0,76000000.0,36000000.0,143000000.0,219000000.0,,164000000.0,,,,2551000000.0,,,,,725000000.0,552000000.0,,-1000000.0,-1090000000.0,,,-2131000000.0,-618000000.0,504000000.0
2021-12-31,5862000000.0,3971000000.0,1891000000.0,,1369000000.0,,,,490000000.0,71000000.0,381000000.0,0.54,0.54,704300000.0,709500000.0,1207000000.0,,5671000000.0,2425000000.0,,,1050000000.0,10353000000.0,,3213000000.0,18386000000.0,5505000000.0,3504000000.0,42222000000.0,4083000000.0,2521000000.0,1845000000.0,9987000000.0,,,,5809000000.0,,1638000000.0,-347000000.0,17249000000.0,42222000000.0,224000000.0,29000000.0,-32000000.0,75000000.0,376000000.0,,63000000.0,,,,392000000.0,,,,,108000000.0,135000000.0,,,-218000000.0,,,-357000000.0,-120000000.0,
2022-03-31,11960000000.0,8112000000.0,3848000000.0,,2823000000.0,,,,600000000.0,129000000.0,392000000.0,0.56,0.56,701800000.0,706200000.0,1787000000.0,,5689000000.0,2515000000.0,,,1235000000.0,11612000000.0,,3103000000.0,18029000000.0,4889000000.0,3206000000.0,42991000000.0,4101000000.0,2264000000.0,1971000000.0,11654000000.0,,,,5563000000.0,,900000000.0,-345000000.0,16536000000.0,42991000000.0,432000000.0,57000000.0,-97000000.0,306000000.0,619000000.0,,206000000.0,,,,324000000.0,,,,,124000000.0,260000000.0,,,-332000000.0,,,444000000.0,478000000.0,
2022-06-30,18574000000.0,12526000000.0,6048000000.0,,4412000000.0,,,,1104000000.0,190000000.0,771000000.0,1.1,1.1,698600000.0,702400000.0,1506000000.0,,5850000000.0,2574000000.0,,,1235000000.0,11559000000.0,,2962000000.0,17725000000.0,4764000000.0,3352000000.0,42324000000.0,4125000000.0,2479000000.0,1846000000.0,11883000000.0,,,,5523000000.0,,645000000.0,-662000000.0,15988000000.0,42324000000.0,633000000.0,79000000.0,-241000000.0,637000000.0,761000000.0,,276000000.0,,,,811000000.0,,,,,236000000.0,430000000.0,,0.0,-588000000.0,,,29000000.0,199000000.0,
2022-09-30,25299000000.0,16956000000.0,8343000000.0,295000000.0,5945000000.0,,,,1710000000.0,-13000000.0,1532000000.0,2.2,2.19,696100000.0,699600000.0,2031000000.0,,5528000000.0,2510000000.0,444000000.0,,1229000000.0,11685000000.0,,3042000000.0,17328000000.0,4641000000.0,3748000000.0,42158000000.0,4241000000.0,2482000000.0,1768000000.0,11239000000.0,,,,5671000000.0,,1151000000.0,-911000000.0,16268000000.0,42158000000.0,830000000.0,102000000.0,-141000000.0,427000000.0,773000000.0,,362000000.0,,,,1990000000.0,,,,,269000000.0,592000000.0,,-25000000.0,-693000000.0,,,-516000000.0,724000000.0,568000000.0
2022-12-31,6068000000.0,3977000000.0,2091000000.0,,1571000000.0,,,,170000000.0,14000000.0,118000000.0,0.17,0.17,687000000.0,690300000.0,1509000000.0,,5722000000.0,2895000000.0,,,1293000000.0,11837000000.0,,3098000000.0,17684000000.0,4673000000.0,3864000000.0,42797000000.0,4138000000.0,2466000000.0,1774000000.0,11563000000.0,,,,5791000000.0,,874000000.0,-864000000.0,16046000000.0,42797000000.0,203000000.0,30000000.0,-92000000.0,88000000.0,348000000.0,,68000000.0,,,,-296000000.0,,,,,79000000.0,134000000.0,,,-189000000.0,,,9000000.0,-490000000.0,
2023-03-31,12754000000.0,8422000000.0,4332000000.0,,3150000000.0,,,,393000000.0,63000000.0,251000000.0,0.37,0.36,686900000.0,690000000.0,1975000000.0,,6002000000.0,3048000000.0,,,1285000000.0,12756000000.0,,3094000000.0,17559000000.0,4633000000.0,3935000000.0,43420000000.0,4348000000.0,2394000000.0,1939000000.0,12403000000.0,,,,5688000000.0,,669000000.0,-846000000.0,15890000000.0,43420000000.0,409000000.0,61000000.0,-168000000.0,360000000.0,493000000.0,,169000000.0,,,,18000000.0,,,,,89000000.0,255000000.0,,-2000000.0,-314000000.0,,,262000000.0,-26000000.0,
2023-06-30,19887000000.0,13124000000.0,6763000000.0,,4705000000.0,,,,1186000000.0,-329000000.0,1300000000.0,1.9,1.89,685700000.0,688800000.0,1057000000.0,,6540000000.0,3092000000.0,,,1317000000.0,12006000000.0,,3187000000.0,17644000000.0,4831000000.0,4124000000.0,42780000000.0,4296000000.0,2693000000.0,1918000000.0,11128000000.0,,,,5358000000.0,,1099000000.0,-870000000.0,16324000000.0,42780000000.0,621000000.0,92000000.0,-270000000.0,667000000.0,383000000.0,,214000000.0,,,,831000000.0,,,,,260000000.0,366000000.0,,-22000000.0,-576000000.0,,,-1111000000.0,-923000000.0,
2023-09-30,26793000000.0,17822000000.0,8971000000.0,320000000.0,6181000000.0,,,,1710000000.0,-323000000.0,1849000000.0,2.7,2.69,684300000.0,687400000.0,835000000.0,,6006000000.0,2776000000.0,1088000000.0,,1120000000.0,10737000000.0,,3136000000.0,17936000000.0,4888000000.0,4489000000.0,42242000000.0,4268000000.0,2832000000.0,1996000000.0,11084000000.0,,,,5368000000.0,,1384000000.0,-955000000.0,16545000000.0,42242000000.0,848000000.0,111000000.0,-676000000.0,168000000.0,81000000.0,,216000000.0,,,,2221000000.0,,,,,726000000.0,539000000.0,,-49000000.0,-1184000000.0,,,-2174000000.0,-1142000000.0,430000000.0
2023-12-31,6094000000.0,4102000000.0,1992000000.0,,1513000000.0,,,,403000000.0,-1000000.0,374000000.0,0.55,0.55,680700000.0,682400000.0,1801000000.0,,6045000000.0,3006000000.0,,,1202000000.0,12054000000.0,,3131000000.0,18124000000.0,4835000000.0,4693000000.0,43981000000.0,3976000000.0,2727000000.0,2122000000.0,12409000000.0,,,,5468000000.0,,1506000000.0,-933000000.0,16698000000.0,43981000000.0,231000000.0,30000000.0,-70000000.0,-61000000.0,203000000.0,,191000000.0,,,,-246000000.0,,,,,2000000.0,92000000.0,,-20000000.0,-74000000.0,,,1228000000.0,968000000.0,
2024-03-31,12793000000.0,8620000000.0,4173000000.0,,3764000000.0,,,,-361000000.0,-128000000.0,-277000000.0,-0.41,-0.41,679900000.0,681500000.0,843000000.0,,6688000000.0,2991000000.0,,,1355000000.0,11877000000.0,,3104000000.0,17757000000.0,4717000000.0,4830000000.0,43457000000.0,4019000000.0,3095000000.0,2331000000.0,13599000000.0,,,,5418000000.0,,507000000.0,-1003000000.0,15658000000.0,43457000000.0,467000000.0,56000000.0,-400000000.0,659000000.0,228000000.0,,204000000.0,,,,-449000000.0,,,,,-1000000.0,225000000.0,,-13000000.0,-211000000.0,,,677000000.0,36000000.0,
2024-06-30,20024000000.0,13363000000.0,6661000000.0,,4854000000.0,,,,1321000000.0,227000000.0,1072000000.0,1.58,1.58,676700000.0,678600000.0,862000000.0,,6667000000.0,2863000000.0,,,1556000000.0,12153000000.0,,3011000000.0,17676000000.0,4315000000.0,4629000000.0,43325000000.0,4128000000.0,2771000000.0,2143000000.0,12724000000.0,,,,5163000000.0,,831000000.0,-1051000000.0,15968000000.0,43325000000.0,687000000.0,84000000.0,-389000000.0,763000000.0,215000000.0,,553000000.0,,,,572000000.0,,,,,-1000000.0,324000000.0,,-13000000.0,-310000000.0,,,-322000000.0,-31000000.0,
2024-09-30,22952000000.0,14875000000.0,8077000000.0,267000000.0,5661000000.0,,,,1522000000.0,111000000.0,1705000000.0,2.53,2.52,673800000.0,676000000.0,606000000.0,,6051000000.0,1774000000.0,1668000000.0,,1153000000.0,11179000000.0,,2403000000.0,16725000000.0,4130000000.0,5048000000.0,42695000000.0,3389000000.0,2438000000.0,2160000000.0,11955000000.0,,,,4753000000.0,,848000000.0,-964000000.0,16098000000.0,42695000000.0,816000000.0,107000000.0,-407000000.0,537000000.0,17000000.0,,482000000.0,,,,1568000000.0,,,,,3000000.0,494000000.0,,33000000.0,-184000000.0,,,-1948000000.0,-150000000.0,704000000.0
