Date,Net sales,Cost of sales,Gross margin,Research and development,"Selling, general and administrative",Total operating expenses,Operating income,"Other income/(expense), net",Income before provision for income taxes,Provision for income taxes,Net income,Earnings per share basic,Earnings per share diluted,Weighted-average basic,Weighted-average diluted,Cash and cash equivalents,Short-term marketable securities,"Accounts receivable, net",Inventories,Deferred tax assets,Vendor non-trade receivables,Other current assets,Total current assets,Long-term marketable securities,"Property, Plant and Equipment, Net",Goodwill,"Acquired intangible assets, net","Other Assets, Noncurrent",Total assets,accounts payable,Accrued expenses,Deferred revenue,Total current liabilities,Deferred revenue - non-current,deferred tax liabilities,long term taxes payable,Total other non-current liabilities,Total liabilities,Retained Earnings (Accumulated Deficit),Accumulated other comprehensive (loss)/income,Total shareholders equity,Total liabilities and shareholders' equity,"Depreciation, amortization and accretion",Stock-based compensation expense,Deferred income tax expense,"Increase (Decrease) in Accounts receivable, net",Increase (Decrease) in Inventories,Increase (Decrease) in Other Receivables,Increase (Decrease) in Other Operating Assets,Increase (Decrease) in Accounts Payable,Increase (Decrease) in Deferred Revenue,Increase (Decrease) Other liabilities,Cash generated by operating activities,Purchases of marketable securities,Proceeds from maturities of marketable securities,Proceeds from sales of marketable securities,Purchases of other long-term investments,"Business acquisitions, net of cash acquired",Cash payments for capital asset purchases,Payments for acquisition of intangible assets,Payments for (Proceeds from) Other Investing Activities,Cash used in investing activities,Proceeds from issuance of common stock,Excess tax benefits from stock-based compensation,Cash generated/used in financing activities,Increase/(decrease) in cash and cash equivalents,"Cash paid for income taxes, net"
2010-09-30,234822000.0,137789000.0,97033000.0,15390000.0,,44258000.0,52775000.0,,49900000.0,18129000.0,31771000.0,0.37,0.37,85469000.0,86147000.0,46766000.0,,,,,,35645000.0,248754000.0,,274471000.0,537106000.0,,24730000.0,1415505000.0,8633000.0,37915000.0,220965000.0,305040000.0,14373000.0,75111000.0,,8395000.0,638341000.0,747791000.0,,777164000.0,1415505000.0,,933000.0,522000.0,74951000.0,,,,-4867000.0,-40279000.0,,75363000.0,,,,,,-10023000.0,,-999000.0,-16181000.0,,117000.0,-137934000.0,-78752000.0,
2010-12-31,477457000.0,277605000.0,199852000.0,31227000.0,,92088000.0,107764000.0,,102434000.0,34618000.0,67816000.0,0.79,0.79,85770000.0,86523000.0,46871000.0,,,,,,33273000.0,239063000.0,,270984000.0,533520000.0,,27250000.0,1397646000.0,8026000.0,40720000.0,174920000.0,249258000.0,15096000.0,74687000.0,,9569000.0,578499000.0,775690000.0,,819147000.0,1397646000.0,,2206000.0,1082000.0,-81623000.0,,,,-5475000.0,-85601000.0,,85829000.0,,,,,0.0,15452000.0,,2000000.0,-27585000.0,,-589000.0,-136891000.0,-78647000.0,
2011-03-31,717642000.0,422500000.0,295142000.0,46943000.0,,136875000.0,158267000.0,,151288000.0,50391000.0,100897000.0,1.18,1.17,86218000.0,86972000.0,54383000.0,,,,,,33929000.0,231754000.0,,270124000.0,533520000.0,,26133000.0,1384786000.0,8754000.0,42110000.0,122296000.0,207152000.0,15311000.0,78604000.0,,9610000.0,535264000.0,799715000.0,,849522000.0,1384786000.0,,3438000.0,5001000.0,-92921000.0,,,,-4746000.0,-138010000.0,,115158000.0,,,,,0.0,24216000.0,,2999000.0,-43494000.0,,-982000.0,-142799000.0,-71135000.0,
2011-12-31,504196000.0,292360000.0,211836000.0,30011000.0,,93251000.0,118585000.0,,115915000.0,40916000.0,74999000.0,0.87,0.86,86572000.0,87371000.0,95202000.0,,,,,,,308773000.0,,278233000.0,533520000.0,,29430000.0,1463602000.0,7527000.0,48311000.0,171394000.0,277361000.0,19926000.0,93214000.0,,10547000.0,519155000.0,884054000.0,,944447000.0,1463602000.0,,3014000.0,,-80910000.0,,,,-5302000.0,-103784000.0,,96261000.0,,,,,,18913000.0,670000.0,,-32637000.0,1552000.0,980000.0,-31547000.0,32077000.0,19145000.0
2012-03-31,760500000.0,445281000.0,315219000.0,45482000.0,,140136000.0,175083000.0,,171035000.0,59378000.0,111657000.0,1.29,1.28,86824000.0,87592000.0,89771000.0,,,,,,,292963000.0,,273106000.0,533520000.0,,29393000.0,1444035000.0,10236000.0,49549000.0,118039000.0,221707000.0,20228000.0,99407000.0,,11419000.0,465244000.0,910715000.0,,978791000.0,1444035000.0,,4886000.0,,-89139000.0,,,,-2593000.0,-156837000.0,,118017000.0,,,,,,26555000.0,720000.0,,-49358000.0,2416000.0,3006000.0,-42013000.0,26646000.0,34728000.0
2012-06-30,1027109000.0,603379000.0,423730000.0,60876000.0,,187495000.0,236235000.0,,231668000.0,76684000.0,154984000.0,1.79,1.78,86599000.0,87287000.0,157313000.0,,,,-127188000.0,,,468649000.0,,276730000.0,533520000.0,,30523000.0,1619492000.0,16317000.0,58260000.0,275907000.0,402243000.0,20093000.0,100932000.0,,7002000.0,636436000.0,944078000.0,,983056000.0,1619492000.0,,6950000.0,,10795000.0,,,,3488000.0,896000.0,,264550000.0,,,,,0.0,41441000.0,720000.0,,-76262000.0,3322000.0,3465000.0,-94100000.0,94188000.0,
2012-09-30,271001000.0,155073000.0,115928000.0,14645000.0,,48412000.0,67516000.0,,66362000.0,23887000.0,42475000.0,0.49,0.49,86109000.0,86605000.0,223688000.0,,,,,,,450729000.0,,279055000.0,533520000.0,,28873000.0,1602684000.0,10518000.0,47475000.0,228703000.0,355371000.0,18905000.0,104003000.0,,7159000.0,586669000.0,976642000.0,,1016015000.0,1602684000.0,,1734000.0,,-81478000.0,,,,-5799000.0,-48392000.0,,101849000.0,,,,,,6794000.0,186000.0,,-18495000.0,949000.0,1743000.0,-16979000.0,66375000.0,1229000.0
2012-12-31,549696000.0,311531000.0,238165000.0,30337000.0,,111222000.0,126943000.0,,124719000.0,41738000.0,82981000.0,0.96,0.96,86097000.0,86639000.0,192854000.0,,,,,,,408936000.0,,286420000.0,533291000.0,,29589000.0,1569508000.0,11607000.0,51462000.0,182715000.0,299756000.0,13404000.0,106525000.0,,4333000.0,522945000.0,1007246000.0,,1046563000.0,1569508000.0,,4109000.0,,-89193000.0,,,,-4710000.0,-99881000.0,,119168000.0,,,,,,18957000.0,186000.0,,-42704000.0,1672000.0,2354000.0,-40923000.0,35541000.0,33361000.0
2013-03-31,831238000.0,478483000.0,352755000.0,46333000.0,,160103000.0,192652000.0,,189527000.0,60551000.0,128976000.0,1.5,1.49,86120000.0,86705000.0,182051000.0,,,,,,,392764000.0,,291329000.0,533291000.0,,29553000.0,1563441000.0,11331000.0,55183000.0,129421000.0,260791000.0,13524000.0,108755000.0,,5476000.0,483601000.0,1042054000.0,,1079840000.0,1563441000.0,,6121000.0,,-91735000.0,,,,-4986000.0,-153055000.0,,152425000.0,,,,,,28413000.0,186000.0,,-66031000.0,2678000.0,3339000.0,-61656000.0,24738000.0,44455000.0
2013-06-30,1129386000.0,652394000.0,476992000.0,63202000.0,,211445000.0,265547000.0,,259850000.0,83205000.0,176645000.0,2.05,2.04,86040000.0,86619000.0,127905000.0,,,,-151279000.0,,,447885000.0,,300511000.0,533291000.0,,30411000.0,1629155000.0,11701000.0,68528000.0,293255000.0,412258000.0,11342000.0,120434000.0,,5586000.0,556986000.0,1072521000.0,,1072169000.0,1629155000.0,,8615000.0,,12739000.0,,,,-4582000.0,8597000.0,,309174000.0,,,,,,46256000.0,186000.0,,-97244000.0,3700000.0,3621000.0,-241338000.0,-29408000.0,
2013-09-30,295661000.0,166936000.0,128725000.0,15673000.0,,51381000.0,77344000.0,,77195000.0,27407000.0,49788000.0,0.58,0.58,85294000.0,85854000.0,181787000.0,,,,,,,430459000.0,,295635000.0,533291000.0,,31007000.0,1615142000.0,13914000.0,52164000.0,241986000.0,365243000.0,10446000.0,122296000.0,,5833000.0,510361000.0,1105255000.0,,1104781000.0,1615142000.0,,1922000.0,,-78489000.0,,,,2213000.0,-52165000.0,,97690000.0,,,,,,7351000.0,0.0,,-21908000.0,1070000.0,2947000.0,-21900000.0,53882000.0,
2013-12-31,598185000.0,336644000.0,261541000.0,31814000.0,,100725000.0,160816000.0,,160530000.0,56760000.0,103770000.0,1.22,1.21,85450000.0,85986000.0,155501000.0,,,,,,,382711000.0,,299016000.0,533291000.0,,32665000.0,1582144000.0,10731000.0,51293000.0,189466000.0,289546000.0,10838000.0,124302000.0,,6322000.0,436697000.0,1142145000.0,,1145447000.0,1582144000.0,,4541000.0,,-94694000.0,,,,-970000.0,-104293000.0,,131316000.0,,,,,,21866000.0,0.0,,-55052000.0,1974000.0,3152000.0,-48668000.0,27596000.0,
2014-03-31,899114000.0,513042000.0,386072000.0,49300000.0,,153873000.0,232199000.0,,231735000.0,81208000.0,150527000.0,1.77,1.76,85242000.0,85769000.0,52244000.0,,,,,,,278985000.0,,299153000.0,552059000.0,,35381000.0,1514472000.0,7098000.0,58137000.0,144545000.0,254448000.0,9195000.0,125983000.0,,6684000.0,399932000.0,1170278000.0,,1114540000.0,1514472000.0,,7303000.0,,-91529000.0,,,,-4670000.0,-151331000.0,,161436000.0,,,,,27894000.0,27696000.0,0.0,,-106074000.0,3081000.0,3320000.0,-131023000.0,-75661000.0,
2014-06-30,1210053000.0,691424000.0,518629000.0,66748000.0,,206630000.0,311999000.0,,311271000.0,110135000.0,201136000.0,2.37,2.36,84866000.0,85396000.0,70377000.0,,,,172510000.0,,,384381000.0,,291675000.0,552761000.0,,38121000.0,1624292000.0,10516000.0,63299000.0,312002000.0,428816000.0,8985000.0,134918000.0,,9683000.0,586131000.0,1202406000.0,,1038161000.0,1624292000.0,,10091000.0,,-7498000.0,,,,-1252000.0,15072000.0,,341659000.0,,,,,27894000.0,33185000.0,0.0,,-131780000.0,4284000.0,3406000.0,-267407000.0,-57528000.0,
2014-09-30,318819000.0,180471000.0,138348000.0,16791000.0,,55709000.0,82639000.0,,82430000.0,29668000.0,52762000.0,0.64,0.64,82195000.0,82589000.0,39402000.0,,,,,,,302119000.0,,301132000.0,552761000.0,,37389000.0,1558054000.0,8316000.0,58038000.0,260552000.0,389152000.0,9017000.0,136576000.0,,10349000.0,546135000.0,1237126000.0,,1011919000.0,1558054000.0,,2068000.0,,-64931000.0,,,,-2200000.0,-51418000.0,,93148000.0,,,,,,21485000.0,,,-42881000.0,1154000.0,3801000.0,-81242000.0,-30975000.0,
2014-12-31,612767000.0,355143000.0,257624000.0,34472000.0,,106335000.0,151289000.0,,150771000.0,50802000.0,99969000.0,1.22,1.22,81813000.0,82112000.0,49332000.0,,,,,,,306781000.0,,295483000.0,550366000.0,,46411000.0,1620971000.0,7889000.0,63882000.0,234939000.0,405259000.0,178142000.0,103066000.0,,11519000.0,698909000.0,1195638000.0,,922062000.0,1620971000.0,,4583000.0,,-76151000.0,,,,-2627000.0,-78332000.0,,126898000.0,,,,,,27389000.0,,,-63399000.0,2161000.0,4006000.0,-84544000.0,-21045000.0,
2015-03-31,922477000.0,533038000.0,389439000.0,51995000.0,,160949000.0,228490000.0,,227335000.0,76656000.0,150679000.0,1.85,1.84,81502000.0,81773000.0,52800000.0,,,,,,,294532000.0,,290720000.0,550366000.0,,48214000.0,1618139000.0,6639000.0,64863000.0,180450000.0,287605000.0,190020000.0,103628000.0,,10076000.0,661529000.0,1226128000.0,,956610000.0,1618139000.0,,7342000.0,,-86626000.0,,,,-3877000.0,-120941000.0,,182487000.0,,,,,0.0,35867000.0,,,-94332000.0,3524000.0,4156000.0,-105732000.0,-17577000.0,
2015-06-30,1256190000.0,720336000.0,535854000.0,71495000.0,,217989000.0,317865000.0,,316440000.0,105219000.0,211221000.0,2.6,2.59,81353000.0,81601000.0,148313000.0,,,,-157257000.0,,,493499000.0,,296332000.0,550366000.0,,52432000.0,1836835000.0,9933000.0,78962000.0,339544000.0,443611000.0,192443000.0,150223000.0,,8922000.0,845301000.0,1266443000.0,,991534000.0,1836835000.0,,10112000.0,,21346000.0,,,,-583000.0,40565000.0,,373790000.0,,,,,0.0,54409000.0,0.0,,-136984000.0,4881000.0,4343000.0,-158870000.0,77936000.0,
2015-09-30,321618000.0,183663000.0,137955000.0,18554000.0,,57418000.0,80537000.0,,80430000.0,29064000.0,51366000.0,0.64,0.64,80545000.0,80735000.0,84485000.0,,,,,,,345425000.0,,295941000.0,556256000.0,,52654000.0,1714197000.0,8116000.0,67158000.0,293775000.0,397226000.0,199579000.0,153880000.0,,9228000.0,759913000.0,1297609000.0,,954284000.0,1714197000.0,,1970000.0,,-97926000.0,,,,-1817000.0,-39702000.0,,126696000.0,,,,,8275000.0,12908000.0,,,-48562000.0,1395000.0,114000.0,-141962000.0,-63828000.0,
2015-12-31,654490000.0,374109000.0,280381000.0,37416000.0,,115057000.0,165324000.0,,165032000.0,54318000.0,110714000.0,1.38,1.38,80009000.0,80252000.0,55126000.0,,,,,,,320017000.0,,302091000.0,556256000.0,38408000.0,57364000.0,1708865000.0,5653000.0,74469000.0,246272000.0,333751000.0,193873000.0,158419000.0,,10348000.0,796391000.0,1337185000.0,,912474000.0,1708865000.0,,5112000.0,,-98487000.0,,,,-4280000.0,-92911000.0,,146979000.0,,,,,8275000.0,31506000.0,,,-93120000.0,2621000.0,301000.0,-147046000.0,-93187000.0,
2016-03-31,987677000.0,568382000.0,419295000.0,57269000.0,,174140000.0,245155000.0,,244430000.0,79833000.0,164597000.0,2.07,2.06,79608000.0,79891000.0,54001000.0,,,,,,,309970000.0,,298023000.0,556256000.0,37724000.0,58944000.0,1702622000.0,7060000.0,69721000.0,202270000.0,279264000.0,180901000.0,183881000.0,,9709000.0,753755000.0,1369003000.0,,948867000.0,1702622000.0,,8213000.0,,-108172000.0,,,,-2873000.0,-149885000.0,,207033000.0,,,,,8275000.0,43300000.0,,,-133597000.0,4117000.0,338000.0,-167748000.0,-94312000.0,
2016-06-30,1354646000.0,773651000.0,580995000.0,81234000.0,,219336000.0,361659000.0,,360536000.0,111669000.0,248867000.0,3.13,3.12,79416000.0,79734000.0,70310000.0,,,,89392000.0,,,431929000.0,,298564000.0,552853000.0,,70461000.0,1815512000.0,14596000.0,85411000.0,343525000.0,443732000.0,177529000.0,188601000.0,,9440000.0,819302000.0,1431192000.0,,996210000.0,1815512000.0,,10720000.0,,13735000.0,,,,4663000.0,4364000.0,,365116000.0,,,,,8275000.0,56325000.0,,,-135963000.0,5711000.0,1306000.0,-307156000.0,-78003000.0,
2016-09-30,345028000.0,194763000.0,150265000.0,19739000.0,,58848000.0,91417000.0,,91383000.0,29139000.0,62244000.0,0.79,0.79,78413000.0,78844000.0,84519000.0,,,,,,,342900000.0,,293237000.0,552853000.0,,75104000.0,1732252000.0,7092000.0,69821000.0,295911000.0,379371000.0,173957000.0,196384000.0,,9951000.0,759663000.0,1471579000.0,,972589000.0,1732252000.0,,1197000.0,,-105495000.0,,,,-7504000.0,-51186000.0,,133371000.0,,,,,0.0,8113000.0,,,-31901000.0,1470000.0,,-87261000.0,14209000.0,
2016-12-31,693581000.0,392908000.0,300673000.0,40611000.0,,120649000.0,180024000.0,,179865000.0,58807000.0,121058000.0,1.55,1.54,78114000.0,78512000.0,64188000.0,,,,,,,323737000.0,,289273000.0,552853000.0,,76773000.0,1718095000.0,15863000.0,67555000.0,245170000.0,328588000.0,162271000.0,197346000.0,,8478000.0,746683000.0,1508668000.0,,971412000.0,1718095000.0,,4230000.0,,-107667000.0,,,,1221000.0,-113612000.0,,163867000.0,,,,,0.0,17405000.0,,,-69703000.0,2774000.0,,-100286000.0,-6122000.0,
2017-03-31,1047349000.0,599636000.0,447713000.0,61413000.0,,178958000.0,268755000.0,,268360000.0,87258000.0,181102000.0,2.32,2.31,77941000.0,78319000.0,42916000.0,,,,,,,299154000.0,,285018000.0,552853000.0,,76983000.0,1686983000.0,5255000.0,69807000.0,194814000.0,269876000.0,143930000.0,203431000.0,,7634000.0,674871000.0,1544653000.0,,1012112000.0,1686983000.0,,7362000.0,,-114420000.0,,,,-9388000.0,-182309000.0,,198867000.0,,,,,0.0,28150000.0,,,-103499000.0,4406000.0,,-122762000.0,-27394000.0,
2017-06-30,1431117000.0,819034000.0,612083000.0,84753000.0,,244381000.0,367702000.0,,366954000.0,121161000.0,245793000.0,3.16,3.14,77856000.0,78255000.0,114765000.0,,,,74865000.0,,,520031000.0,,282934000.0,552465000.0,,82525000.0,1908945000.0,6841000.0,81574000.0,382777000.0,471192000.0,128607000.0,219541000.0,,7554000.0,876894000.0,1585278000.0,,1032051000.0,1908945000.0,,11129000.0,,22499000.0,,,,-7812000.0,-8800000.0,,357322000.0,,,,,0.0,41947000.0,,,-141586000.0,6245000.0,,-171281000.0,44455000.0,
2017-09-30,359934000.0,204715000.0,,20929000.0,43733000.0,267672000.0,92262000.0,,92220000.0,28809000.0,63411000.0,0.82,0.82,77283000.0,77646000.0,104040000.0,,,,,,,403871000.0,,273834000.0,558831000.0,,84699000.0,1796345000.0,8857000.0,72685000.0,324516000.0,414740000.0,115049000.0,220900000.0,,7843000.0,758532000.0,1624785000.0,,1037813000.0,1796345000.0,,1513000.0,,-105243000.0,,,,2000000.0,-72074000.0,,138722000.0,,,,,10455000.0,3708000.0,,,-40285000.0,1792000.0,,-109162000.0,-10725000.0,
2017-12-31,734690000.0,416368000.0,,43343000.0,89346000.0,547163000.0,187527000.0,,187381000.0,-60413000.0,218985000.0,2.83,2.82,77250000.0,77606000.0,57719000.0,,,,,,,369600000.0,,272086000.0,652329000.0,,90641000.0,1917076000.0,13135000.0,75397000.0,265222000.0,353754000.0,110466000.0,166789000.0,,12067000.0,743076000.0,1756419000.0,,1174000000.0,1917076000.0,,4609000.0,,-115572000.0,,,,5371000.0,-136206000.0,,176908000.0,,,,,137654000.0,12249000.0,,,-202309000.0,3360000.0,,-31645000.0,-57046000.0,
2018-03-31,1119374000.0,637960000.0,,65934000.0,133532000.0,835532000.0,283842000.0,,283093000.0,23317000.0,291380000.0,3.77,3.76,77249000.0,77586000.0,57402000.0,,,,,,,362030000.0,,261220000.0,652245000.0,,99891000.0,1905368000.0,7332000.0,82790000.0,199116000.0,289238000.0,106420000.0,169324000.0,,12301000.0,682283000.0,1800229000.0,,1223085000.0,1905368000.0,,7834000.0,,-113465000.0,,,,-432000.0,-206358000.0,,234872000.0,,,,,137654000.0,17858000.0,,,-239055000.0,5370000.0,,-53180000.0,-57363000.0,
2018-06-30,1536603000.0,873642000.0,,90340000.0,182146000.0,1144234000.0,392369000.0,,391024000.0,14364000.0,376660000.0,4.88,4.85,77252000.0,77585000.0,31440000.0,,,,34725000.0,,,468536000.0,,286850000.0,649929000.0,,107775000.0,2050303000.0,34510000.0,97848000.0,355538000.0,487896000.0,93094000.0,189613000.0,,12872000.0,783475000.0,1856917000.0,,1266828000.0,2050303000.0,,11758000.0,,9219000.0,,,,11072000.0,-63262000.0,,412142000.0,,,,5000000.0,137562000.0,40135000.0,,,-291826000.0,7523000.0,,-203641000.0,-83325000.0,
2018-09-30,392543000.0,220112000.0,,24026000.0,45183000.0,289321000.0,103222000.0,,103366000.0,19815000.0,83551000.0,1.08,1.08,77188000.0,77537000.0,114872000.0,,,,,,,457839000.0,,286497000.0,649929000.0,,119500000.0,2033102000.0,10477000.0,113074000.0,296675000.0,420226000.0,,209033000.0,,14190000.0,664538000.0,1967921000.0,,1368564000.0,2033102000.0,,1771000.0,,-98708000.0,,,,-9932000.0,-52151000.0,,146734000.0,,,,,0.0,24001000.0,,,-52263000.0,2217000.0,,-11039000.0,83432000.0,
2018-12-31,778818000.0,447396000.0,,48016000.0,91979000.0,587391000.0,191427000.0,,191674000.0,40034000.0,151640000.0,1.96,1.96,77216000.0,77474000.0,26156000.0,,,,,,,362639000.0,,283454000.0,666770000.0,,129562000.0,1971777000.0,6597000.0,92614000.0,240863000.0,340074000.0,,210489000.0,,14486000.0,579822000.0,2007469000.0,,1391955000.0,1971777000.0,,5146000.0,,-113563000.0,,,,-14685000.0,-115014000.0,,192044000.0,,,,,19981000.0,32968000.0,,,-109653000.0,4189000.0,,-87675000.0,-5284000.0,25211000.0
2019-03-31,1159182000.0,682990000.0,,71458000.0,136866000.0,891314000.0,267868000.0,,268045000.0,57153000.0,210892000.0,2.73,2.72,77194000.0,77411000.0,35398000.0,,,,,,,388556000.0,,279948000.0,666858000.0,,133639000.0,2002879000.0,10907000.0,95959000.0,188999000.0,330865000.0,,212608000.0,,14494000.0,576876000.0,2035855000.0,,1426003000.0,2002879000.0,,8651000.0,,-107535000.0,,,,-10254000.0,-162742000.0,,233369000.0,,,,,19981000.0,42417000.0,20000.0,,-148027000.0,6659000.0,,-81384000.0,3958000.0,47644000.0
2019-06-30,1552691000.0,923030000.0,,96378000.0,185998000.0,1205406000.0,347285000.0,,347235000.0,75350000.0,271885000.0,3.52,3.52,77160000.0,77347000.0,93628000.0,,,,30924000.0,,,569448000.0,,272474000.0,666944000.0,,134743000.0,2184829000.0,9850000.0,120360000.0,339752000.0,469962000.0,,217010000.0,,14290000.0,755816000.0,2066073000.0,,1429013000.0,2184829000.0,,12589000.0,,11777000.0,,,,-7526000.0,23656000.0,,431128000.0,,,,,19981000.0,53598000.0,20000.0,,-190635000.0,9040000.0,,-178305000.0,62188000.0,
2019-09-30,438005000.0,245791000.0,,24591000.0,49436000.0,319818000.0,118187000.0,,118539000.0,29169000.0,89370000.0,1.16,1.16,76972000.0,77067000.0,96679000.0,,,,,,,484123000.0,,274531000.0,686030000.0,,212253000.0,2225978000.0,13621000.0,106752000.0,266831000.0,393078000.0,,221962000.0,,75555000.0,749318000.0,2124672000.0,,1476660000.0,2225978000.0,,2853000.0,,-77123000.0,,,,1865000.0,-68939000.0,,123052000.0,,,,,30285000.0,13101000.0,,,-75425000.0,2412000.0,,-44576000.0,3051000.0,1090000.0
2019-12-31,857124000.0,495058000.0,,51778000.0,98396000.0,645232000.0,211892000.0,,212433000.0,50965000.0,161468000.0,2.1,2.1,76926000.0,77001000.0,72513000.0,,,,,,,427731000.0,,278695000.0,686332000.0,,218564000.0,2187439000.0,10670000.0,116383000.0,215425000.0,343154000.0,,223737000.0,,72223000.0,700693000.0,2166039000.0,,1486746000.0,2187439000.0,,6998000.0,,-106782000.0,,,,-262000.0,-117489000.0,,215013000.0,,,,,30376000.0,30758000.0,,,-125395000.0,4603000.0,,-110733000.0,-21115000.0,26262000.0
2020-03-31,1286530000.0,753629000.0,,80086000.0,145890000.0,982700000.0,303830000.0,,304403000.0,69080000.0,235323000.0,3.06,3.06,76845000.0,76962000.0,109514000.0,,212060000.0,,,,,479650000.0,,277091000.0,686333000.0,,213110000.0,2229419000.0,11673000.0,126337000.0,160317000.0,298408000.0,,,,67187000.0,715556000.0,2206910000.0,,1513863000.0,2229419000.0,,11688000.0,,-99425000.0,,,,-2129000.0,-168066000.0,,276453000.0,,,,,30376000.0,39563000.0,0.0,,-153400000.0,7201000.0,,-107167000.0,,49970000.0
2020-06-30,1697067000.0,1008464000.0,,109988000.0,197988000.0,1316440000.0,380627000.0,,381076000.0,84408000.0,296668000.0,3.86,3.86,76787000.0,76934000.0,213345000.0,,300945000.0,,51327000.0,,,669101000.0,,273432000.0,686334000.0,,220591000.0,2428474000.0,9880000.0,166689000.0,318161000.0,494845000.0,,,,68274000.0,878786000.0,2235320000.0,,1549688000.0,2428474000.0,,16883000.0,,-10540000.0,,,,-47000.0,-4871000.0,,510532000.0,,,,,30376000.0,53538000.0,0.0,,-197906000.0,9833000.0,,-192909000.0,,
2020-09-30,451800000.0,262929000.0,,26057000.0,45226000.0,334212000.0,117588000.0,,117539000.0,26323000.0,91216000.0,1.19,1.19,76507000.0,76713000.0,195320000.0,,223013000.0,,,,,574539000.0,,263710000.0,686334000.0,,225154000.0,2335076000.0,6835000.0,144774000.0,254764000.0,407377000.0,,,,69644000.0,791326000.0,2293228000.0,,1543750000.0,2335076000.0,,4625000.0,,-77439000.0,,,,-2244000.0,-67113000.0,,114477000.0,,,,,0.0,4478000.0,,,-31188000.0,2907000.0,,-101314000.0,,455000.0
2020-12-31,874161000.0,520711000.0,,52837000.0,89393000.0,662941000.0,211220000.0,,211105000.0,47907000.0,163198000.0,2.14,2.13,76354000.0,76496000.0,147762000.0,,212934000.0,,,,,518484000.0,,257883000.0,685973000.0,,233865000.0,2286709000.0,11569000.0,145878000.0,193409000.0,350973000.0,,,,68285000.0,741530000.0,2332509000.0,,1545179000.0,2286709000.0,,9752000.0,,-87518000.0,,,,16000.0,-126134000.0,,193984000.0,,,,,0.0,9543000.0,,,-82544000.0,5138000.0,,-177023000.0,,24794000.0
2021-03-31,1307938000.0,788481000.0,,80233000.0,136801000.0,1005515000.0,302423000.0,,302042000.0,67435000.0,234607000.0,3.09,3.08,76022000.0,76141000.0,70116000.0,,207736000.0,,,,,442669000.0,,248041000.0,687458000.0,,234838000.0,2211499000.0,7833000.0,152669000.0,141110000.0,301729000.0,,,,66076000.0,896056000.0,2369656000.0,,1315443000.0,2211499000.0,,14959000.0,,-92716000.0,,,,-1529000.0,-177021000.0,,266315000.0,,,,,2300000.0,14916000.0,,,-126140000.0,8019000.0,,-283404000.0,,40440000.0
2021-06-30,1758225000.0,1063399000.0,,109047000.0,187060000.0,1359506000.0,398719000.0,,397725000.0,86256000.0,311469000.0,4.12,4.12,75546000.0,75658000.0,50992000.0,,306564000.0,,51782000.0,,,543737000.0,,252481000.0,687458000.0,,249210000.0,2336156000.0,18485000.0,182517000.0,319748000.0,520860000.0,,,,59311000.0,1016864000.0,2412496000.0,,1319292000.0,2336156000.0,,20746000.0,,6112000.0,,,,-94000.0,6541000.0,,462129000.0,,,,,2300000.0,22988000.0,0.0,,-162250000.0,10931000.0,,-462232000.0,,
2021-09-30,488056000.0,276636000.0,,26754000.0,51071000.0,354461000.0,133595000.0,,133354000.0,31240000.0,102114000.0,1.38,1.38,74016000.0,74142000.0,44251000.0,,253160000.0,,,,,490961000.0,,241157000.0,687458000.0,,248918000.0,2280911000.0,14015000.0,147073000.0,268840000.0,430038000.0,,,,57207000.0,885246000.0,2480574000.0,,1395665000.0,2280911000.0,,6071000.0,,-53404000.0,,,,2859000.0,-60662000.0,,106549000.0,,,,,,9273000.0,,,-46451000.0,3177000.0,,-66839000.0,,15187000.0
2021-12-31,981952000.0,559460000.0,,56670000.0,106565000.0,722695000.0,259257000.0,,258574000.0,60791000.0,197783000.0,2.68,2.68,73798000.0,73920000.0,29120000.0,,236096000.0,,,,,467032000.0,,241409000.0,687458000.0,,260186000.0,2280802000.0,14155000.0,150363000.0,208733000.0,373354000.0,,,,56050000.0,1008806000.0,2542583000.0,,1271996000.0,2280802000.0,,13027000.0,,-70468000.0,,,,2995000.0,-119822000.0,,197351000.0,,,,,,22373000.0,,,-101052000.0,5505000.0,,-118171000.0,,40687000.0
2022-03-31,1460212000.0,841799000.0,,87394000.0,160172000.0,1089365000.0,370847000.0,,369476000.0,86986000.0,282490000.0,3.84,3.84,73477000.0,73619000.0,39797000.0,,222696000.0,,,,,470898000.0,,215331000.0,687458000.0,,263937000.0,2272103000.0,14415000.0,155476000.0,150169000.0,320161000.0,,,,54449000.0,943495000.0,2591610000.0,,1328608000.0,2272103000.0,,19303000.0,,-83868000.0,,,,2609000.0,-177987000.0,,301397000.0,,,,,0.0,28386000.0,,,-145024000.0,8524000.0,,-167568000.0,,44245000.0
2022-06-30,1942884000.0,1128614000.0,,121355000.0,218296000.0,1468265000.0,474619000.0,,472267000.0,109351000.0,362916000.0,4.95,4.94,73324000.0,73486000.0,,,348072000.0,,48808000.0,,,613524000.0,,211709000.0,687458000.0,,293526000.0,2455564000.0,21034000.0,192042000.0,330687000.0,543830000.0,,,,50996000.0,1073941000.0,2636342000.0,,1381623000.0,2455564000.0,,24780000.0,,41508000.0,,,,6646000.0,6572000.0,,504631000.0,,,,,0.0,34659000.0,,,-196344000.0,11773000.0,,-310492000.0,,
2022-09-30,529202000.0,298261000.0,,32993000.0,57225000.0,388479000.0,140723000.0,,139299000.0,32750000.0,106549000.0,1.46,1.46,72896000.0,73138000.0,31970000.0,,247541000.0,,,,,485097000.0,,208307000.0,804155000.0,,300924000.0,2578460000.0,20445000.0,147679000.0,274772000.0,470331000.0,,,,51332000.0,1117322000.0,2707182000.0,,1461138000.0,2578460000.0,,6998000.0,,-101509000.0,,,,-2168000.0,-65130000.0,,136831000.0,,,,,228986000.0,7737000.0,,,-249594000.0,3233000.0,,95946000.0,,2828000.0
2022-12-31,1034516000.0,602849000.0,,69554000.0,114013000.0,786416000.0,248100000.0,,244510000.0,57186000.0,187324000.0,2.57,2.56,72962000.0,73144000.0,25763000.0,,246378000.0,,,,,469228000.0,,203360000.0,804797000.0,,309178000.0,2578277000.0,13198000.0,147908000.0,214742000.0,407537000.0,,,,49630000.0,1067287000.0,2752212000.0,,1510990000.0,2578277000.0,,14544000.0,,-102672000.0,,,,-7696000.0,-125433000.0,,190711000.0,,,,,229628000.0,17376000.0,,,-301192000.0,5684000.0,,87457000.0,,37213000.0
2023-03-31,1543069000.0,910195000.0,,104179000.0,172205000.0,1186579000.0,356490000.0,,350624000.0,81751000.0,268873000.0,3.69,3.68,72935000.0,73119000.0,26552000.0,,238364000.0,,,,,488194000.0,,199787000.0,804797000.0,,312458000.0,2607597000.0,13789000.0,150005000.0,156761000.0,320556000.0,,,,48087000.0,1069288000.0,2795869000.0,,1538309000.0,2607597000.0,,21459000.0,,-110686000.0,,,,-5654000.0,-184130000.0,,207031000.0,,,,,229628000.0,27237000.0,,,-355561000.0,9006000.0,,126295000.0,,103251000.0
2023-06-30,2077702000.0,1219062000.0,,142678000.0,235274000.0,1597014000.0,480688000.0,,474574000.0,107928000.0,366646000.0,5.03,5.02,72918000.0,73096000.0,,,361252000.0,,49427000.0,,,627962000.0,,205664000.0,804797000.0,,322698000.0,2773826000.0,19156000.0,172629000.0,331974000.0,523759000.0,,,,54371000.0,1165316000.0,2855751000.0,,1608510000.0,2773826000.0,,28611000.0,,12067000.0,,,,-6277000.0,-10547000.0,,381559000.0,,,,,229628000.0,39179000.0,,,-409673000.0,12371000.0,,-8430000.0,,
2023-09-30,571368000.0,323002000.0,,36892000.0,78774000.0,438668000.0,132700000.0,,133248000.0,31569000.0,101679000.0,1.4,1.39,72869000.0,73014000.0,31467000.0,,288733000.0,,,,,563496000.0,,202847000.0,804797000.0,,334825000.0,2734223000.0,20286000.0,157945000.0,261656000.0,470565000.0,,,,52705000.0,1074275000.0,2919567000.0,,1659948000.0,2734223000.0,,7148000.0,,-72519000.0,,,,-1234000.0,-66322000.0,,157139000.0,,,,,0.0,7612000.0,,,-50526000.0,3418000.0,,-87389000.0,,2569000.0
2023-12-31,1117069000.0,643981000.0,,72370000.0,149051000.0,865402000.0,251667000.0,,253471000.0,59827000.0,193644000.0,2.66,2.65,72854000.0,72999000.0,26709000.0,,270551000.0,,,,,554267000.0,,204846000.0,804797000.0,,353248000.0,2753976000.0,18729000.0,174084000.0,196794000.0,404024000.0,,,,70260000.0,1029589000.0,2973673000.0,,1724387000.0,2753976000.0,,15480000.0,,-90702000.0,,,,277000.0,-130529000.0,,238672000.0,,,,,0.0,24458000.0,,,-110959000.0,6036000.0,,-113247000.0,,52018000.0
2024-03-31,1655631000.0,972205000.0,,108363000.0,211298000.0,1291866000.0,363765000.0,,367635000.0,86892000.0,280743000.0,3.85,3.85,72872000.0,73031000.0,27254000.0,,263416000.0,,,,,522562000.0,,215733000.0,804797000.0,,383504000.0,2770498000.0,26902000.0,180319000.0,147328000.0,375043000.0,,,,69801000.0,990567000.0,3020702000.0,,1779931000.0,2770498000.0,,22404000.0,,-97835000.0,,,,-3800000.0,-185784000.0,,336242000.0,,,,,0.0,34347000.0,,,-164505000.0,9409000.0,,-156726000.0,,70686000.0
2024-06-30,2215543000.0,1299477000.0,,148256000.0,278419000.0,1726152000.0,489391000.0,,498019000.0,116203000.0,381816000.0,5.24,5.23,72867000.0,73025000.0,,,333033000.0,,58279000.0,,,632018000.0,,215069000.0,804797000.0,,417621000.0,2924481000.0,25314000.0,200770000.0,317730000.0,633814000.0,,,,73579000.0,1082117000.0,3081690000.0,,1842364000.0,2924481000.0,,28873000.0,,-28219000.0,,,,5435000.0,-10797000.0,,568041000.0,,,,,0.0,58118000.0,,,-240165000.0,12475000.0,,-301835000.0,,
2024-09-30,600982000.0,343432000.0,,39686000.0,66588000.0,449706000.0,151276000.0,,156798000.0,37607000.0,119191000.0,1.63,1.63,72905000.0,73078000.0,43212000.0,,306660000.0,,,,,634503000.0,,212253000.0,804797000.0,,413758000.0,2928511000.0,20492000.0,180201000.0,248977000.0,570690000.0,,,,72761000.0,1003483000.0,3160777000.0,,1925028000.0,2928511000.0,,6705000.0,,-26373000.0,,,,-9116000.0,-69358000.0,,116896000.0,,,,,,12801000.0,,,-58736000.0,3040000.0,,-53232000.0,,3006000.0
,,,,,,,,,,,,,,,,,,,,,,,,,,,,,,,,,,,,,,,,,,,,,,,,,,,,,,,,,,,,,,,,,,,
,,,,,,,,,,,,,,,,,,,,,,,,,,,,,,,,,,,,,,,,,,,,,,,,,,,,,,,,,,,,,,,,,,,
,,,,,,,,,,,,,,,,,,,,,,,,,,,,,,,,,,,,,,,,,,,,,,,,,,,,,,,,,,,,,,,,,,,
,,,,,,,,,,,,,,,,,,,,,,,,,,,,,,,,,,,,,,,,,,,,,,,,,,,,,,,,,,,,,,,,,,,
