Date,Net sales,Cost of sales,Gross margin,Research and development,"Selling, general and administrative",Total operating expenses,Operating income,"Other income/(expense), net",Income before provision for income taxes,Provision for income taxes,Net income,Earnings per share basic,Earnings per share diluted,Weighted-average basic,Weighted-average diluted,Cash and cash equivalents,Short-term marketable securities,"Accounts receivable, net",Inventories,Deferred tax assets,Vendor non-trade receivables,Other current assets,Total current assets,Long-term marketable securities,"Property, Plant and Equipment, Net",Goodwill,"Acquired intangible assets, net","Other Assets, Noncurrent",Total assets,accounts payable,Accrued expenses,Deferred revenue,Total current liabilities,Deferred revenue - non-current,deferred tax liabilities,long term taxes payable,Total other non-current liabilities,Total liabilities,Retained Earnings (Accumulated Deficit),Accumulated other comprehensive (loss)/income,Total shareholders equity,Total liabilities and shareholders' equity,"Depreciation, amortization and accretion",Stock-based compensation expense,Deferred income tax expense,"Increase (Decrease) in Accounts receivable, net",Increase (Decrease) in Inventories,Increase (Decrease) in Other Receivables,Increase (Decrease) in Other Operating Assets,Increase (Decrease) in Accounts Payable,Increase (Decrease) in Deferred Revenue,Increase (Decrease) Other liabilities,Cash generated by operating activities,Purchases of marketable securities,Proceeds from maturities of marketable securities,Proceeds from sales of marketable securities,Purchases of other long-term investments,"Business acquisitions, net of cash acquired",Cash payments for capital asset purchases,Payments for acquisition of intangible assets,Payments for (Proceeds from) Other Investing Activities,Cash used in investing activities,Proceeds from issuance of common stock,Excess tax benefits from stock-based compensation,Cash generated/used in financing activities,Increase/(decrease) in cash and cash equivalents,"Cash paid for income taxes, net"
2010-01-03,,,43450000000.0,,19801000000.0,,,,15755000000.0,3489000000.0,,4.45,4.4,2759500000.0,2789100000.0,15810000000.0,3615000000.0,9646000000.0,5180000000.0,2793000000.0,,,39541000000.0,,14759000000.0,14862000000.0,16323000000.0,3690000000.0,94682000000.0,5541000000.0,5796000000.0,,21731000000.0,,1424000000.0,,5947000000.0,44094000000.0,70306000000.0,-3058000000.0,,94682000000.0,2774000000.0,628000000.0,-436000000.0,453000000.0,95000000.0,,1209000000.0,,,31000000.0,16571000000.0,,,,,2470000000.0,2365000000.0,,109000000.0,-7598000000.0,,,-4092000000.0,5042000000.0,
2010-04-04,,,11103000000.0,,4779000000.0,,,,6280000000.0,1754000000.0,,1.64,1.62,2755400000.0,2797300000.0,13743000000.0,4267000000.0,10018000000.0,5308000000.0,2232000000.0,,,38861000000.0,,14277000000.0,14977000000.0,16799000000.0,3622000000.0,93441000000.0,5126000000.0,4415000000.0,,18499000000.0,,1672000000.0,,6043000000.0,40527000000.0,73184000000.0,-3837000000.0,,93441000000.0,734000000.0,157000000.0,960000000.0,-529000000.0,-193000000.0,,-1088000000.0,,,696000000.0,3690000000.0,,,,,772000000.0,397000000.0,,9000000.0,-1882000000.0,,,-3822000000.0,-2067000000.0,
2010-07-04,,,21803000000.0,,9535000000.0,,,,10500000000.0,2525000000.0,,2.89,2.85,2756600000.0,2796100000.0,12713000000.0,6188000000.0,9629000000.0,5071000000.0,2250000000.0,,,39023000000.0,,13881000000.0,14628000000.0,16459000000.0,3200000000.0,92300000000.0,4871000000.0,4186000000.0,,17164000000.0,,1669000000.0,,6359000000.0,39449000000.0,75252000000.0,-5705000000.0,,92300000000.0,1445000000.0,305000000.0,604000000.0,555000000.0,88000000.0,,704000000.0,,,218000000.0,7527000000.0,,,,,871000000.0,897000000.0,,21000000.0,-4575000000.0,,,-5887000000.0,-3097000000.0,
2010-10-03,,,32191000000.0,,14244000000.0,,,,14719000000.0,3327000000.0,,4.14,4.08,2754200000.0,2792000000.0,14338000000.0,7788000000.0,10290000000.0,5409000000.0,2418000000.0,,,42717000000.0,,14360000000.0,15375000000.0,17068000000.0,3552000000.0,98247000000.0,5477000000.0,4333000000.0,,17414000000.0,,1725000000.0,,6226000000.0,40956000000.0,77272000000.0,-2924000000.0,,98247000000.0,2170000000.0,474000000.0,644000000.0,585000000.0,197000000.0,,310000000.0,,,495000000.0,12561000000.0,,,,,1269000000.0,1425000000.0,,70000000.0,-6450000000.0,,,-7586000000.0,-1472000000.0,
2011-01-02,,,42795000000.0,,19424000000.0,,,,16947000000.0,3613000000.0,1942000000.0,4.85,4.78,2751400000.0,2788800000.0,19355000000.0,8303000000.0,9774000000.0,5378000000.0,9466000000.0,,,47307000000.0,,14553000000.0,15294000000.0,16716000000.0,3942000000.0,102908000000.0,5623000000.0,4100000000.0,,23072000000.0,,1447000000.0,,6567000000.0,46329000000.0,77773000000.0,-3531000000.0,,102908000000.0,2939000000.0,614000000.0,356000000.0,207000000.0,196000000.0,,574000000.0,,,87000000.0,16385000000.0,,,,,1269000000.0,2384000000.0,,38000000.0,-7854000000.0,,,-4980000000.0,3545000000.0,
2011-04-03,,,11395000000.0,,5056000000.0,,,,4510000000.0,1034000000.0,,1.27,1.25,2738400000.0,2772700000.0,22356000000.0,4511000000.0,10861000000.0,6200000000.0,2272000000.0,,,49221000000.0,,15084000000.0,16126000000.0,18687000000.0,3705000000.0,108150000000.0,5701000000.0,4093000000.0,,24011000000.0,,1895000000.0,,7001000000.0,48287000000.0,79515000000.0,-2020000000.0,,108150000000.0,755000000.0,152000000.0,-4000000.0,609000000.0,452000000.0,,970000000.0,,,1111000000.0,2316000000.0,,,,,2049000000.0,436000000.0,,57000000.0,1440000000.0,,,-825000000.0,3001000000.0,
2011-07-03,,,22820000000.0,,10271000000.0,,8264000000.0,,7932000000.0,1680000000.0,,2.28,2.25,2740500000.0,2781300000.0,14974000000.0,14708000000.0,10982000000.0,6413000000.0,2306000000.0,,,52673000000.0,,14974000000.0,16243000000.0,18378000000.0,4193000000.0,112114000000.0,5689000000.0,4405000000.0,,20985000000.0,,1888000000.0,,7227000000.0,49982000000.0,80836000000.0,-1192000000.0,,112114000000.0,1532000000.0,339000000.0,-504000000.0,576000000.0,620000000.0,,920000000.0,,,1199000000.0,6225000000.0,,,,,2049000000.0,1054000000.0,,62000000.0,-9260000000.0,,,-1464000000.0,-4381000000.0,
2011-10-02,,,33753000000.0,,15511000000.0,,12913000000.0,,12043000000.0,2589000000.0,,3.45,3.4,2738500000.0,2778200000.0,15617000000.0,15310000000.0,10552000000.0,6428000000.0,2480000000.0,,,53443000000.0,,14635000000.0,16049000000.0,18225000000.0,3905000000.0,111821000000.0,5730000000.0,4136000000.0,,21686000000.0,,1889000000.0,,7473000000.0,50294000000.0,82634000000.0,-3068000000.0,,111821000000.0,2315000000.0,484000000.0,-849000000.0,489000000.0,787000000.0,,906000000.0,,,1746000000.0,10847000000.0,,,,,2469000000.0,1765000000.0,,331000000.0,-10850000000.0,,,-3696000000.0,-3738000000.0,
2012-01-01,,,44670000000.0,,20969000000.0,,13765000000.0,,12361000000.0,2689000000.0,218000000.0,3.54,3.49,2736000000.0,2775300000.0,24542000000.0,7719000000.0,10581000000.0,6285000000.0,11586000000.0,,,54316000000.0,,14739000000.0,16138000000.0,18138000000.0,3773000000.0,113644000000.0,5725000000.0,4608000000.0,,22811000000.0,,1800000000.0,,10631000000.0,56564000000.0,81251000000.0,-5632000000.0,,113644000000.0,3158000000.0,621000000.0,-836000000.0,915000000.0,715000000.0,,1625000000.0,,,4413000000.0,14298000000.0,,,,,2797000000.0,2893000000.0,,778000000.0,-4612000000.0,,,-4452000000.0,5187000000.0,
2012-04-01,,,11224000000.0,,5015000000.0,,5130000000.0,,5045000000.0,1135000000.0,,1.43,1.41,2736900000.0,2774900000.0,30267000000.0,3580000000.0,10982000000.0,6800000000.0,2695000000.0,,,57007000000.0,,14824000000.0,16339000000.0,18157000000.0,3956000000.0,116194000000.0,5085000000.0,4369000000.0,,21198000000.0,,1846000000.0,,10538000000.0,54828000000.0,83103000000.0,-4540000000.0,,116194000000.0,773000000.0,173000000.0,557000000.0,215000000.0,449000000.0,,754000000.0,,,89000000.0,2795000000.0,,,,,0.0,502000000.0,,2000000.0,4056000000.0,,,-1183000000.0,5725000000.0,
2012-07-01,,,22556000000.0,,9980000000.0,,7788000000.0,,7080000000.0,1762000000.0,,1.94,1.91,2747400000.0,2798200000.0,14042000000.0,2873000000.0,10992000000.0,7697000000.0,3117000000.0,,,41615000000.0,,15622000000.0,21412000000.0,29199000000.0,3891000000.0,115750000000.0,5145000000.0,6533000000.0,,23848000000.0,,2276000000.0,,9487000000.0,55316000000.0,83530000000.0,-6204000000.0,,115750000000.0,1625000000.0,369000000.0,-511000000.0,-155000000.0,618000000.0,,29000000.0,,,-1136000000.0,7523000000.0,,,,,17659000000.0,1100000000.0,,8000000.0,-13405000000.0,,,-4586000000.0,-10500000000.0,
2012-09-30,,,34011000000.0,,15208000000.0,,11613000000.0,,10675000000.0,2728000000.0,8286000000.0,3.02,2.96,2757400000.0,2818100000.0,15486000000.0,4285000000.0,11175000000.0,7809000000.0,3247000000.0,,,44791000000.0,,15845000000.0,21777000000.0,28790000000.0,3521000000.0,118951000000.0,5344000000.0,6498000000.0,,23935000000.0,,2716000000.0,,9207000000.0,55190000000.0,84880000000.0,-4925000000.0,,118951000000.0,2630000000.0,515000000.0,-324000000.0,-94000000.0,593000000.0,,790000000.0,,,-1151000000.0,12020000000.0,,,,,4423000000.0,1782000000.0,,4000000.0,-2007000000.0,,,-19091000000.0,-9056000000.0,
2012-12-30,,,,,,,,,,,,,,,,14911000000.0,6178000000.0,11309000000.0,7495000000.0,12098000000.0,,,46116000000.0,,16097000000.0,22424000000.0,28752000000.0,3417000000.0,121347000000.0,5831000000.0,7299000000.0,,24262000000.0,,3136000000.0,,8552000000.0,56521000000.0,85992000000.0,-5810000000.0,,121347000000.0,,,,,,,,,,,,,,,,,,,,,,,,,
2013-03-31,,,11951000000.0,,5223000000.0,,4482000000.0,,4261000000.0,764000000.0,3497000000.0,1.25,1.22,2790200000.0,2858800000.0,14855000000.0,6813000000.0,11515000000.0,7691000000.0,3094000000.0,,,47228000000.0,,15721000000.0,22349000000.0,28009000000.0,3723000000.0,121536000000.0,5372000000.0,6904000000.0,,22524000000.0,,3619000000.0,,8197000000.0,54681000000.0,87242000000.0,-6689000000.0,,121536000000.0,1036000000.0,194000000.0,365000000.0,434000000.0,288000000.0,,608000000.0,,,-192000000.0,2277000000.0,,,,,168000000.0,586000000.0,,4000000.0,-1403000000.0,,,-777000000.0,-56000000.0,
2013-06-30,35382000000.0,,24339000000.0,,10599000000.0,,9502000000.0,,9054000000.0,1724000000.0,7330000000.0,2.62,2.55,2809700000.0,2893000000.0,17307000000.0,7822000000.0,11614000000.0,7822000000.0,3283000000.0,,,51273000000.0,,15794000000.0,22337000000.0,27704000000.0,2477000000.0,124325000000.0,5687000000.0,6646000000.0,,23767000000.0,,3685000000.0,,8569000000.0,54660000000.0,89449000000.0,-6810000000.0,,124325000000.0,2026000000.0,423000000.0,92000000.0,647000000.0,547000000.0,,437000000.0,,,56000000.0,7328000000.0,,,,,174000000.0,1357000000.0,,16000000.0,-1972000000.0,,,-2754000000.0,2396000000.0,
2013-09-29,52957000000.0,,36570000000.0,,15913000000.0,,13374000000.0,,12721000000.0,2409000000.0,10312000000.0,3.68,3.58,2818400000.0,2881200000.0,17204000000.0,8024000000.0,12027000000.0,8124000000.0,3485000000.0,,,52176000000.0,,16127000000.0,22852000000.0,28467000000.0,2715000000.0,126933000000.0,6055000000.0,6921000000.0,,25835000000.0,,3613000000.0,,8895000000.0,57129000000.0,87703000000.0,-5346000000.0,,126933000000.0,3002000000.0,584000000.0,-224000000.0,971000000.0,799000000.0,,403000000.0,,,1242000000.0,13275000000.0,,,,,819000000.0,2166000000.0,,40000000.0,-3525000000.0,,,-7273000000.0,2293000000.0,
2013-12-29,,,48970000000.0,,21830000000.0,,16412000000.0,,15471000000.0,1640000000.0,13831000000.0,4.92,4.81,2809200000.0,2877000000.0,20927000000.0,8279000000.0,11713000000.0,7878000000.0,10840000000.0,,,56407000000.0,,16710000000.0,22798000000.0,27947000000.0,4949000000.0,132683000000.0,6266000000.0,7685000000.0,,25675000000.0,,3989000000.0,,7854000000.0,58630000000.0,89493000000.0,-2860000000.0,,132683000000.0,4104000000.0,728000000.0,-607000000.0,632000000.0,622000000.0,,1806000000.0,,,298000000.0,17414000000.0,,,,,835000000.0,3595000000.0,,266000000.0,-5103000000.0,,,-6091000000.0,6016000000.0,
2014-03-30,18115000000.0,,12660000000.0,,5183000000.0,,5651000000.0,,5424000000.0,697000000.0,4727000000.0,1.67,1.64,2826800000.0,2874700000.0,19722000000.0,9670000000.0,12116000000.0,8009000000.0,3920000000.0,,,57369000000.0,,15996000000.0,22178000000.0,27643000000.0,6459000000.0,133330000000.0,6113000000.0,7710000000.0,,23840000000.0,,4594000000.0,,7271000000.0,56748000000.0,91387000000.0,-2645000000.0,,133330000000.0,1013000000.0,198000000.0,495000000.0,426000000.0,512000000.0,,152000000.0,,,-428000000.0,3923000000.0,,,,,0.0,630000000.0,,81000000.0,-2026000000.0,,,-3057000000.0,-1205000000.0,
2014-06-29,37610000000.0,,26116000000.0,,10664000000.0,,11525000000.0,,11050000000.0,1997000000.0,9053000000.0,3.2,3.15,2826500000.0,2875500000.0,14236000000.0,17388000000.0,12257000000.0,8155000000.0,4101000000.0,,,60119000000.0,,16155000000.0,21989000000.0,27122000000.0,6435000000.0,135200000000.0,6193000000.0,7178000000.0,,24359000000.0,,4491000000.0,,7373000000.0,57152000000.0,93745000000.0,-3007000000.0,,135200000000.0,1965000000.0,440000000.0,593000000.0,584000000.0,605000000.0,,564000000.0,,,-117000000.0,9452000000.0,,,,,0.0,1467000000.0,,94000000.0,-10118000000.0,,,-5925000000.0,-6691000000.0,
2014-09-28,56077000000.0,,39184000000.0,,16132000000.0,,18578000000.0,,17860000000.0,4058000000.0,13802000000.0,4.89,4.81,2822000000.0,2871200000.0,13818000000.0,19187000000.0,11615000000.0,8419000000.0,3827000000.0,,,59973000000.0,,15804000000.0,21636000000.0,26304000000.0,5033000000.0,132097000000.0,6603000000.0,6188000000.0,,22982000000.0,,4063000000.0,,7758000000.0,55506000000.0,96560000000.0,-5382000000.0,,132097000000.0,2904000000.0,646000000.0,297000000.0,399000000.0,1098000000.0,,-72000000.0,,,751000000.0,14106000000.0,,,,,291000000.0,2218000000.0,,147000000.0,-9383000000.0,,,-11641000000.0,-7109000000.0,
2014-12-28,,,51585000000.0,,21954000000.0,,21590000000.0,,20563000000.0,4240000000.0,16323000000.0,5.8,5.7,2815200000.0,2863900000.0,14523000000.0,18566000000.0,10985000000.0,8184000000.0,11295000000.0,,,59311000000.0,,16126000000.0,21832000000.0,27222000000.0,3232000000.0,131119000000.0,7633000000.0,6553000000.0,,25085000000.0,,3154000000.0,,8034000000.0,61367000000.0,97245000000.0,-10722000000.0,,131119000000.0,3895000000.0,792000000.0,441000000.0,247000000.0,1120000000.0,,-442000000.0,,,-1096000000.0,18471000000.0,,,,,2129000000.0,3714000000.0,,299000000.0,-12305000000.0,,,-12260000000.0,-6404000000.0,
2015-03-29,,,12092000000.0,,4847000000.0,,5827000000.0,,5575000000.0,1255000000.0,4320000000.0,1.55,1.53,2782600000.0,2826000000.0,11988000000.0,19331000000.0,11533000000.0,8085000000.0,3524000000.0,,,58192000000.0,,15364000000.0,21345000000.0,27025000000.0,3605000000.0,128590000000.0,6719000000.0,5575000000.0,,23836000000.0,,3584000000.0,,8604000000.0,60712000000.0,98656000000.0,-13300000000.0,,128590000000.0,895000000.0,204000000.0,545000000.0,765000000.0,276000000.0,,562000000.0,,,1021000000.0,2872000000.0,,,,,233000000.0,543000000.0,,11000000.0,-1789000000.0,,,-3227000000.0,-2535000000.0,
2015-06-28,,,24522000000.0,,10231000000.0,,,,11316000000.0,2480000000.0,8836000000.0,3.18,3.13,2777700000.0,2821000000.0,10639000000.0,23315000000.0,11968000000.0,8298000000.0,3723000000.0,,,61001000000.0,,15583000000.0,21493000000.0,27017000000.0,3855000000.0,132036000000.0,6140000000.0,5319000000.0,,24512000000.0,,3702000000.0,,8973000000.0,60905000000.0,101352000000.0,-12054000000.0,,132036000000.0,1784000000.0,474000000.0,284000000.0,1186000000.0,537000000.0,,-602000000.0,,,1036000000.0,8072000000.0,,,,,233000000.0,1308000000.0,,11000000.0,-5343000000.0,,,-5730000000.0,-3884000000.0,
2015-09-27,,,36400000000.0,,15312000000.0,,,,15438000000.0,3244000000.0,12194000000.0,4.39,4.33,2774800000.0,2817100000.0,13639000000.0,23667000000.0,11366000000.0,8206000000.0,3606000000.0,,,63494000000.0,,15551000000.0,21279000000.0,25988000000.0,3804000000.0,133266000000.0,5928000000.0,5062000000.0,,25260000000.0,,3561000000.0,,9303000000.0,61712000000.0,102748000000.0,-12861000000.0,,133266000000.0,2713000000.0,677000000.0,233000000.0,910000000.0,719000000.0,,-986000000.0,,,1486000000.0,14197000000.0,,,,,233000000.0,2097000000.0,,35000000.0,-6344000000.0,,,-7555000000.0,-884000000.0,
2016-01-03,,,48538000000.0,,21203000000.0,,,,19196000000.0,3787000000.0,15409000000.0,5.56,5.48,2771800000.0,2812900000.0,13732000000.0,24644000000.0,10734000000.0,8053000000.0,10087000000.0,,,60210000000.0,,15905000000.0,21629000000.0,25764000000.0,4413000000.0,133411000000.0,6668000000.0,5411000000.0,,27747000000.0,,2562000000.0,,10241000000.0,62261000000.0,103879000000.0,-13165000000.0,,133411000000.0,3746000000.0,874000000.0,-270000000.0,433000000.0,449000000.0,,-65000000.0,,,2159000000.0,19279000000.0,,,,,954000000.0,3463000000.0,,103000000.0,-7735000000.0,,,-10846000000.0,-791000000.0,
2016-04-03,,,12153000000.0,,4688000000.0,,,,5294000000.0,1002000000.0,4292000000.0,1.56,1.54,2757200000.0,2795400000.0,13861000000.0,25994000000.0,11406000000.0,8170000000.0,,,,62738000000.0,,15964000000.0,21848000000.0,25840000000.0,4163000000.0,136231000000.0,5965000000.0,4996000000.0,,22134000000.0,,2877000000.0,,9749000000.0,63584000000.0,104990000000.0,-12391000000.0,,136231000000.0,891000000.0,205000000.0,393000000.0,389000000.0,190000000.0,,802000000.0,,,-385000000.0,1763000000.0,,,,,5000000.0,639000000.0,,1000000.0,-1537000000.0,,,-178000000.0,129000000.0,
2016-07-03,,,25299000000.0,,9864000000.0,,,,10198000000.0,1744000000.0,8454000000.0,3.07,3.02,2751400000.0,2800900000.0,18640000000.0,23944000000.0,12062000000.0,8523000000.0,,,,66291000000.0,,15972000000.0,22104000000.0,25694000000.0,3977000000.0,139814000000.0,6061000000.0,5650000000.0,,21536000000.0,,2849000000.0,,10062000000.0,67341000000.0,106738000000.0,-12707000000.0,,139814000000.0,1791000000.0,479000000.0,115000000.0,1098000000.0,443000000.0,,630000000.0,,,-866000000.0,6753000000.0,,,,,730000000.0,1396000000.0,,38000000.0,-215000000.0,,,-1642000000.0,4908000000.0,
2016-10-02,,,37633000000.0,,14636000000.0,,,,15479000000.0,2753000000.0,12726000000.0,4.64,4.55,2744900000.0,2796600000.0,18205000000.0,22228000000.0,11798000000.0,8488000000.0,,,,63319000000.0,,16095000000.0,23171000000.0,27642000000.0,4245000000.0,140369000000.0,5971000000.0,5283000000.0,,23230000000.0,,3193000000.0,,9414000000.0,67600000000.0,108860000000.0,-12715000000.0,,140369000000.0,2699000000.0,704000000.0,215000000.0,736000000.0,408000000.0,,379000000.0,,,-1388000000.0,12114000000.0,,,,,4050000000.0,2133000000.0,,37000000.0,-2587000000.0,,,-5087000000.0,4473000000.0,
2017-01-01,,,50205000000.0,,19945000000.0,,,,19803000000.0,3263000000.0,16540000000.0,6.04,5.93,2737300000.0,2788900000.0,18972000000.0,22935000000.0,11699000000.0,8144000000.0,10144000000.0,,,65032000000.0,,15912000000.0,22805000000.0,26876000000.0,4435000000.0,141208000000.0,6918000000.0,5635000000.0,,26287000000.0,,2910000000.0,,9536000000.0,70790000000.0,110551000000.0,-14901000000.0,,141208000000.0,3754000000.0,878000000.0,-341000000.0,1065000000.0,249000000.0,,-18000000.0,,,-1133000000.0,18767000000.0,,,,,4509000000.0,3226000000.0,,123000000.0,-4761000000.0,,,-8551000000.0,5240000000.0,
2017-04-02,,,12380000000.0,,4737000000.0,,,,5575000000.0,1153000000.0,4422000000.0,1.63,1.61,2706600000.0,2754500000.0,20909000000.0,18434000000.0,12300000000.0,8878000000.0,,,,63347000000.0,,16191000000.0,24844000000.0,29466000000.0,4690000000.0,144918000000.0,6082000000.0,5262000000.0,,25119000000.0,,3308000000.0,,9526000000.0,74577000000.0,111643000000.0,-14522000000.0,,144918000000.0,912000000.0,229000000.0,-27000000.0,96000000.0,368000000.0,,573000000.0,,,420000000.0,2913000000.0,,,,,4852000000.0,560000000.0,,-1000000.0,-936000000.0,,,-150000000.0,1937000000.0,
2017-07-02,,,25396000000.0,,9999000000.0,,,,10323000000.0,2074000000.0,8249000000.0,3.06,3.0,2699300000.0,2749400000.0,12598000000.0,255000000.0,13283000000.0,9699000000.0,,,,38789000000.0,,16458000000.0,31234000000.0,54942000000.0,5273000000.0,152807000000.0,6135000000.0,6076000000.0,,28872000000.0,,4846000000.0,,10117000000.0,80885000000.0,113208000000.0,-13234000000.0,,152807000000.0,2062000000.0,522000000.0,-72000000.0,476000000.0,421000000.0,,541000000.0,,,322000000.0,8685000000.0,,,,,34072000000.0,1249000000.0,,80000000.0,-13183000000.0,,,-2067000000.0,-6374000000.0,
2017-10-01,,,38144000000.0,,15395000000.0,,,,15113000000.0,3100000000.0,12013000000.0,4.46,4.37,2694400000.0,2746400000.0,15721000000.0,510000000.0,13155000000.0,9521000000.0,,,,41829000000.0,,16628000000.0,31308000000.0,54569000000.0,5021000000.0,155658000000.0,6390000000.0,5897000000.0,,31806000000.0,,4410000000.0,,9102000000.0,81679000000.0,114805000000.0,-12747000000.0,,155658000000.0,3773000000.0,758000000.0,-407000000.0,300000000.0,193000000.0,,555000000.0,,,-318000000.0,14951000000.0,,,,,34646000000.0,2039000000.0,,117000000.0,-14363000000.0,,,-4136000000.0,-3251000000.0,
2017-12-31,,,,,,,,,,,,,,,,17824000000.0,472000000.0,13490000000.0,8765000000.0,9902000000.0,,,43088000000.0,,17005000000.0,31906000000.0,53228000000.0,4971000000.0,157303000000.0,7310000000.0,7304000000.0,,30537000000.0,,8368000000.0,8472000000.0,9017000000.0,97143000000.0,101793000000.0,-13199000000.0,,157303000000.0,,,,,,,,,,,,,,,,,,,,,,,,,
2018-04-01,,,13395000000.0,,5263000000.0,,,,5481000000.0,1114000000.0,4367000000.0,1.63,1.6,2682200000.0,2731900000.0,14639000000.0,565000000.0,14166000000.0,9014000000.0,,,,42768000000.0,,17040000000.0,31149000000.0,52365000000.0,4518000000.0,156625000000.0,6443000000.0,6535000000.0,,27081000000.0,,8057000000.0,9453000000.0,8876000000.0,93370000000.0,104339000000.0,-12608000000.0,,156625000000.0,1746000000.0,268000000.0,44000000.0,479000000.0,322000000.0,,907000000.0,,,595000000.0,3606000000.0,,,,,82000000.0,658000000.0,,-2000000.0,-925000000.0,,,-5970000000.0,-3185000000.0,
2018-07-01,,,27298000000.0,,11006000000.0,,,,10454000000.0,2133000000.0,8321000000.0,3.1,3.05,2682300000.0,2728500000.0,17569000000.0,570000000.0,14111000000.0,8810000000.0,,,,45438000000.0,,16632000000.0,30346000000.0,50056000000.0,4421000000.0,155365000000.0,6516000000.0,6394000000.0,,27488000000.0,,7666000000.0,8647000000.0,9281000000.0,92476000000.0,106123000000.0,-14777000000.0,,155365000000.0,3463000000.0,580000000.0,-285000000.0,989000000.0,491000000.0,,267000000.0,,,-166000000.0,9685000000.0,,,,,222000000.0,1533000000.0,,33000000.0,-1126000000.0,,,-8644000000.0,-255000000.0,
2018-09-30,61187000000.0,20130000000.0,41057000000.0,,16549000000.0,,,,14877000000.0,2622000000.0,12255000000.0,4.57,4.49,2683200000.0,2729600000.0,16056000000.0,3308000000.0,14048000000.0,8678000000.0,,,,47194000000.0,,16629000000.0,30702000000.0,48637000000.0,4465000000.0,155703000000.0,7000000000.0,6044000000.0,,27437000000.0,,7711000000.0,8537000000.0,8538000000.0,91077000000.0,107617000000.0,-14647000000.0,,155703000000.0,5194000000.0,822000000.0,53000000.0,1040000000.0,777000000.0,,904000000.0,,,-1157000000.0,15957000000.0,,,,,897000000.0,2352000000.0,,48000000.0,-5395000000.0,,,-12121000000.0,-1768000000.0,
2018-12-30,81581000000.0,,54490000000.0,,22540000000.0,,,,17999000000.0,2702000000.0,15297000000.0,5.7,5.61,2681500000.0,2728700000.0,18107000000.0,1580000000.0,14098000000.0,8599000000.0,2000000000.0,,,46033000000.0,,17035000000.0,30453000000.0,47611000000.0,4182000000.0,152954000000.0,7537000000.0,7601000000.0,,31230000000.0,,7506000000.0,8242000000.0,8589000000.0,93202000000.0,106216000000.0,-15222000000.0,,152954000000.0,6929000000.0,978000000.0,-1016000000.0,1185000000.0,644000000.0,,275000000.0,,,-1844000000.0,22201000000.0,,,,,900000000.0,3670000000.0,,464000000.0,-3167000000.0,,,-18510000000.0,283000000.0,
2019-03-31,20021000000.0,6615000000.0,13406000000.0,,5219000000.0,,,,4422000000.0,673000000.0,3749000000.0,1.41,1.39,2660800000.0,2698800000.0,14734000000.0,602000000.0,14115000000.0,9086000000.0,,,,41987000000.0,,17000000000.0,31450000000.0,46898000000.0,5159000000.0,150027000000.0,6923000000.0,7946000000.0,,29111000000.0,,,8074000000.0,8928000000.0,91072000000.0,106650000000.0,-15517000000.0,,150027000000.0,1761000000.0,258000000.0,-362000000.0,-157000000.0,369000000.0,,488000000.0,,,-168000000.0,3543000000.0,,,,,1683000000.0,656000000.0,,96000000.0,-1417000000.0,,,-5516000000.0,-3373000000.0,
2019-06-30,40583000000.0,13555000000.0,27028000000.0,,10765000000.0,,,,11463000000.0,2107000000.0,9356000000.0,3.52,3.47,2656700000.0,2697000000.0,14376000000.0,902000000.0,14653000000.0,9263000000.0,,,,41799000000.0,,17248000000.0,33661000000.0,49332000000.0,5430000000.0,155117000000.0,6912000000.0,8297000000.0,,31353000000.0,,,7543000000.0,10102000000.0,94332000000.0,109809000000.0,-14969000000.0,,155117000000.0,3466000000.0,572000000.0,-694000000.0,336000000.0,423000000.0,,862000000.0,,,-55000000.0,9491000000.0,,,,,5346000000.0,1493000000.0,,-1000000.0,-3205000000.0,,,-10050000000.0,-3731000000.0,
2019-09-29,61312000000.0,20422000000.0,40890000000.0,,16139000000.0,,,,13110000000.0,2001000000.0,11109000000.0,4.19,4.13,2649500000.0,2688100000.0,16249000000.0,1696000000.0,14801000000.0,9173000000.0,,,,44333000000.0,,17048000000.0,33291000000.0,47846000000.0,5307000000.0,155521000000.0,7491000000.0,9004000000.0,,35162000000.0,,,7493000000.0,11381000000.0,97311000000.0,109242000000.0,-15533000000.0,,155521000000.0,5193000000.0,817000000.0,-2126000000.0,665000000.0,424000000.0,,81000000.0,,,2043000000.0,17018000000.0,,,,,5562000000.0,2238000000.0,,-72000000.0,-4850000000.0,,,-13943000000.0,-1858000000.0,
2019-12-29,82059000000.0,27556000000.0,54503000000.0,,22178000000.0,,,,17328000000.0,2209000000.0,15119000000.0,5.72,5.63,2645100000.0,2684300000.0,17305000000.0,1982000000.0,14481000000.0,9020000000.0,11948000000.0,,,45274000000.0,,17658000000.0,33639000000.0,47643000000.0,5695000000.0,157728000000.0,8544000000.0,9715000000.0,,35964000000.0,,5958000000.0,7444000000.0,11734000000.0,98257000000.0,110659000000.0,-15891000000.0,,157728000000.0,7009000000.0,977000000.0,-2476000000.0,289000000.0,277000000.0,,1054000000.0,,,1425000000.0,23416000000.0,,,,,5810000000.0,3498000000.0,,-44000000.0,-6194000000.0,,,-18015000000.0,-802000000.0,
2020-03-29,20691000000.0,7062000000.0,13629000000.0,,5203000000.0,,,,6509000000.0,713000000.0,5796000000.0,2.2,2.17,2633700000.0,2671000000.0,15530000000.0,2494000000.0,14874000000.0,8868000000.0,,,,44226000000.0,,17401000000.0,33471000000.0,47338000000.0,5042000000.0,155017000000.0,7411000000.0,8384000000.0,,33689000000.0,,,7402000000.0,10944000000.0,93723000000.0,112901000000.0,-16243000000.0,,155017000000.0,1747000000.0,263000000.0,54000000.0,812000000.0,159000000.0,,-271000000.0,,,-329000000.0,3358000000.0,,,,,939000000.0,625000000.0,,257000000.0,-581000000.0,,,-4315000000.0,-1775000000.0,
2020-06-28,39027000000.0,13641000000.0,25386000000.0,,10196000000.0,,,,10449000000.0,1027000000.0,9422000000.0,3.58,3.53,2633300000.0,2671000000.0,11174000000.0,7961000000.0,14645000000.0,9424000000.0,,,,45892000000.0,,17598000000.0,33890000000.0,47413000000.0,5782000000.0,158380000000.0,6765000000.0,8940000000.0,,36772000000.0,,,6591000000.0,11034000000.0,95402000000.0,113898000000.0,-15533000000.0,,158380000000.0,3473000000.0,589000000.0,-428000000.0,520000000.0,637000000.0,,1048000000.0,,,-829000000.0,6810000000.0,,,,,949000000.0,1287000000.0,,492000000.0,-8103000000.0,,,-4672000000.0,-6131000000.0,
2020-09-27,60109000000.0,20613000000.0,39496000000.0,,15627000000.0,,,,14850000000.0,1874000000.0,12976000000.0,4.93,4.86,2633000000.0,2670800000.0,18965000000.0,11816000000.0,14579000000.0,9599000000.0,,,,57578000000.0,,17855000000.0,34307000000.0,47006000000.0,6131000000.0,170693000000.0,7044000000.0,9629000000.0,,38847000000.0,,,6745000000.0,12149000000.0,106220000000.0,114831000000.0,-14938000000.0,,170693000000.0,5291000000.0,845000000.0,-238000000.0,440000000.0,784000000.0,,1983000000.0,,,581000000.0,15193000000.0,,,,,949000000.0,2024000000.0,,516000000.0,-12922000000.0,,,-476000000.0,1660000000.0,
2021-01-03,82584000000.0,28427000000.0,54157000000.0,,22084000000.0,,,,16497000000.0,1783000000.0,14714000000.0,5.59,5.51,2632800000.0,2670700000.0,13985000000.0,11200000000.0,13576000000.0,9344000000.0,13138000000.0,,,51237000000.0,,18766000000.0,36393000000.0,53402000000.0,6562000000.0,174894000000.0,9505000000.0,13968000000.0,,42493000000.0,,,6559000000.0,11944000000.0,111616000000.0,113890000000.0,-15242000000.0,,174894000000.0,7231000000.0,1005000000.0,-1141000000.0,-774000000.0,265000000.0,,3704000000.0,,,744000000.0,23536000000.0,,,,,7323000000.0,3347000000.0,,521000000.0,-20825000000.0,,,-6120000000.0,-3320000000.0,
2021-04-04,22321000000.0,7063000000.0,15258000000.0,,5432000000.0,,,,7429000000.0,1232000000.0,6197000000.0,2.35,2.32,2631600000.0,2672700000.0,12671000000.0,11948000000.0,14938000000.0,9952000000.0,,,,52533000000.0,,18367000000.0,35688000000.0,51110000000.0,6538000000.0,172557000000.0,8503000000.0,13223000000.0,,40932000000.0,,,6568000000.0,11941000000.0,106723000000.0,116508000000.0,-15328000000.0,,172557000000.0,1894000000.0,307000000.0,-730000000.0,1604000000.0,695000000.0,,-2522000000.0,,,-902000000.0,4074000000.0,,,,,0.0,677000000.0,,101000000.0,-185000000.0,,,-5125000000.0,-1314000000.0,
2021-07-04,45633000000.0,14650000000.0,30983000000.0,,11505000000.0,,,,14091000000.0,1616000000.0,12475000000.0,4.74,4.67,2632500000.0,2674000000.0,14332000000.0,10974000000.0,14871000000.0,10100000000.0,600000000.0,,,53769000000.0,,18632000000.0,35819000000.0,50244000000.0,7172000000.0,176440000000.0,8704000000.0,10485000000.0,,38721000000.0,,,5722000000.0,12724000000.0,106860000000.0,120154000000.0,-15100000000.0,,176440000000.0,3733000000.0,661000000.0,-685000000.0,1566000000.0,818000000.0,,-1415000000.0,,,-1150000000.0,9388000000.0,,,,,0.0,1490000000.0,,398000000.0,-604000000.0,,,-8404000000.0,347000000.0,
2021-10-03,68971000000.0,21900000000.0,47071000000.0,,17505000000.0,,,,17940000000.0,1798000000.0,16142000000.0,6.13,6.04,2632600000.0,2674900000.0,17604000000.0,13397000000.0,14911000000.0,10387000000.0,600000000.0,,,59889000000.0,,18478000000.0,35569000000.0,47776000000.0,6870000000.0,179228000000.0,8961000000.0,13812000000.0,,44561000000.0,,,5770000000.0,11177000000.0,108956000000.0,121092000000.0,-15415000000.0,,179228000000.0,5547000000.0,920000000.0,-2564000000.0,1818000000.0,1178000000.0,,-2082000000.0,,,-1938000000.0,17678000000.0,,,,,0.0,2237000000.0,,414000000.0,-3323000000.0,,,-10611000000.0,3619000000.0,
2022-01-02,93775000000.0,29855000000.0,63920000000.0,,24659000000.0,,,,22776000000.0,1898000000.0,20878000000.0,7.93,7.81,2632100000.0,2674000000.0,14487000000.0,17121000000.0,15283000000.0,10387000000.0,12624000000.0,,,60979000000.0,,18962000000.0,35246000000.0,46392000000.0,10216000000.0,182018000000.0,11055000000.0,13612000000.0,,45226000000.0,,,5713000000.0,10686000000.0,107995000000.0,123060000000.0,-13058000000.0,,182018000000.0,7390000000.0,1135000000.0,-2079000000.0,2402000000.0,1248000000.0,,1964000000.0,,,-1061000000.0,23410000000.0,,,,,60000000.0,3652000000.0,,508000000.0,-8683000000.0,,,-14047000000.0,502000000.0,
2022-04-03,23426000000.0,7598000000.0,15828000000.0,,5938000000.0,,,,5862000000.0,713000000.0,5149000000.0,1.96,1.93,2629200000.0,2666500000.0,10463000000.0,19925000000.0,15594000000.0,10990000000.0,,,,60424000000.0,,18701000000.0,34935000000.0,44420000000.0,9939000000.0,178355000000.0,9309000000.0,13006000000.0,,43390000000.0,,,5745000000.0,10497000000.0,103646000000.0,124380000000.0,-13757000000.0,,178355000000.0,1769000000.0,278000000.0,-926000000.0,427000000.0,600000000.0,,-995000000.0,,,110000000.0,3979000000.0,,,,,252000000.0,607000000.0,,59000000.0,-3634000000.0,,,-4385000000.0,-4024000000.0,
2022-07-03,47446000000.0,15517000000.0,31929000000.0,,12164000000.0,,,,11702000000.0,1739000000.0,9963000000.0,3.79,3.73,2629600000.0,2669200000.0,10983000000.0,21585000000.0,16139000000.0,11437000000.0,,,,63847000000.0,,18354000000.0,34166000000.0,42408000000.0,9435000000.0,177724000000.0,9765000000.0,12607000000.0,,44821000000.0,,,4162000000.0,10524000000.0,101367000000.0,126216000000.0,-13843000000.0,,177724000000.0,3513000000.0,644000000.0,-2349000000.0,1386000000.0,1257000000.0,,-3527000000.0,,,-2456000000.0,9560000000.0,,,,,523000000.0,1470000000.0,,170000000.0,-6273000000.0,,,-6646000000.0,-3504000000.0,
2022-10-02,71237000000.0,23324000000.0,47913000000.0,,18253000000.0,,,,17524000000.0,3103000000.0,14421000000.0,5.49,5.41,2628900000.0,2667500000.0,11355000000.0,22724000000.0,15890000000.0,11675000000.0,,,,65236000000.0,,18152000000.0,33383000000.0,40336000000.0,8625000000.0,175124000000.0,10153000000.0,11953000000.0,,45543000000.0,,,4162000000.0,9918000000.0,100525000000.0,127917000000.0,-15292000000.0,,175124000000.0,5198000000.0,925000000.0,-2488000000.0,1591000000.0,1877000000.0,,-4563000000.0,,,-4008000000.0,15844000000.0,,,,,522000000.0,2422000000.0,,208000000.0,-7974000000.0,,,-10571000000.0,-3132000000.0,
2023-01-01,94943000000.0,31089000000.0,63854000000.0,,24765000000.0,,,,21725000000.0,3784000000.0,17941000000.0,6.83,6.73,2625200000.0,2663900000.0,14127000000.0,9392000000.0,16160000000.0,12483000000.0,13183000000.0,,,55294000000.0,,19803000000.0,45231000000.0,48325000000.0,9602000000.0,187378000000.0,11703000000.0,11456000000.0,,55802000000.0,,,4306000000.0,10437000000.0,110574000000.0,128345000000.0,-12967000000.0,,187378000000.0,6970000000.0,1138000000.0,-1663000000.0,1290000000.0,2527000000.0,,-687000000.0,,,-1979000000.0,21194000000.0,,,,,17652000000.0,4009000000.0,,229000000.0,-12371000000.0,,,-8871000000.0,-360000000.0,
2023-04-02,24746000000.0,8395000000.0,16351000000.0,,6138000000.0,,,,-737000000.0,-669000000.0,-68000000.0,-0.03,-0.03,2605500000.0,2605500000.0,19170000000.0,5443000000.0,16350000000.0,12809000000.0,,,,64388000000.0,,20174000000.0,45575000000.0,47448000000.0,9567000000.0,195969000000.0,9909000000.0,11204000000.0,,60373000000.0,,,4296000000.0,14421000000.0,125100000000.0,124558000000.0,-12626000000.0,,195969000000.0,1880000000.0,306000000.0,-1543000000.0,54000000.0,524000000.0,,915000000.0,,,6328000000.0,3257000000.0,,,,,0.0,863000000.0,,12000000.0,3315000000.0,,,6138000000.0,12738000000.0,
2023-07-02,50276000000.0,16607000000.0,33669000000.0,,12803000000.0,,,,6762000000.0,1618000000.0,5144000000.0,1.98,1.96,2601900000.0,2630700000.0,21183000000.0,7322000000.0,16777000000.0,12888000000.0,,,,60567000000.0,,20576000000.0,45440000000.0,46246000000.0,10078000000.0,191686000000.0,10443000000.0,10605000000.0,,54170000000.0,,,2536000000.0,14582000000.0,115277000000.0,129381000000.0,-13135000000.0,75149000000.0,191686000000.0,3814000000.0,688000000.0,-2342000000.0,599000000.0,741000000.0,,1144000000.0,,,3407000000.0,7439000000.0,,,,,0.0,1987000000.0,,-19000000.0,-461000000.0,,,147000000.0,7056000000.0,
2023-10-01,63764000000.0,19755000000.0,44009000000.0,,15702000000.0,,,,10236000000.0,1042000000.0,31104000000.0,12.08,11.95,2575600000.0,2603400000.0,19728000000.0,3783000000.0,14798000000.0,11198000000.0,,,,53703000000.0,,18821000000.0,36124000000.0,35021000000.0,13133000000.0,166061000000.0,8355000000.0,10101000000.0,,44370000000.0,,,2540000000.0,13562000000.0,94833000000.0,152536000000.0,-8780000000.0,71228000000.0,166061000000.0,5643000000.0,984000000.0,-1782000000.0,851000000.0,1447000000.0,,1366000000.0,,,2260000000.0,14928000000.0,,,,,0.0,2954000000.0,,92000000.0,2080000000.0,,,-11170000000.0,5601000000.0,
2023-12-31,,,,,,,,,,,,,,,,21859000000.0,1068000000.0,14873000000.0,11181000000.0,12670000000.0,,,53495000000.0,,19898000000.0,36558000000.0,34175000000.0,14153000000.0,167558000000.0,9632000000.0,10212000000.0,,46282000000.0,,,2881000000.0,13398000000.0,98784000000.0,153843000000.0,-12527000000.0,,167558000000.0,,,,,,,,,,,,,,,,,,,,,,,,,
2024-03-31,21383000000.0,6511000000.0,14872000000.0,,5257000000.0,,,,3714000000.0,459000000.0,3255000000.0,1.35,1.34,2408200000.0,2430100000.0,25473000000.0,745000000.0,14946000000.0,11383000000.0,,,,57002000000.0,,19632000000.0,36616000000.0,34286000000.0,14125000000.0,171966000000.0,8174000000.0,10323000000.0,,48725000000.0,,,2881000000.0,15067000000.0,101946000000.0,153378000000.0,-10768000000.0,70020000000.0,171966000000.0,1815000000.0,302000000.0,-1562000000.0,279000000.0,348000000.0,,-3199000000.0,,,-427000000.0,3657000000.0,,,,,1811000000.0,807000000.0,,5000000.0,-464000000.0,,,546000000.0,3614000000.0,
2024-06-30,43830000000.0,13380000000.0,30450000000.0,,10938000000.0,,,,9462000000.0,1521000000.0,7941000000.0,3.3,3.27,2407500000.0,2428500000.0,24878000000.0,597000000.0,15794000000.0,12169000000.0,,,,57817000000.0,,19748000000.0,44250000000.0,39725000000.0,10544000000.0,181088000000.0,8848000000.0,10539000000.0,,53933000000.0,,,341000000.0,14086000000.0,109550000000.0,155360000000.0,-11253000000.0,71538000000.0,181088000000.0,3597000000.0,643000000.0,-2257000000.0,1163000000.0,739000000.0,,-3731000000.0,,,-3068000000.0,9290000000.0,,,,,14807000000.0,1783000000.0,,86000000.0,-14151000000.0,,,8090000000.0,3019000000.0,
2024-09-29,66301000000.0,20343000000.0,45958000000.0,,16416000000.0,,,,12800000000.0,2165000000.0,10635000000.0,4.42,4.38,2407400000.0,2429500000.0,19980000000.0,317000000.0,16174000000.0,12603000000.0,,,,53249000000.0,,20479000000.0,44799000000.0,39490000000.0,10921000000.0,178287000000.0,8954000000.0,11450000000.0,,51759000000.0,,,354000000.0,14923000000.0,108129000000.0,155179000000.0,-12522000000.0,70158000000.0,178287000000.0,5443000000.0,938000000.0,-2167000000.0,1259000000.0,1038000000.0,,-949000000.0,,,-326000000.0,17283000000.0,,,,,15145000000.0,2812000000.0,,102000000.0,-17279000000.0,,,-1792000000.0,-1879000000.0,
