Date,Net sales,Cost of sales,Gross margin,Research and development,"Selling, general and administrative",Total operating expenses,Operating income,"Other income/(expense), net",Income before provision for income taxes,Provision for income taxes,Net income,Earnings per share basic,Earnings per share diluted,Weighted-average basic,Weighted-average diluted,Cash and cash equivalents,Short-term marketable securities,"Accounts receivable, net",Inventories,Deferred tax assets,Vendor non-trade receivables,Other current assets,Total current assets,Long-term marketable securities,"Property, Plant and Equipment, Net",Goodwill,"Acquired intangible assets, net","Other Assets, Noncurrent",Total assets,accounts payable,Accrued expenses,Deferred revenue,Total current liabilities,Deferred revenue - non-current,deferred tax liabilities,long term taxes payable,Total other non-current liabilities,Total liabilities,Retained Earnings (Accumulated Deficit),Accumulated other comprehensive (loss)/income,Total shareholders equity,Total liabilities and shareholders' equity,"Depreciation, amortization and accretion",Stock-based compensation expense,Deferred income tax expense,"Increase (Decrease) in Accounts receivable, net",Increase (Decrease) in Inventories,Increase (Decrease) in Other Receivables,Increase (Decrease) in Other Operating Assets,Increase (Decrease) in Accounts Payable,Increase (Decrease) in Deferred Revenue,Increase (Decrease) Other liabilities,Cash generated by operating activities,Purchases of marketable securities,Proceeds from maturities of marketable securities,Proceeds from sales of marketable securities,Purchases of other long-term investments,"Business acquisitions, net of cash acquired",Cash payments for capital asset purchases,Payments for acquisition of intangible assets,Payments for (Proceeds from) Other Investing Activities,Cash used in investing activities,Proceeds from issuance of common stock,Excess tax benefits from stock-based compensation,Cash generated/used in financing activities,Increase/(decrease) in cash and cash equivalents,"Cash paid for income taxes, net"
2009-12-31,3315912000.0,1157802000.0,2158110000.0,741708000.0,,1847415000.0,310695000.0,,312061000.0,196833000.0,116999000.0,0.22,0.22,523603000.0,534015000.0,1604723000.0,,458652000.0,,196318000.0,,,2878959000.0,,455651000.0,3658602000.0,13834000.0,35425000.0,7590263000.0,242591000.0,142526000.0,571652000.0,1375785000.0,181937000.0,,,37531000.0,,-3236525000.0,-1433000.0,5822136000.0,7590263000.0,148373000.0,139659000.0,9436000.0,-28682000.0,,,,,163326000.0,,796097000.0,1461532000.0,398435000.0,285379000.0,6205000.0,0.0,153101000.0,,,-948300000.0,164207000.0,3510000.0,-262158000.0,-414361000.0,
2010-03-31,912618000.0,300597000.0,612021000.0,206994000.0,,451749000.0,160272000.0,,161731000.0,-2879000.0,163115000.0,0.31,0.3,521141000.0,536718000.0,1723949000.0,,402934000.0,,209560000.0,,,2996980000.0,,457957000.0,3658602000.0,12672000.0,36899000.0,7678735000.0,230330000.0,149419000.0,619968000.0,1255152000.0,169920000.0,,,39764000.0,,-3143924000.0,-4466000.0,6119199000.0,7678735000.0,35269000.0,40561000.0,-12471000.0,55718000.0,,,,,36299000.0,,88546000.0,447716000.0,235960000.0,224514000.0,4773000.0,,37807000.0,,,-32617000.0,118920000.0,20520000.0,63297000.0,119226000.0,
2010-06-30,1890918000.0,618959000.0,1271959000.0,431762000.0,,926709000.0,345250000.0,,350774000.0,58700000.0,293626000.0,0.56,0.55,524463000.0,538947000.0,1660086000.0,,391545000.0,,224792000.0,,,2899306000.0,,466172000.0,3711726000.0,23360000.0,49302000.0,7744327000.0,243228000.0,134828000.0,544578000.0,1221019000.0,223217000.0,,,33336000.0,,-3181733000.0,-10667000.0,6170849000.0,7744327000.0,72748000.0,85164000.0,-25594000.0,-67168000.0,,,,,14035000.0,,309889000.0,932004000.0,557363000.0,354890000.0,727000.0,64215000.0,83157000.0,,,-181836000.0,176662000.0,28287000.0,-72690000.0,55363000.0,
2010-09-30,2903325000.0,953579000.0,1949746000.0,662913000.0,,1408960000.0,540786000.0,,546515000.0,117225000.0,428169000.0,0.82,0.8,522069000.0,537158000.0,1460914000.0,,473953000.0,,181955000.0,,,2866811000.0,,484802000.0,3759631000.0,47629000.0,53908000.0,7890897000.0,251431000.0,143836000.0,594437000.0,1240767000.0,190701000.0,,,44332000.0,,-3137836000.0,4427000.0,6316149000.0,7890897000.0,112366000.0,129555000.0,-26425000.0,-15093000.0,,,,,31274000.0,,441300000.0,1361510000.0,744464000.0,440788000.0,5288000.0,133333000.0,137481000.0,,,-467130000.0,257693000.0,32932000.0,-117979000.0,-143809000.0,
2011-12-31,4448709000.0,1580119000.0,2868590000.0,1026790000.0,,2250066000.0,618524000.0,-46808000.0,571716000.0,146704000.0,425136000.0,0.8,0.79,529768000.0,541417000.0,2910420000.0,,577386000.0,69100000.0,115600000.0,,,4439661000.0,,598581000.0,3928144000.0,123114000.0,75354000.0,9983820000.0,324843000.0,193634000.0,712663000.0,1466703000.0,254364000.0,,108471000.0,65590000.0,,-2972402000.0,-17590000.0,7089182000.0,9983820000.0,,217761000.0,20000000.0,-18633000.0,,,,,82247000.0,,986726000.0,2297363000.0,645362000.0,1281236000.0,33051000.0,30720000.0,266314000.0,,,-707238000.0,346951000.0,44961000.0,819045000.0,1098533000.0,-2080000.0
2012-03-31,1032498000.0,398443000.0,634055000.0,269602000.0,,586346000.0,47709000.0,-24431000.0,23278000.0,7008000.0,16270000.0,0.03,0.03,527186000.0,533683000.0,2913095000.0,,450987000.0,92000000.0,168214000.0,,,4231018000.0,,647414000.0,3987707000.0,152541000.0,58554000.0,9945023000.0,195420000.0,163610000.0,760621000.0,1360756000.0,238964000.0,,111368000.0,61905000.0,,-2974595000.0,-712000.0,7172483000.0,9945023000.0,43396000.0,65007000.0,,-126462000.0,,,,,32558000.0,,102266000.0,371285000.0,222840000.0,231366000.0,1122000.0,90487000.0,81991000.0,,,-93303000.0,37798000.0,4319000.0,-6288000.0,2675000.0,
2012-06-30,2106257000.0,804329000.0,1301928000.0,538336000.0,,1167501000.0,134427000.0,-21661000.0,112766000.0,38777000.0,73989000.0,0.14,0.14,527989000.0,533753000.0,3044310000.0,,406756000.0,104800000.0,177412000.0,,,4229756000.0,,711953000.0,3987707000.0,143774000.0,58123000.0,10046281000.0,199563000.0,180377000.0,773275000.0,1453264000.0,219617000.0,,108178000.0,57191000.0,,-2937653000.0,-8362000.0,7208447000.0,10046281000.0,89827000.0,126887000.0,,-170694000.0,,,,,25865000.0,,314330000.0,614842000.0,371635000.0,399642000.0,6123000.0,90487000.0,169713000.0,297000.0,,-93677000.0,49797000.0,6770000.0,-86763000.0,133890000.0,
2012-09-30,3224568000.0,1248809000.0,1975759000.0,826514000.0,,1798563000.0,177196000.0,-25617000.0,151579000.0,60776000.0,90803000.0,0.17,0.17,525419000.0,530343000.0,2707940000.0,,397082000.0,80800000.0,229374000.0,,,3942299000.0,,768530000.0,3987073000.0,118655000.0,140607000.0,9960594000.0,224242000.0,178976000.0,771709000.0,1501801000.0,221217000.0,,116929000.0,41622000.0,2880714000.0,-2968220000.0,5227000.0,7079404000.0,9960594000.0,137855000.0,186002000.0,,-180368000.0,,,,,15899000.0,,487571000.0,1009076000.0,431705000.0,625119000.0,11123000.0,90487000.0,256753000.0,65297000.0,,-367793000.0,88225000.0,7184000.0,-322258000.0,-202480000.0,
2012-12-31,4365400000.0,1656600000.0,2708800000.0,1101600000.0,,2400700000.0,308100000.0,-16600000.0,291500000.0,105000000.0,186500000.0,0.36,0.35,520900000.0,526200000.0,2407800000.0,,438400000.0,62500000.0,135100000.0,,,3600700000.0,,811900000.0,4057800000.0,128900000.0,138300000.0,9832100000.0,209300000.0,202400000.0,693500000.0,1422000000.0,229900000.0,,,69100000.0,2832600000.0,-2911400000.0,4700000.0,6999000000.0,9832100000.0,187000000.0,242700000.0,-26800000.0,-139100000.0,,,,,-53600000.0,,642400000.0,1496500000.0,559700000.0,894200000.0,12200000.0,139400000.0,348700000.0,65300000.0,,-596700000.0,99100000.0,7200000.0,-548300000.0,-502600000.0,118700000.0
2013-03-31,1059200000.0,388400000.0,670800000.0,262200000.0,,583800000.0,87000000.0,-10100000.0,76900000.0,-14100000.0,91000000.0,0.18,0.18,504700000.0,512700000.0,2043700000.0,,532600000.0,54100000.0,151400000.0,,,3540000000.0,,839000000.0,4057800000.0,131200000.0,152800000.0,9830400000.0,223800000.0,191300000.0,774700000.0,1423700000.0,206000000.0,,87100000.0,58000000.0,2774000000.0,-2862000000.0,-5200000.0,7055900000.0,9830400000.0,51600000.0,49900000.0,,94300000.0,,,,,57200000.0,,-8900000.0,582200000.0,54000000.0,331800000.0,7300000.0,10000000.0,71500000.0,,,-285100000.0,65000000.0,1100000.0,-70100000.0,-364100000.0,
2013-06-30,2209900000.0,818600000.0,1391300000.0,519900000.0,,1165800000.0,225500000.0,-22700000.0,202800000.0,28000000.0,188900000.0,0.37,0.37,503800000.0,510400000.0,2249900000.0,,509100000.0,50100000.0,141300000.0,,,3654100000.0,,855300000.0,4057700000.0,123600000.0,202600000.0,10013700000.0,206400000.0,221900000.0,750400000.0,1422800000.0,277600000.0,,115700000.0,80700000.0,2896100000.0,-2778200000.0,-3700000.0,7117600000.0,10013700000.0,93700000.0,111400000.0,,92300000.0,,,,,104500000.0,,275500000.0,895000000.0,183800000.0,587500000.0,14400000.0,10000000.0,142300000.0,10000000.0,2100000.0,-300800000.0,74300000.0,1300000.0,-132600000.0,-157900000.0,
2013-09-30,3395500000.0,1257700000.0,2137800000.0,784500000.0,,1767300000.0,370500000.0,-30200000.0,340300000.0,52300000.0,288000000.0,0.57,0.56,503000000.0,510700000.0,2271500000.0,,549300000.0,55200000.0,129400000.0,,,3680400000.0,,868200000.0,4057700000.0,115900000.0,194400000.0,10197700000.0,205600000.0,242900000.0,731900000.0,1400600000.0,289300000.0,,117500000.0,79300000.0,2886000000.0,-2708800000.0,66600000.0,7311700000.0,10197700000.0,135100000.0,180700000.0,,111000000.0,,,,,97700000.0,,451900000.0,1351600000.0,287600000.0,860400000.0,20400000.0,10000000.0,183000000.0,10000000.0,3100000.0,-421700000.0,123700000.0,1500000.0,-166500000.0,-136300000.0,
2013-12-31,4669100000.0,1727700000.0,2941400000.0,1043200000.0,,2375500000.0,565900000.0,-40400000.0,525500000.0,85700000.0,439800000.0,0.88,0.86,501800000.0,510300000.0,2284000000.0,,578300000.0,52700000.0,28900000.0,,,3703900000.0,,882300000.0,4057700000.0,106900000.0,233800000.0,10326000000.0,200400000.0,261300000.0,705800000.0,1441400000.0,363500000.0,53300000.0,114400000.0,105200000.0,3023800000.0,-2631300000.0,64600000.0,7302200000.0,10326000000.0,189900000.0,244600000.0,71100000.0,139900000.0,,,,,145900000.0,,842300000.0,1776000000.0,366200000.0,1135600000.0,41300000.0,10000000.0,233100000.0,,,-564400000.0,141700000.0,1900000.0,-401700000.0,-123800000.0,105100000.0
2014-03-31,1170100000.0,450000000.0,720100000.0,264000000.0,,726300000.0,-6200000.0,154200000.0,148000000.0,37400000.0,110600000.0,0.23,0.22,486200000.0,496500000.0,2579400000.0,,597900000.0,54700000.0,140400000.0,,,3879800000.0,,905700000.0,4071300000.0,115100000.0,158900000.0,9723600000.0,222200000.0,271000000.0,772500000.0,1446300000.0,381700000.0,,121700000.0,115500000.0,3414100000.0,-2947800000.0,1900000.0,,9723600000.0,48100000.0,60800000.0,,15700000.0,,,,,82800000.0,,126000000.0,327100000.0,79300000.0,1221400000.0,1700000.0,27100000.0,57300000.0,,,913200000.0,101200000.0,6700000.0,-743800000.0,295400000.0,
2014-06-30,2399600000.0,931300000.0,1468300000.0,519500000.0,,1358600000.0,115900000.0,332800000.0,442500000.0,110800000.0,331700000.0,0.69,0.68,478100000.0,487300000.0,2159800000.0,,560800000.0,47100000.0,151400000.0,,,3497700000.0,,889900000.0,4071500000.0,105300000.0,166500000.0,10137300000.0,246300000.0,291600000.0,803200000.0,1573500000.0,370100000.0,,125700000.0,107600000.0,3525800000.0,-2727100000.0,13100000.0,,10137300000.0,95600000.0,120100000.0,,-21400000.0,,,,,101900000.0,,551000000.0,1577600000.0,234200000.0,1504600000.0,5000000.0,27100000.0,98300000.0,,,55900000.0,121200000.0,8000000.0,-731100000.0,-124200000.0,
2014-09-30,3525500000.0,1342400000.0,2183100000.0,772700000.0,,1901000000.0,282100000.0,326000000.0,608100000.0,172800000.0,435300000.0,0.93,0.91,468100000.0,477000000.0,1615900000.0,,617000000.0,50600000.0,157500000.0,,,3063300000.0,,888800000.0,3911700000.0,90800000.0,162900000.0,9569000000.0,242200000.0,244600000.0,728400000.0,1449000000.0,345600000.0,,154200000.0,80900000.0,3378600000.0,-2963700000.0,-3000000.0,,9569000000.0,141900000.0,185400000.0,,33200000.0,,,,,40900000.0,,472500000.0,1970500000.0,339000000.0,1918700000.0,12300000.0,27100000.0,140900000.0,,,150900000.0,157600000.0,8800000.0,-1291500000.0,-668100000.0,
2014-12-31,4627100000.0,1768900000.0,2858200000.0,1006200000.0,,3277900000.0,-419700000.0,333400000.0,-86300000.0,248000000.0,-334300000.0,-0.73,-0.73,457400000.0,457400000.0,1639600000.0,,598900000.0,62500000.0,41300000.0,,,2971900000.0,,904300000.0,2981500000.0,62400000.0,303900000.0,8403100000.0,234600000.0,287300000.0,780800000.0,1527700000.0,294900000.0,107400000.0,177500000.0,134900000.0,3484000000.0,-3861100000.0,-13800000.0,4919100000.0,8403100000.0,186100000.0,240000000.0,19000000.0,16800000.0,,,,,45100000.0,,763400000.0,2440700000.0,337600000.0,2627700000.0,21700000.0,27100000.0,192900000.0,,,434000000.0,159800000.0,9400000.0,-1824200000.0,-644400000.0,206000000.0
2015-03-31,1067400000.0,410100000.0,657300000.0,248700000.0,,525500000.0,131800000.0,-15800000.0,116000000.0,35800000.0,80200000.0,0.2,0.19,407100000.0,414200000.0,1810800000.0,,507600000.0,68800000.0,148200000.0,,,3101700000.0,,912200000.0,2981300000.0,50500000.0,333300000.0,8666600000.0,223600000.0,221500000.0,855500000.0,1770400000.0,319200000.0,,178900000.0,132300000.0,4049500000.0,-3938400000.0,-29200000.0,,8666600000.0,47500000.0,46000000.0,,-54200000.0,,,,,99000000.0,,219300000.0,398800000.0,57300000.0,169500000.0,3200000.0,0.0,44200000.0,,,-221300000.0,31800000.0,1700000.0,185300000.0,171200000.0,
2015-06-30,2289600000.0,850800000.0,1438800000.0,500300000.0,,1063900000.0,374900000.0,-32900000.0,342000000.0,103800000.0,238200000.0,0.6,0.59,398400000.0,406100000.0,1330300000.0,,533000000.0,77400000.0,138300000.0,,,2726900000.0,,921200000.0,2981300000.0,44800000.0,334600000.0,8282800000.0,222600000.0,217300000.0,795400000.0,1762500000.0,309000000.0,,180200000.0,134500000.0,4034900000.0,-4057800000.0,-7300000.0,,8282800000.0,89000000.0,104900000.0,,-29000000.0,,,,,28600000.0,,482500000.0,841300000.0,115900000.0,450900000.0,3200000.0,0.0,83800000.0,,,-364000000.0,63000000.0,4300000.0,-421900000.0,-309300000.0,
2015-09-30,3538200000.0,1302000000.0,2236200000.0,747300000.0,,1603300000.0,632900000.0,-41300000.0,591600000.0,155700000.0,435900000.0,1.11,1.09,393200000.0,401200000.0,1453500000.0,,577500000.0,72300000.0,198400000.0,,,2898100000.0,,959900000.0,2981300000.0,39200000.0,329900000.0,8505900000.0,209100000.0,217800000.0,814400000.0,1734900000.0,310500000.0,,185000000.0,198700000.0,4077800000.0,-3886800000.0,-19400000.0,,8505900000.0,131500000.0,161300000.0,,15700000.0,,,,,49100000.0,,775500000.0,1147600000.0,197400000.0,625900000.0,5400000.0,3500000.0,154900000.0,,,-470000000.0,97000000.0,7400000.0,-476200000.0,-186100000.0,
2015-12-31,4857800000.0,1779200000.0,3078600000.0,994500000.0,,2166600000.0,912000000.0,-59800000.0,852200000.0,218500000.0,633700000.0,1.62,1.59,390600000.0,399400000.0,1420900000.0,,780700000.0,75000000.0,55900000.0,,,2912400000.0,,1021000000.0,2981300000.0,33900000.0,390200000.0,8619200000.0,159300000.0,250300000.0,822900000.0,1801900000.0,345200000.0,,187300000.0,61600000.0,4044800000.0,-3741200000.0,-19200000.0,4574400000.0,8619200000.0,176500000.0,217300000.0,-22100000.0,218900000.0,,,,,92300000.0,,892500000.0,1486400000.0,319800000.0,861600000.0,5400000.0,3500000.0,210300000.0,,,-508700000.0,121200000.0,12300000.0,-581400000.0,-218700000.0,128300000.0
2016-03-31,1097900000.0,407000000.0,690900000.0,251000000.0,,542200000.0,148700000.0,-22200000.0,126500000.0,35100000.0,91400000.0,0.24,0.23,383200000.0,389300000.0,1646000000.0,,783900000.0,98100000.0,,,,3274200000.0,,1047300000.0,2981300000.0,30600000.0,376800000.0,8917700000.0,233000000.0,208500000.0,893300000.0,1515300000.0,366700000.0,,190400000.0,75400000.0,4279600000.0,-3685100000.0,-7500000.0,,8917700000.0,47000000.0,51800000.0,,3200000.0,,,,,92000000.0,,172400000.0,360700000.0,79600000.0,286200000.0,10500000.0,,49300000.0,,,-57200000.0,32000000.0,0.0,104300000.0,225100000.0,
2016-06-30,2319200000.0,871900000.0,1447300000.0,498900000.0,,1094800000.0,352500000.0,-33800000.0,318700000.0,87300000.0,231400000.0,0.6,0.6,383000000.0,388600000.0,1756900000.0,,750300000.0,110500000.0,,,,3453800000.0,,1066600000.0,3001600000.0,69100000.0,259400000.0,9062800000.0,228400000.0,221200000.0,933000000.0,1581800000.0,362600000.0,,199800000.0,109900000.0,4386600000.0,-3596400000.0,-4400000.0,,9062800000.0,98600000.0,107400000.0,,-39500000.0,,,,,116400000.0,,526800000.0,794900000.0,152800000.0,665800000.0,10500000.0,22800000.0,116900000.0,,,-126400000.0,32200000.0,5600000.0,-71100000.0,336000000.0,
2016-09-30,3604500000.0,1357700000.0,2246800000.0,750700000.0,,1644300000.0,602500000.0,-47200000.0,555300000.0,151500000.0,403800000.0,1.06,1.04,382300000.0,387900000.0,1689000000.0,,753600000.0,106200000.0,,,,3429400000.0,,1067000000.0,3048400000.0,113200000.0,239000000.0,9145200000.0,208400000.0,207200000.0,918500000.0,1508400000.0,385600000.0,,205100000.0,140500000.0,4372700000.0,-3470400000.0,-13400000.0,,9145200000.0,151900000.0,162100000.0,,-36600000.0,,,,,124700000.0,,772200000.0,1251900000.0,232400000.0,985100000.0,17100000.0,96700000.0,162900000.0,,,-308300000.0,59700000.0,5800000.0,-196000000.0,268100000.0,
2016-12-31,4990100000.0,1885600000.0,3104500000.0,1013700000.0,,2214800000.0,889700000.0,-62300000.0,827400000.0,234700000.0,592700000.0,1.55,1.53,381700000.0,387800000.0,1833200000.0,,1054100000.0,95500000.0,408800000.0,,,3971900000.0,,1063800000.0,3081700000.0,130200000.0,237200000.0,9656500000.0,221000000.0,249300000.0,1032000000.0,1735900000.0,449100000.0,,209200000.0,166100000.0,4694000000.0,-3281800000.0,-37300000.0,4962500000.0,9656500000.0,206700000.0,224600000.0,57000000.0,263500000.0,,,,,301700000.0,,1106000000.0,1598000000.0,342300000.0,1182100000.0,20300000.0,144600000.0,214700000.0,,,-450100000.0,62300000.0,6700000.0,-229600000.0,412300000.0,173900000.0
2017-03-31,1221000000.0,474400000.0,746600000.0,276200000.0,,590300000.0,156300000.0,-15700000.0,140600000.0,31800000.0,108800000.0,0.29,0.28,380900000.0,388000000.0,2242000000.0,,670900000.0,98400000.0,,,,3993800000.0,,1050400000.0,3079400000.0,125900000.0,235600000.0,9638000000.0,201900000.0,210800000.0,992500000.0,1582600000.0,500500000.0,,216700000.0,185400000.0,4619600000.0,-3248700000.0,-21600000.0,,9638000000.0,55800000.0,62000000.0,,-383000000.0,,,,,11900000.0,,545300000.0,378900000.0,184300000.0,218800000.0,0.0,,32100000.0,,,-9700000.0,33700000.0,,-134000000.0,408800000.0,
2017-06-30,2529900000.0,981400000.0,1548500000.0,516400000.0,,1134000000.0,414500000.0,-28700000.0,385800000.0,97200000.0,288600000.0,0.76,0.74,380600000.0,387600000.0,2392500000.0,,750400000.0,96600000.0,,,,4145100000.0,,1026200000.0,3079400000.0,121700000.0,247700000.0,9752900000.0,210700000.0,258100000.0,998000000.0,1672800000.0,503000000.0,,221100000.0,134800000.0,4666700000.0,-3139000000.0,-16500000.0,,9752900000.0,112100000.0,106100000.0,,-304800000.0,,,,,19300000.0,,844000000.0,776400000.0,350400000.0,429100000.0,9800000.0,0.0,64300000.0,,,1500000.0,35500000.0,,-295600000.0,559300000.0,
2017-09-30,3787700000.0,1466800000.0,2320900000.0,752800000.0,,1675500000.0,645400000.0,-33800000.0,611600000.0,157300000.0,454300000.0,1.2,1.18,380000000.0,386500000.0,2363700000.0,,724300000.0,90900000.0,,,,4283300000.0,,1007500000.0,3096200000.0,133000000.0,245800000.0,9744300000.0,205400000.0,236300000.0,977400000.0,1585300000.0,485500000.0,,224000000.0,155700000.0,4586200000.0,-3046500000.0,-6400000.0,,9744300000.0,169700000.0,151100000.0,,-331900000.0,,,,,-21200000.0,,1045900000.0,1298600000.0,521300000.0,761200000.0,9800000.0,33000000.0,97600000.0,,,-84100000.0,64400000.0,,-444600000.0,530500000.0,
2017-12-31,5027200000.0,1955100000.0,3072100000.0,980700000.0,,2224000000.0,848100000.0,-36300000.0,811800000.0,505600000.0,306200000.0,0.81,0.8,377700000.0,384200000.0,2006500000.0,,852000000.0,97800000.0,148400000.0,,,4184500000.0,,1021100000.0,3096200000.0,128100000.0,379400000.0,9833800000.0,217600000.0,304300000.0,1030300000.0,1738200000.0,509000000.0,,650600000.0,118800000.0,5152900000.0,-3355800000.0,-5400000.0,,9833800000.0,225600000.0,187500000.0,-148000000.0,-203800000.0,,,,,55000000.0,,1260100000.0,1882900000.0,741600000.0,944000000.0,10300000.0,33000000.0,151200000.0,,,-309000000.0,64500000.0,,-794800000.0,173300000.0,193500000.0
2018-03-31,1082600000.0,464200000.0,618400000.0,269400000.0,,562900000.0,55500000.0,-14100000.0,41400000.0,7000000.0,34400000.0,0.1,0.1,355300000.0,360600000.0,2614200000.0,,679900000.0,96000000.0,,,,3920700000.0,,1013800000.0,3096200000.0,123800000.0,407500000.0,9078500000.0,189200000.0,230500000.0,888200000.0,1830000000.0,,,649500000.0,117900000.0,4753800000.0,-3303300000.0,12500000.0,,9078500000.0,55700000.0,70400000.0,,-170800000.0,,,,,53800000.0,,271100000.0,8100000.0,,968000000.0,,22200000.0,42200000.0,,,1112200000.0,29300000.0,,-803600000.0,585900000.0,
2018-06-30,2286700000.0,967400000.0,1319300000.0,518200000.0,,1104000000.0,215300000.0,-23000000.0,192300000.0,41400000.0,150900000.0,0.43,0.42,352200000.0,356800000.0,2690400000.0,,702200000.0,81300000.0,,,,4104600000.0,,987100000.0,3096100000.0,119400000.0,406000000.0,9121000000.0,183200000.0,204100000.0,872100000.0,1808500000.0,,,615600000.0,125900000.0,4703300000.0,-3175700000.0,-16400000.0,,9121000000.0,110900000.0,127000000.0,,-147500000.0,,,,,48300000.0,,441400000.0,114400000.0,289900000.0,995400000.0,,31500000.0,79300000.0,,,1083300000.0,29500000.0,,-866400000.0,652900000.0,
2018-09-30,3466500000.0,1436200000.0,2030300000.0,772000000.0,,1654900000.0,375400000.0,-31100000.0,344300000.0,-71800000.0,374700000.0,1.07,1.05,350100000.0,355200000.0,2501700000.0,,648300000.0,75600000.0,,,,4290700000.0,,967600000.0,3094300000.0,115000000.0,373700000.0,9100300000.0,184700000.0,214800000.0,814100000.0,1740500000.0,,,436700000.0,132400000.0,4449400000.0,-3023000000.0,-24500000.0,,9100300000.0,159200000.0,180200000.0,,-200900000.0,,,,,-23400000.0,,648700000.0,608100000.0,446600000.0,1012200000.0,,0.0,110900000.0,,,730000000.0,56800000.0,,-904100000.0,463700000.0,
2018-12-31,4647500000.0,1906300000.0,2741200000.0,1003200000.0,,2169000000.0,572200000.0,-39500000.0,532700000.0,-34200000.0,566900000.0,1.62,1.6,349000000.0,354400000.0,2489000000.0,,754600000.0,82000000.0,61500000.0,,,4581800000.0,,951700000.0,3108800000.0,118500000.0,403500000.0,9363300000.0,208800000.0,233500000.0,829300000.0,1842500000.0,,,404400000.0,119800000.0,4540100000.0,-2831400000.0,-18200000.0,,9363300000.0,210500000.0,217100000.0,44000000.0,-96300000.0,,,,,24700000.0,,861100000.0,1228500000.0,910200000.0,1070200000.0,,16400000.0,147400000.0,,,564800000.0,56900000.0,,-968600000.0,446700000.0,181000000.0
2019-03-31,1001700000.0,419400000.0,582300000.0,227600000.0,,539600000.0,42700000.0,1800000.0,44500000.0,13400000.0,31100000.0,0.09,0.09,348100000.0,352700000.0,2155600000.0,,645400000.0,93900000.0,,,,4309600000.0,,892400000.0,3109300000.0,113500000.0,409200000.0,9137900000.0,219100000.0,243100000.0,860100000.0,1489100000.0,,,407300000.0,53200000.0,4286700000.0,-2806500000.0,-10900000.0,4851200000.0,9137900000.0,48700000.0,33900000.0,,-108600000.0,,,,,17200000.0,,159400000.0,884400000.0,578300000.0,232800000.0,,,27900000.0,,,-104100000.0,29500000.0,,-389600000.0,-332700000.0,
2019-06-30,2104200000.0,885100000.0,1219100000.0,471600000.0,,1094000000.0,125100000.0,-4600000.0,122300000.0,45000000.0,77300000.0,0.22,0.22,347200000.0,351700000.0,1381300000.0,,659400000.0,94300000.0,,,,3758600000.0,,870000000.0,3338300000.0,205600000.0,479300000.0,8903300000.0,183300000.0,255900000.0,820000000.0,1766200000.0,,,409100000.0,97400000.0,4312100000.0,-2888700000.0,-11300000.0,4591200000.0,8903300000.0,101700000.0,89600000.0,,-102300000.0,,,,,-21400000.0,,248200000.0,1760000000.0,906000000.0,628500000.0,,270900000.0,55200000.0,,,-556900000.0,29700000.0,,-755800000.0,-1062400000.0,
2019-09-30,3237300000.0,1339800000.0,1897500000.0,716100000.0,,1633900000.0,263600000.0,-23200000.0,240400000.0,63800000.0,176600000.0,0.51,0.5,345500000.0,350100000.0,1204800000.0,,635800000.0,93400000.0,,,,3187500000.0,,848700000.0,3338300000.0,195700000.0,430400000.0,8753600000.0,229000000.0,275400000.0,741600000.0,1422900000.0,,,402000000.0,58100000.0,4111200000.0,-2832700000.0,-26800000.0,4642400000.0,8753600000.0,155500000.0,147100000.0,,-125200000.0,,,,,-103800000.0,,433200000.0,2789600000.0,1410100000.0,1035000000.0,,270900000.0,83500000.0,,,-704100000.0,55400000.0,,-965300000.0,-1239800000.0,
2019-12-31,4445400000.0,1828600000.0,2616800000.0,955700000.0,,2174600000.0,442200000.0,-27800000.0,414400000.0,69400000.0,345000000.0,1.01,0.99,343200000.0,348200000.0,1215800000.0,,879700000.0,94200000.0,54900000.0,,,3209800000.0,,830900000.0,3337100000.0,185800000.0,514600000.0,8837700000.0,219500000.0,282500000.0,812900000.0,1543900000.0,,,372600000.0,58100000.0,4227100000.0,-2741400000.0,-18500000.0,,8837700000.0,210300000.0,202200000.0,300000.0,118100000.0,,,,,900000.0,,528900000.0,3209800000.0,1642300000.0,1520000000.0,,270900000.0,109600000.0,,,-528200000.0,55600000.0,,-1228800000.0,-1229300000.0,98800000.0
2020-03-31,998000000.0,418700000.0,579300000.0,232500000.0,,539900000.0,39400000.0,-11100000.0,28300000.0,7900000.0,20400000.0,0.06,0.06,330800000.0,335100000.0,1398600000.0,,675100000.0,101700000.0,,,,2972700000.0,,802900000.0,3337100000.0,170700000.0,552000000.0,8609500000.0,236400000.0,279500000.0,854700000.0,1536500000.0,,,369900000.0,45800000.0,4218800000.0,-2831400000.0,-59200000.0,4390700000.0,8609500000.0,54000000.0,42000000.0,,-202600000.0,,,,,32800000.0,,272200000.0,257100000.0,354000000.0,94000000.0,,,21800000.0,,,168900000.0,27100000.0,,-241600000.0,183300000.0,
2020-06-30,2084300000.0,885400000.0,1198900000.0,473500000.0,,1069000000.0,129900000.0,-15500000.0,114400000.0,32800000.0,81600000.0,0.25,0.24,331000000.0,334700000.0,1460300000.0,,754700000.0,123700000.0,,,,3001200000.0,,781600000.0,3337100000.0,161300000.0,573700000.0,8741500000.0,238000000.0,308100000.0,834500000.0,1596300000.0,,,360300000.0,61300000.0,4277200000.0,-2768500000.0,-22900000.0,4464300000.0,8741500000.0,106000000.0,86000000.0,,-124700000.0,,,,,-10200000.0,,369800000.0,546200000.0,622700000.0,156900000.0,,,43800000.0,,,189500000.0,27600000.0,,-304700000.0,244700000.0,
2020-09-30,3222500000.0,1365800000.0,1856700000.0,715900000.0,,1601700000.0,255000000.0,-29000000.0,226000000.0,-33800000.0,227000000.0,0.69,0.68,330900000.0,335200000.0,1341500000.0,,754000000.0,175800000.0,,,,3038500000.0,,768600000.0,3337100000.0,151900000.0,505500000.0,8694700000.0,269600000.0,284800000.0,750200000.0,1501600000.0,,,308600000.0,66600000.0,4133900000.0,-2669200000.0,15200000.0,4560800000.0,8694700000.0,158000000.0,138700000.0,,-126100000.0,,,,,-88600000.0,,486200000.0,831900000.0,746600000.0,198700000.0,,,67900000.0,,4700000.0,86000000.0,54500000.0,,-444400000.0,125300000.0,
2020-12-31,4445100000.0,1871400000.0,2573700000.0,958400000.0,,2220600000.0,353100000.0,-32900000.0,265200000.0,7400000.0,257800000.0,0.78,0.77,330400000.0,335200000.0,1361900000.0,,964100000.0,221900000.0,106600000.0,,,3271200000.0,,762300000.0,3669600000.0,266700000.0,567300000.0,9378300000.0,277000000.0,324600000.0,867300000.0,2161100000.0,,,312500000.0,73400000.0,4834800000.0,-2669000000.0,55600000.0,,9378300000.0,212400000.0,190200000.0,-64700000.0,76100000.0,,,,,61500000.0,,612000000.0,967000000.0,865000000.0,360400000.0,,,100400000.0,,5200000.0,-288900000.0,54700000.0,,-222400000.0,106500000.0,84100000.0
2021-03-31,1074400000.0,458800000.0,615600000.0,254700000.0,,587800000.0,27800000.0,-5000000.0,-37800000.0,-6700000.0,-31100000.0,-0.1,-0.1,326300000.0,326300000.0,989100000.0,,758900000.0,259200000.0,,,,2600300000.0,,743600000.0,3753300000.0,335100000.0,611600000.0,8711100000.0,244800000.0,258400000.0,897200000.0,1607700000.0,,,313700000.0,76400000.0,4281500000.0,-2762600000.0,81300000.0,4429600000.0,8711100000.0,60400000.0,57500000.0,,-204800000.0,,,,,45500000.0,,179800000.0,104800000.0,118100000.0,283700000.0,,,19700000.0,,1300000.0,102400000.0,28200000.0,,-651000000.0,-370800000.0,
2021-06-30,2246700000.0,949200000.0,1297500000.0,500500000.0,,1184000000.0,113500000.0,-15900000.0,74800000.0,12800000.0,62000000.0,0.19,0.19,325400000.0,331500000.0,986700000.0,,768300000.0,211500000.0,,,,2646100000.0,,725100000.0,3754100000.0,315300000.0,608700000.0,8723400000.0,259800000.0,275700000.0,891200000.0,1690900000.0,,,324500000.0,71900000.0,4382500000.0,-2757800000.0,55900000.0,4340900000.0,8723400000.0,120900000.0,108000000.0,,-195100000.0,,,,,45500000.0,,437000000.0,314400000.0,200500000.0,352300000.0,,,41100000.0,,600000.0,20600000.0,28900000.0,,-829600000.0,-373600000.0,
2021-09-30,3435500000.0,1445800000.0,1989700000.0,752300000.0,,1756100000.0,233600000.0,-24200000.0,148800000.0,29000000.0,119800000.0,0.37,0.36,325000000.0,331400000.0,1010700000.0,,774300000.0,223200000.0,,,,2739600000.0,,715400000.0,3754100000.0,295100000.0,539100000.0,8721400000.0,269700000.0,298700000.0,829800000.0,1639100000.0,,,327200000.0,73100000.0,4337600000.0,-2697000000.0,44000000.0,4383800000.0,8721400000.0,179300000.0,162900000.0,,-189100000.0,,,,,-4800000.0,,573700000.0,508700000.0,331800000.0,422300000.0,,,69500000.0,,0.0,-1800000.0,56000000.0,,-918400000.0,-350200000.0,
2021-12-31,4735400000.0,1995300000.0,2740100000.0,1007200000.0,,2352600000.0,387500000.0,-16800000.0,310100000.0,57400000.0,252700000.0,0.78,0.76,324400000.0,331600000.0,922500000.0,,994400000.0,272600000.0,183500000.0,,,2956600000.0,,703000000.0,3762100000.0,284300000.0,564200000.0,8887000000.0,273700000.0,328900000.0,937900000.0,1876500000.0,,,330500000.0,58400000.0,4570100000.0,-2653600000.0,-2100000.0,4316900000.0,8887000000.0,237400000.0,222600000.0,-70100000.0,31800000.0,,,,,128700000.0,,689700000.0,649800000.0,394000000.0,546100000.0,,,100000000.0,,-700000.0,13800000.0,56400000.0,,-1131700000.0,-440300000.0,113200000.0
2022-03-31,1168200000.0,518800000.0,649400000.0,248600000.0,,590900000.0,58500000.0,-12900000.0,45600000.0,-10100000.0,55700000.0,0.17,0.17,321800000.0,331100000.0,1013300000.0,,848800000.0,317000000.0,,,,3038300000.0,,689400000.0,3733900000.0,215600000.0,635400000.0,8827900000.0,318300000.0,334300000.0,967000000.0,1858400000.0,,,332600000.0,88300000.0,4561000000.0,-2677900000.0,11700000.0,4266900000.0,8827900000.0,56300000.0,45200000.0,,-145500000.0,,,,,53200000.0,,193100000.0,58100000.0,123600000.0,33300000.0,,,25000000.0,,-500000.0,63900000.0,28600000.0,,-165200000.0,90100000.0,
2022-06-30,2437800000.0,1094300000.0,1343500000.0,492900000.0,,1177200000.0,166300000.0,-21000000.0,191100000.0,31600000.0,169100000.0,0.53,0.51,321100000.0,329300000.0,721800000.0,,1048400000.0,394900000.0,,,138200000.0,3072000000.0,,675700000.0,3733800000.0,196200000.0,768600000.0,8861000000.0,360600000.0,372800000.0,940400000.0,1949900000.0,,,274300000.0,115000000.0,4612300000.0,-2625400000.0,-100000.0,4248700000.0,8861000000.0,111500000.0,92400000.0,,54200000.0,,,,,50600000.0,,-73800000.0,104100000.0,218800000.0,74800000.0,,3900000.0,49500000.0,,-1400000.0,217700000.0,29100000.0,,-332000000.0,-202100000.0,
2022-09-30,3852400000.0,1721100000.0,2131300000.0,766900000.0,,1815700000.0,315600000.0,-30100000.0,331300000.0,38100000.0,290600000.0,0.9,0.88,322800000.0,329300000.0,830900000.0,,1027600000.0,519600000.0,,,124000000.0,3208700000.0,,667200000.0,3734300000.0,177700000.0,844800000.0,8976200000.0,352700000.0,409800000.0,894300000.0,1896700000.0,,,279700000.0,158800000.0,4638100000.0,-2504200000.0,-52600000.0,4338100000.0,8976200000.0,165400000.0,153900000.0,,34300000.0,,,,,67200000.0,,-22000000.0,104100000.0,330700000.0,102300000.0,,3900000.0,73400000.0,,-2200000.0,331200000.0,56800000.0,,-372800000.0,-93100000.0,
2022-12-31,5301200000.0,2342900000.0,2958300000.0,1036100000.0,,2439200000.0,519100000.0,-28600000.0,536300000.0,60500000.0,471000000.0,1.46,1.43,322100000.0,329500000.0,880100000.0,,1227300000.0,619400000.0,387100000.0,,141000000.0,3617100000.0,,666800000.0,3734400000.0,160500000.0,866700000.0,9326700000.0,347400000.0,404900000.0,1020500000.0,2078900000.0,,,279400000.0,131700000.0,4851600000.0,-2375500000.0,4200000.0,4475100000.0,9326700000.0,217700000.0,209300000.0,-223200000.0,232000000.0,,,,,251600000.0,,97600000.0,104100000.0,390300000.0,118200000.0,,,105100000.0,,-2500000.0,407500000.0,57200000.0,,-528400000.0,-45000000.0,253200000.0
2023-03-31,1371800000.0,600600000.0,771200000.0,284800000.0,,655500000.0,115700000.0,-8600000.0,107100000.0,19600000.0,85400000.0,0.26,0.26,322300000.0,329100000.0,923500000.0,,1061800000.0,761500000.0,,,180600000.0,3658100000.0,,671000000.0,3734400000.0,143300000.0,884200000.0,9316300000.0,357500000.0,414000000.0,1074300000.0,2074200000.0,,,279800000.0,119300000.0,4881100000.0,-2381200000.0,8300000.0,4435200000.0,9316300000.0,49400000.0,60900000.0,,-166100000.0,145700000.0,,,,96200000.0,,191500000.0,5000000.0,69400000.0,14000000.0,,0.0,42100000.0,,-900000.0,42200000.0,31100000.0,,-190800000.0,44100000.0,
2023-06-30,2801900000.0,1217600000.0,1584300000.0,566800000.0,,1327500000.0,256800000.0,-16200000.0,148600000.0,34600000.0,109800000.0,0.34,0.34,320800000.0,327600000.0,1089400000.0,,908500000.0,925700000.0,,,149500000.0,3751000000.0,,689100000.0,3734400000.0,126200000.0,888200000.0,9375500000.0,371800000.0,572400000.0,1037900000.0,2262200000.0,,,197200000.0,135800000.0,5020600000.0,-2425900000.0,31100000.0,4354900000.0,9375500000.0,98500000.0,122900000.0,,-319500000.0,315000000.0,,,,101300000.0,,534500000.0,12900000.0,128800000.0,23900000.0,,0.0,83200000.0,,-1500000.0,54700000.0,31600000.0,,-381500000.0,209500000.0,
2023-09-30,4199700000.0,1805000000.0,2394700000.0,855300000.0,,2050300000.0,344400000.0,-21000000.0,231400000.0,39600000.0,185900000.0,0.58,0.57,320300000.0,326300000.0,1243500000.0,,937300000.0,976300000.0,,,109600000.0,3871300000.0,,687800000.0,3734300000.0,109000000.0,841300000.0,9404800000.0,324400000.0,653200000.0,1037600000.0,2236800000.0,,,201100000.0,154100000.0,5073600000.0,-2419800000.0,22100000.0,4331200000.0,9404800000.0,147400000.0,197600000.0,-154500000.0,-289700000.0,385700000.0,,,,176500000.0,,863700000.0,28100000.0,175100000.0,28200000.0,,0.0,124000000.0,,-1800000.0,50800000.0,61700000.0,,-546900000.0,363500000.0,
2023-12-31,5564500000.0,2362600000.0,3201900000.0,1144400000.0,,2731800000.0,470100000.0,-23800000.0,349000000.0,29200000.0,310200000.0,0.97,0.95,320000000.0,325900000.0,1068100000.0,,1044100000.0,952400000.0,640900000.0,,134200000.0,3795500000.0,,689900000.0,3734400000.0,91800000.0,978700000.0,9518500000.0,295100000.0,386700000.0,1130000000.0,2104000000.0,,,204500000.0,122700000.0,5025800000.0,-2296400000.0,49100000.0,4492700000.0,9518500000.0,194700000.0,279400000.0,-262200000.0,-183400000.0,484400000.0,,,,361000000.0,,872800000.0,155000000.0,217300000.0,31900000.0,,,159400000.0,,5800000.0,-67600000.0,61900000.0,,-618800000.0,186600000.0,400900000.0
2024-03-31,1148900000.0,468000000.0,680900000.0,296600000.0,,695100000.0,-14200000.0,2100000.0,-26400000.0,-27700000.0,-800000.0,-0.0,-0.0,322600000.0,322600000.0,1069800000.0,,814900000.0,958200000.0,676100000.0,,126200000.0,3540900000.0,,688600000.0,3734300000.0,74600000.0,1004200000.0,9478200000.0,250200000.0,363400000.0,1205500000.0,2030000000.0,,,173500000.0,136400000.0,4997000000.0,-2307000000.0,12100000.0,4481200000.0,9478200000.0,44200000.0,79900000.0,-26600000.0,-228800000.0,22500000.0,,,,101000000.0,,325000000.0,283500000.0,45100000.0,6100000.0,,,34800000.0,,0.0,-265500000.0,32100000.0,,-53900000.0,2000000.0,
2024-06-30,2338500000.0,969100000.0,1369400000.0,571200000.0,,1338600000.0,45000000.0,3400000.0,47000000.0,-16900000.0,34100000.0,0.1,0.1,325100000.0,332700000.0,935000000.0,,878900000.0,926100000.0,713600000.0,,138600000.0,3444300000.0,,685200000.0,3734400000.0,63800000.0,1045200000.0,9428300000.0,268300000.0,363500000.0,1147900000.0,2043600000.0,,,74700000.0,140600000.0,4926300000.0,-2272900000.0,9000000.0,4502000000.0,9428300000.0,82200000.0,141200000.0,-64300000.0,-165200000.0,6500000.0,,,,64300000.0,,316100000.0,391500000.0,108900000.0,22600000.0,,,58200000.0,,0.0,-319500000.0,32100000.0,,-124000000.0,-133400000.0,
2024-09-30,3669500000.0,1526700000.0,2142800000.0,861800000.0,,2017900000.0,124900000.0,5700000.0,117500000.0,-14800000.0,125900000.0,0.39,0.38,329400000.0,335900000.0,1065000000.0,,958100000.0,872500000.0,796300000.0,,184600000.0,3525500000.0,,684900000.0,3734400000.0,53100000.0,1118000000.0,9595600000.0,258000000.0,357600000.0,1118100000.0,2048100000.0,,,81100000.0,116900000.0,4952900000.0,-2180700000.0,31800000.0,4642700000.0,9595600000.0,119600000.0,211400000.0,-147600000.0,-86400000.0,-34800000.0,,,,43500000.0,,508300000.0,471300000.0,182300000.0,36700000.0,,,88300000.0,,0.0,-342200000.0,60500000.0,,-168900000.0,-3900000.0,
