Date,Net sales,Cost of sales,Gross margin,Research and development,"Selling, general and administrative",Total operating expenses,Operating income,"Other income/(expense), net",Income before provision for income taxes,Provision for income taxes,Net income,Earnings per share basic,Earnings per share diluted,Weighted-average basic,Weighted-average diluted,Cash and cash equivalents,Short-term marketable securities,"Accounts receivable, net",Inventories,Deferred tax assets,Vendor non-trade receivables,Other current assets,Total current assets,Long-term marketable securities,"Property, Plant and Equipment, Net",Goodwill,"Acquired intangible assets, net","Other Assets, Noncurrent",Total assets,accounts payable,Accrued expenses,Deferred revenue,Total current liabilities,Deferred revenue - non-current,deferred tax liabilities,long term taxes payable,Total other non-current liabilities,Total liabilities,Retained Earnings (Accumulated Deficit),Accumulated other comprehensive (loss)/income,Total shareholders equity,Total liabilities and shareholders' equity,"Depreciation, amortization and accretion",Stock-based compensation expense,Deferred income tax expense,"Increase (Decrease) in Accounts receivable, net",Increase (Decrease) in Inventories,Increase (Decrease) in Other Receivables,Increase (Decrease) in Other Operating Assets,Increase (Decrease) in Accounts Payable,Increase (Decrease) in Deferred Revenue,Increase (Decrease) Other liabilities,Cash generated by operating activities,Purchases of marketable securities,Proceeds from maturities of marketable securities,Proceeds from sales of marketable securities,Purchases of other long-term investments,"Business acquisitions, net of cash acquired",Cash payments for capital asset purchases,Payments for acquisition of intangible assets,Payments for (Proceeds from) Other Investing Activities,Cash used in investing activities,Proceeds from issuance of common stock,Excess tax benefits from stock-based compensation,Cash generated/used in financing activities,Increase/(decrease) in cash and cash equivalents,"Cash paid for income taxes, net"
2009-12-31,100434000000.0,,,,,,,,16067000000.0,4415000000.0,11728000000.0,2.27,2.26,3863000000.0,3880000000.0,,,,,,,,,,11118000000.0,48357000000.0,,,2031989000000.0,,,,,,,,,1866624000000.0,62481000000.0,-91000000.0,165365000000.0,2031989000000.0,2783000000.0,3355000000.0,-3622000000.0,,,,,,,,121897000000.0,346372000000.0,87712000000.0,114041000000.0,,,,,762000000.0,29355000000.0,5756000000.0,17000000.0,-152179000000.0,-689000000.0,
2010-03-31,27671000000.0,,,,,,,,4537000000.0,1211000000.0,3326000000.0,0.75,0.74,3970500000.0,3994700000.0,,,,,,,,,,11123000000.0,48359000000.0,,,2135796000000.0,,,,,,,,,1971075000000.0,61043000000.0,761000000.0,164721000000.0,2135796000000.0,955000000.0,941000000.0,-40000000.0,,,,,,,,19132000000.0,57647000000.0,37323000000.0,20945000000.0,,,,,-515000000.0,-13862000000.0,,12000000.0,285000000.0,5216000000.0,
2010-06-30,52772000000.0,,,,,,,,11644000000.0,3523000000.0,8121000000.0,1.84,1.83,3983500000.0,4005600000.0,,,,,,,,,,11267000000.0,48320000000.0,,,2014019000000.0,,,,,,,,,1842899000000.0,65465000000.0,2404000000.0,171120000000.0,2014019000000.0,1926000000.0,1774000000.0,-567000000.0,,,,,,,,47555000000.0,102291000000.0,57012000000.0,77754000000.0,,,,,-1690000000.0,73674000000.0,,21000000.0,-114152000000.0,6600000000.0,
2010-09-30,76596000000.0,,,,,,,,17847000000.0,5308000000.0,12539000000.0,2.86,2.84,3969400000.0,3990700000.0,,,,,,,,,,11316000000.0,48736000000.0,,,2141595000000.0,,,,,,,,,1967765000000.0,69531000000.0,3096000000.0,173830000000.0,2141595000000.0,2981000000.0,2527000000.0,-1768000000.0,,,,,,,,-5646000000.0,146268000000.0,71848000000.0,85796000000.0,,,,,-1259000000.0,20721000000.0,0.0,23000000.0,-17790000000.0,-2246000000.0,
2010-12-31,102694000000.0,,,,,,,,24859000000.0,7489000000.0,17370000000.0,3.98,3.96,3956300000.0,3976900000.0,,,,,16319000000.0,,,,,13355000000.0,48854000000.0,,,2117605000000.0,,,,,,,,,1941499000000.0,73998000000.0,1001000000.0,176106000000.0,2117605000000.0,4029000000.0,3251000000.0,-968000000.0,,,,,,,,-3752000000.0,179487000000.0,92740000000.0,118600000000.0,,,,,114000000.0,54002000000.0,,26000000.0,-49217000000.0,1361000000.0,
2011-03-31,25221000000.0,,,,,,,,8057000000.0,2502000000.0,5555000000.0,1.29,1.28,3981600000.0,4014100000.0,,,,,,,,,,13422000000.0,48856000000.0,,,2198161000000.0,,,,,,,,,2017563000000.0,78342000000.0,712000000.0,180598000000.0,2198161000000.0,1057000000.0,830000000.0,-214000000.0,,,,,,,,-5979000000.0,39679000000.0,20591000000.0,4373000000.0,,,,,132000000.0,-65810000000.0,,765000000.0,67328000000.0,-4098000000.0,
2011-06-30,52000000000.0,,,,,,,,16184000000.0,5198000000.0,10986000000.0,2.57,2.55,3970000000.0,3998600000.0,,,,,,,,,,13679000000.0,48882000000.0,,,2246764000000.0,,,,,,,,,2063885000000.0,82612000000.0,1638000000.0,182879000000.0,2246764000000.0,2123000000.0,1557000000.0,679000000.0,,,,,,,,58725000000.0,83322000000.0,39902000000.0,42994000000.0,,,,,-6000000.0,-145807000000.0,,776000000.0,89325000000.0,2899000000.0,
2011-12-31,97234000000.0,,,,,,,,26749000000.0,7773000000.0,18976000000.0,4.5,4.48,3900400000.0,3920300000.0,,,,,14776000000.0,,,,,14041000000.0,48188000000.0,,,2265792000000.0,,,,,,,,,2082219000000.0,88315000000.0,944000000.0,183573000000.0,2265792000000.0,4257000000.0,2675000000.0,1693000000.0,,,,,,,,95932000000.0,202309000000.0,86850000000.0,68631000000.0,,,,,63000000.0,-170752000000.0,0.0,867000000.0,107706000000.0,32035000000.0,
2012-03-31,26712000000.0,,,,,,,,7641000000.0,2258000000.0,5383000000.0,1.31,1.31,3818800000.0,3833400000.0,,,,,,,,,,14213000000.0,48208000000.0,,,2320330000000.0,,,,,,,,,2130602000000.0,92347000000.0,2645000000.0,189728000000.0,2320330000000.0,1039000000.0,832000000.0,-444000000.0,,,,,,,,4266000000.0,63368000000.0,32279000000.0,19971000000.0,,,,,447000000.0,-45362000000.0,,276000000.0,35352000000.0,-4219000000.0,
2012-06-30,48232000000.0,,,,,,,,13981000000.0,4097000000.0,9884000000.0,2.41,2.41,3813900000.0,3827000000.0,,,,,,,,,,14206000000.0,48131000000.0,,,2290146000000.0,,,,,,,,,2098574000000.0,95518000000.0,2272000000.0,191572000000.0,2290146000000.0,2065000000.0,1441000000.0,1470000000.0,,,,,,,,46249000000.0,105166000000.0,63411000000.0,55389000000.0,,,,,1342000000.0,-65962000000.0,,283000000.0,4867000000.0,-14736000000.0,
2012-09-30,73378000000.0,,,,,,,,21967000000.0,6375000000.0,15592000000.0,3.82,3.81,3810400000.0,3822600000.0,,,,,,,,,,14271000000.0,48178000000.0,,,2321284000000.0,,,,,,,,,2121591000000.0,99888000000.0,4426000000.0,199693000000.0,2321284000000.0,3177000000.0,2023000000.0,755000000.0,,,,,,,,29590000000.0,149150000000.0,84716000000.0,73111000000.0,,,,,1699000000.0,-69721000000.0,,243000000.0,33621000000.0,-6259000000.0,
2012-12-31,97031000000.0,,,,,,,,28917000000.0,7633000000.0,21284000000.0,5.22,5.2,3809400000.0,3822200000.0,,,,,11260000000.0,,,,,14519000000.0,48175000000.0,,,2359141000000.0,,,,,,,,,2155072000000.0,104223000000.0,4102000000.0,204069000000.0,2359141000000.0,4190000000.0,2545000000.0,1130000000.0,,,,,,,,25079000000.0,189630000000.0,112633000000.0,81957000000.0,,,,,3400000000.0,-119825000000.0,,255000000.0,87707000000.0,-5879000000.0,
2013-03-31,25122000000.0,,,,,,,,9082000000.0,2553000000.0,6529000000.0,1.61,1.59,3818200000.0,3847000000.0,,,,,,,,,,14541000000.0,48067000000.0,,,2389349000000.0,,,,,,,,,2182263000000.0,109402000000.0,3491000000.0,207086000000.0,2389349000000.0,822000000.0,641000000.0,1821000000.0,,,,,,,,19964000000.0,50980000000.0,31175000000.0,20073000000.0,,,,,891000000.0,-55455000000.0,,69000000.0,28180000000.0,-8199000000.0,
2013-06-30,50333000000.0,,,,,,,,18380000000.0,5355000000.0,13025000000.0,3.22,3.19,3800300000.0,3830600000.0,,,,,,,,,,14574000000.0,48057000000.0,,,2439494000000.0,,,,,,,,,2230255000000.0,114216000000.0,136000000.0,209239000000.0,2439494000000.0,2105000000.0,1227000000.0,2167000000.0,,,,,,,,88484000000.0,87180000000.0,52646000000.0,38053000000.0,,,,,1823000000.0,-142245000000.0,,88000000.0,30108000000.0,-24509000000.0,
2013-09-30,73450000000.0,,,,,,,,18414000000.0,5769000000.0,12645000000.0,3.08,3.05,3789200000.0,3820900000.0,,,,,,,,,,14876000000.0,48100000000.0,,,2463309000000.0,,,,,,,,,2256639000000.0,112135000000.0,390000000.0,206670000000.0,2463309000000.0,3616000000.0,1734000000.0,2640000000.0,,,,,,,,115061000000.0,110749000000.0,69892000000.0,51074000000.0,,,,,2403000000.0,-189101000000.0,,122000000.0,51049000000.0,-23059000000.0,
2013-12-31,96606000000.0,,,,,,,,25914000000.0,7991000000.0,17923000000.0,4.39,4.35,3782400000.0,3814900000.0,,,,,6163000000.0,,,,,14891000000.0,48081000000.0,,,2415689000000.0,,,,,,,,,2204511000000.0,115756000000.0,1199000000.0,211178000000.0,2415689000000.0,4669000000.0,2219000000.0,8003000000.0,,,,,,,,107953000000.0,130266000000.0,89631000000.0,73312000000.0,,,,,679000000.0,-150501000000.0,,137000000.0,28324000000.0,-13952000000.0,
2014-03-31,22993000000.0,,,,,,,,7507000000.0,2233000000.0,5274000000.0,1.29,1.28,3787200000.0,3823600000.0,,,,,,,,,,14919000000.0,48065000000.0,,,2476986000000.0,,,,,,,,,2257331000000.0,119318000000.0,2276000000.0,219655000000.0,2476986000000.0,1077000000.0,618000000.0,2796000000.0,,,,,,,,14667000000.0,24775000000.0,22485000000.0,10906000000.0,,,,,580000000.0,-68410000000.0,,339000000.0,40318000000.0,-13450000000.0,
2014-06-30,47447000000.0,,,,,,,,15838000000.0,4579000000.0,11259000000.0,2.77,2.74,3783900000.0,3818100000.0,,,,,,,,,,15216000000.0,48110000000.0,,,2520336000000.0,,,,,,,,,2293022000000.0,123497000000.0,3438000000.0,227314000000.0,2520336000000.0,2163000000.0,1142000000.0,2467000000.0,,,,,,,,10296000000.0,54227000000.0,41248000000.0,14976000000.0,,,,,426000000.0,-97938000000.0,,357000000.0,75436000000.0,-12248000000.0,-739000000.0
2014-09-30,71693000000.0,,,,,,,,23529000000.0,6698000000.0,16831000000.0,4.13,4.1,3774400000.0,3808300000.0,,,,,,,,,,15177000000.0,47970000000.0,,,2527005000000.0,,,,,,,,,2295728000000.0,127234000000.0,3266000000.0,231277000000.0,2527005000000.0,3259000000.0,1681000000.0,1784000000.0,,,,,,,,7847000000.0,96776000000.0,67261000000.0,21054000000.0,,,,,39000000.0,-95630000000.0,,387000000.0,74061000000.0,-14399000000.0,453000000.0
2014-12-31,94205000000.0,,,,,,,,29792000000.0,8030000000.0,21762000000.0,5.34,5.29,3763500000.0,3797500000.0,,,,,2191000000.0,,,,,15133000000.0,47647000000.0,,,2573126000000.0,,,,,,,,,2341061000000.0,130315000000.0,2189000000.0,232065000000.0,2573126000000.0,4759000000.0,2190000000.0,4210000000.0,,,,,,,,36593000000.0,121504000000.0,90664000000.0,38411000000.0,,,,,-1338000000.0,-165636000000.0,,407000000.0,118228000000.0,-11940000000.0,1392000000.0
2015-03-31,,,,,,,,,8224000000.0,2310000000.0,5914000000.0,1.46,1.45,3725300000.0,3757500000.0,,,,,,,,,,14963000000.0,47453000000.0,,,2577148000000.0,,,,,,,,,2341284000000.0,134048000000.0,2430000000.0,235864000000.0,2577148000000.0,1181000000.0,565000000.0,33000000.0,,,,,,,,14879000000.0,21663000000.0,25221000000.0,6909000000.0,,,,,-672000000.0,-24150000000.0,,262000000.0,4337000000.0,-5010000000.0,608000000.0
2015-06-30,,,,,,,,,16601000000.0,4397000000.0,12204000000.0,3.02,2.99,3716600000.0,3750500000.0,,,,,,,,,,15073000000.0,47476000000.0,,,2449599000000.0,,,,,,,,,2208394000000.0,138294000000.0,1102000000.0,241205000000.0,2449599000000.0,2419000000.0,1075000000.0,90000000.0,,,,,,,,32175000000.0,41391000000.0,43454000000.0,22569000000.0,,,,,-760000000.0,77471000000.0,,287000000.0,-113429000000.0,-3736000000.0,5833000000.0
2015-09-30,,,,,,,,,23331000000.0,4323000000.0,19008000000.0,4.72,4.68,3709200000.0,3742200000.0,,,,,,,,,,14709000000.0,47405000000.0,,,2417121000000.0,,,,,,,,,2171393000000.0,143050000000.0,751000000.0,245728000000.0,2417121000000.0,3667000000.0,1539000000.0,-530000000.0,,,,,,,,57299000000.0,54034000000.0,58281000000.0,29303000000.0,,,,,-1659000000.0,79722000000.0,,310000000.0,-143513000000.0,-6573000000.0,6871000000.0
2015-12-31,93543000000.0,,,,,,,,30702000000.0,6260000000.0,24442000000.0,6.05,6.0,3700400000.0,3732800000.0,,,,,2965000000.0,,,,,14362000000.0,47325000000.0,,,2351698000000.0,,,,,,,,,2104125000000.0,146420000000.0,192000000.0,247573000000.0,2351698000000.0,4940000000.0,1987000000.0,1333000000.0,,,,,,,,73466000000.0,70804000000.0,76448000000.0,40444000000.0,,,,,-3703000000.0,106980000000.0,,,-187511000000.0,-7341000000.0,9423000000.0
2016-03-31,,,,,,,,,7578000000.0,2058000000.0,5520000000.0,1.36,1.35,3669900000.0,3696900000.0,,,,,,,,,,14195000000.0,47310000000.0,,,2423808000000.0,,,,,,,,,2173651000000.0,149730000000.0,782000000.0,250157000000.0,2423808000000.0,1289000000.0,519000000.0,906000000.0,,,,,,,,-21383000000.0,19525000000.0,15845000000.0,11676000000.0,,,,,-162000000.0,-34581000000.0,,,53584000000.0,-2278000000.0,447000000.0
2016-06-30,,,,,,,,,16918000000.0,5198000000.0,11720000000.0,2.92,2.89,3652900000.0,3681700000.0,,,,,,,,,,14262000000.0,47303000000.0,,,2466096000000.0,,,,,,,,,2213673000000.0,153749000000.0,1618000000.0,252423000000.0,2466096000000.0,2625000000.0,1073000000.0,577000000.0,,,,,,,,-22907000000.0,42002000000.0,33070000000.0,22559000000.0,,,,,576000000.0,-52064000000.0,,,74159000000.0,-780000000.0,1261000000.0
2016-09-30,,,,,,,,,25857000000.0,7851000000.0,18006000000.0,4.51,4.48,3634400000.0,3664300000.0,,,,,,,,,,14208000000.0,47302000000.0,,,2521029000000.0,,,,,,,,,2266698000000.0,157870000000.0,1474000000.0,254331000000.0,2521029000000.0,4032000000.0,1560000000.0,851000000.0,,,,,,,,-18715000000.0,66767000000.0,49652000000.0,34971000000.0,,,,,1590000000.0,-112102000000.0,,,131699000000.0,900000000.0,1810000000.0
2016-12-31,95668000000.0,,,,,,,,34536000000.0,9803000000.0,24733000000.0,6.24,6.19,3618500000.0,3649800000.0,,,,,22014000000.0,,,,,14131000000.0,47288000000.0,,,2490972000000.0,,,,,,,,,2236782000000.0,162440000000.0,-1175000000.0,254190000000.0,2490972000000.0,5478000000.0,1940000000.0,4651000000.0,,,,,,,,20196000000.0,123959000000.0,65950000000.0,48592000000.0,,,,,2825000000.0,-114949000000.0,,,98271000000.0,3383000000.0,2405000000.0
2017-03-31,,,,,,,,,8341000000.0,1893000000.0,6448000000.0,1.66,1.65,3601700000.0,3630400000.0,,,,,,,,,,14227000000.0,47292000000.0,,,2546290000000.0,,,,,,,,,2290427000000.0,166663000000.0,-923000000.0,255863000000.0,2546290000000.0,1464000000.0,601000000.0,629000000.0,,,,,,,,-20036000000.0,20416000000.0,14522000000.0,12751000000.0,,,,,24000000.0,-27037000000.0,,,43605000000.0,-3389000000.0,356000000.0
2017-06-30,,,,,,,,,18090000000.0,4613000000.0,13477000000.0,3.49,3.47,3587900000.0,3614700000.0,,,,,,,,,,14206000000.0,47300000000.0,,,2563174000000.0,,,,,,,,,2304691000000.0,171488000000.0,-392000000.0,258483000000.0,2563174000000.0,2968000000.0,1126000000.0,-161000000.0,,,,,,,,-13024000000.0,45613000000.0,29481000000.0,42972000000.0,,,,,-550000000.0,-37079000000.0,,,47911000000.0,-2092000000.0,1736000000.0
2017-09-30,,,,,,,,,27646000000.0,7437000000.0,20209000000.0,5.26,5.22,3570900000.0,3597000000.0,,,,,,,,,,14218000000.0,47309000000.0,,,2563074000000.0,,,,,,,,,2304692000000.0,175827000000.0,-309000000.0,258382000000.0,2563074000000.0,4547000000.0,1617000000.0,-187000000.0,,,,,,,,-16038000000.0,73717000000.0,43536000000.0,57640000000.0,,,,,-655000000.0,-22342000000.0,,,36405000000.0,-1879000000.0,3238000000.0
2017-12-31,99624000000.0,,,,,,,,35900000000.0,11459000000.0,24441000000.0,6.35,6.31,3551600000.0,3576800000.0,,,,,8111000000.0,,,,,14159000000.0,47507000000.0,,,2533600000000.0,,,,,,,,,2277907000000.0,177676000000.0,-119000000.0,255693000000.0,2533600000000.0,6179000000.0,2070000000.0,2312000000.0,,,,,,,,-2501000000.0,105309000000.0,56117000000.0,90201000000.0,,,,,563000000.0,-10283000000.0,,,14642000000.0,1954000000.0,4325000000.0
2018-03-31,,,,,,,,,10662000000.0,1950000000.0,8712000000.0,2.38,2.37,3458300000.0,3479500000.0,414812000000.0,,,,,,,,,14382000000.0,47499000000.0,,,2609785000000.0,,,,,,,,,2353584000000.0,183855000000.0,-1063000000.0,256201000000.0,2609785000000.0,1797000000.0,706000000.0,-175000000.0,,,,,,,,-35109000000.0,14680000000.0,10785000000.0,16697000000.0,,,,,649000000.0,-45021000000.0,,,60589000000.0,-16492000000.0,429000000.0
2018-06-30,,,,,,,,,21234000000.0,4206000000.0,17028000000.0,4.69,4.66,3436700000.0,3457100000.0,405180000000.0,,,,,,,,,14132000000.0,47488000000.0,,,2590050000000.0,,,,,,,,,2332592000000.0,189881000000.0,-1138000000.0,257458000000.0,2590050000000.0,3724000000.0,1286000000.0,-216000000.0,,,,,,,,576000000.0,27453000000.0,19718000000.0,25228000000.0,,,,,1912000000.0,-38974000000.0,,,13766000000.0,-26124000000.0,3906000000.0
2018-09-30,,,,,,,,,31923000000.0,6515000000.0,25408000000.0,7.04,7.0,3416500000.0,3436200000.0,419097000000.0,,,,,,,,,14180000000.0,47483000000.0,,,2615183000000.0,,,,,,,,,2356227000000.0,195180000000.0,-2425000000.0,258956000000.0,2615183000000.0,5716000000.0,1808000000.0,-323000000.0,,,,,,,,13765000000.0,46530000000.0,29618000000.0,34322000000.0,,,,,1987000000.0,-39782000000.0,,,16319000000.0,-12207000000.0,2197000000.0
2018-12-31,109029000000.0,,,,,,,,40764000000.0,8290000000.0,32474000000.0,9.04,9.0,3396400000.0,3414000000.0,278793000000.0,,,,7966000000.0,,,,,14934000000.0,47471000000.0,,,2622532000000.0,,,,,,,,,2366017000000.0,199202000000.0,-1507000000.0,256515000000.0,2622532000000.0,7791000000.0,2322000000.0,1721000000.0,,,,,,,,14187000000.0,95091000000.0,37401000000.0,46067000000.0,,,,,4986000000.0,-197993000000.0,,,34158000000.0,-152511000000.0,3542000000.0
2019-03-31,,,,,,,,,11233000000.0,2054000000.0,9179000000.0,2.65,2.65,3298000000.0,3308200000.0,,,,,,,,,,24160000000.0,47474000000.0,,,2737188000000.0,,,,,,,,,2477351000000.0,205437000000.0,-558000000.0,259837000000.0,2737188000000.0,2038000000.0,653000000.0,233000000.0,,,,,,,,-80880000000.0,33244000000.0,7613000000.0,22289000000.0,,,,,1769000000.0,36301000000.0,,,69435000000.0,23811000000.0,534000000.0
2019-06-30,,,,,,,,,22575000000.0,3744000000.0,18831000000.0,5.48,5.46,3274300000.0,3283900000.0,,,,,,,,,,24665000000.0,47477000000.0,,,2727379000000.0,,,,,,,,,2464164000000.0,212093000000.0,1114000000.0,263215000000.0,2727379000000.0,4084000000.0,1223000000.0,-42000000.0,,,,,,,,-94734000000.0,106085000000.0,30547000000.0,35983000000.0,,,,,1663000000.0,27424000000.0,,,56469000000.0,-10755000000.0,2892000000.0
2019-09-30,,,,,,,,,33980000000.0,6069000000.0,27911000000.0,8.17,8.15,3248700000.0,3258000000.0,,,,,,,,,,25117000000.0,47818000000.0,,,2764661000000.0,,,,,,,,,2500313000000.0,217888000000.0,1800000000.0,264348000000.0,2764661000000.0,6229000000.0,1782000000.0,-440000000.0,,,,,,,,-77039000000.0,200262000000.0,41378000000.0,43460000000.0,,,,,4283000000.0,-38181000000.0,,,96006000000.0,-22196000000.0,3478000000.0
2019-12-31,115627000000.0,,,,,,,,44545000000.0,8114000000.0,36431000000.0,10.75,10.72,3221500000.0,3230400000.0,,,,,8203000000.0,,,,,25813000000.0,47823000000.0,,,2687379000000.0,,,,,,,,,2426049000000.0,223211000000.0,1569000000.0,261330000000.0,2687379000000.0,8368000000.0,2256000000.0,949000000.0,,,,,,,,6046000000.0,242149000000.0,52200000000.0,70181000000.0,,,,,5035000000.0,-54013000000.0,,,32987000000.0,-15162000000.0,5624000000.0
2020-03-31,,,,,,,,,3116000000.0,251000000.0,2865000000.0,0.79,0.78,3095800000.0,3100700000.0,,,,,,,,,,25882000000.0,47800000000.0,,,3139431000000.0,,,,,,,,,2878169000000.0,220226000000.0,7418000000.0,261262000000.0,3139431000000.0,2197000000.0,644000000.0,-1329000000.0,,,,,,,,-120772000000.0,131605000000.0,12420000000.0,50990000000.0,,,,,1123000000.0,-135150000000.0,,,362305000000.0,103903000000.0,763000000.0
2020-06-30,,,,,,,,,8681000000.0,1129000000.0,7552000000.0,2.17,2.17,3086100000.0,3090800000.0,,,,,,,,,,26301000000.0,47811000000.0,,,3213115000000.0,,,,,,,,,2948649000000.0,221732000000.0,8789000000.0,264466000000.0,3213115000000.0,4346000000.0,1446000000.0,-4846000000.0,,,,,,,,-37032000000.0,242608000000.0,27070000000.0,65975000000.0,,,,,2118000000.0,-183617000000.0,,,451436000000.0,230098000000.0,3844000000.0
2020-09-30,,,,,,,,,20342000000.0,3347000000.0,16995000000.0,5.1,5.09,3083300000.0,3088100000.0,,,,,,,,,,26672000000.0,47819000000.0,,,3246076000000.0,,,,,,,,,2974963000000.0,228014000000.0,8940000000.0,271113000000.0,3246076000000.0,6487000000.0,1967000000.0,-5436000000.0,,,,,,,,-51858000000.0,281147000000.0,43709000000.0,110354000000.0,,,,,3398000000.0,-198206000000.0,,,470687000000.0,223891000000.0,6124000000.0
2020-12-31,119543000000.0,,,,,,,,35407000000.0,6276000000.0,29131000000.0,8.89,8.88,3082400000.0,3087400000.0,,,,,12752000000.0,,,,,27109000000.0,49248000000.0,,,3386071000000.0,,,,,,,,,3106717000000.0,236990000000.0,7986000000.0,279354000000.0,3386071000000.0,8614000000.0,2451000000.0,-3981000000.0,,,,,,,,-79910000000.0,397145000000.0,57675000000.0,149758000000.0,,,,,7341000000.0,-261912000000.0,,,596645000000.0,263978000000.0,7661000000.0
2021-03-31,,,,,,,,,17697000000.0,3397000000.0,14300000000.0,4.51,4.5,3073500000.0,3078900000.0,,,,,,,,,,26926000000.0,49243000000.0,,,3689336000000.0,,,,,,,,,3408622000000.0,248151000000.0,1041000000.0,280714000000.0,3689336000000.0,2070000000.0,904000000.0,998000000.0,,,,,,,,-43872000000.0,95958000000.0,14096000000.0,80823000000.0,,,,,653000000.0,15391000000.0,,,218911000000.0,183463000000.0,640000000.0
2021-06-30,,,,,,,,,32794000000.0,6546000000.0,26248000000.0,8.3,8.28,3054900000.0,3060300000.0,,,,,,,,,,26631000000.0,49256000000.0,,,3684256000000.0,,,,,,,,,3397870000000.0,256983000000.0,2570000000.0,286386000000.0,3684256000000.0,4073000000.0,1647000000.0,1027000000.0,,,,,,,,-30342000000.0,109944000000.0,28727000000.0,125192000000.0,,,,,3506000000.0,33089000000.0,,,180968000000.0,177812000000.0,13716000000.0
2021-09-30,,,,,,,,,46905000000.0,8970000000.0,37935000000.0,12.05,12.02,3036400000.0,3041700000.0,,,,,,,,,,26996000000.0,50313000000.0,,,3757576000000.0,,,,,,,,,3467535000000.0,265276000000.0,963000000.0,290041000000.0,3757576000000.0,6001000000.0,2265000000.0,-1063000000.0,,,,,,,,-7011000000.0,163211000000.0,39346000000.0,146858000000.0,,,,,7351000000.0,-29186000000.0,,,278015000000.0,232260000000.0,17617000000.0
2021-12-31,121649000000.0,,,,,,,,59562000000.0,11228000000.0,48334000000.0,15.39,15.36,3021500000.0,3026600000.0,,,,,10424000000.0,,,,,27070000000.0,50315000000.0,,,3743567000000.0,,,,,,,,,3449440000000.0,272268000000.0,-84000000.0,294127000000.0,3743567000000.0,7932000000.0,2929000000.0,3748000000.0,,,,,,,,78084000000.0,248785000000.0,50075000000.0,162748000000.0,,,,,11044000000.0,-129344000000.0,,,275993000000.0,213225000000.0,18737000000.0
2022-03-31,,,,,,,,,10063000000.0,1781000000.0,8282000000.0,2.64,2.63,2977000000.0,2981000000.0,,,,,,,,,,26916000000.0,50298000000.0,,,3954687000000.0,,,,,,,,,3668788000000.0,277177000000.0,-9567000000.0,285899000000.0,3954687000000.0,1820000000.0,806000000.0,-730000000.0,,,,,,,,-41917000000.0,45357000000.0,11291000000.0,16971000000.0,,,,,3197000000.0,-72608000000.0,,,132772000000.0,13698000000.0,705000000.0
2022-06-30,,,,,,,,,20928000000.0,3997000000.0,16931000000.0,5.4,5.39,2969600000.0,2973700000.0,,,,,,,,,,26770000000.0,50697000000.0,,,3841314000000.0,,,,,,,,,3555171000000.0,282445000000.0,-14369000000.0,286143000000.0,3841314000000.0,3609000000.0,1625000000.0,-2086000000.0,,,,,,,,24101000000.0,66200000000.0,21913000000.0,36217000000.0,,,,,4753000000.0,-125811000000.0,,,48970000000.0,-71574000000.0,3100000000.0
2022-09-30,,,,,,,,,32929000000.0,6261000000.0,26668000000.0,8.53,8.51,2966800000.0,2970900000.0,,,,,,,,,,27199000000.0,51461000000.0,,,3773884000000.0,,,,,,,,,3485866000000.0,288776000000.0,-19134000000.0,288018000000.0,3773884000000.0,5380000000.0,2309000000.0,-3455000000.0,,,,,,,,5897000000.0,75204000000.0,30646000000.0,62252000000.0,,,,,7503000000.0,-86289000000.0,,,16087000000.0,-96647000000.0,226000000.0
2022-12-31,128695000000.0,,,,,,,,46166000000.0,8490000000.0,37676000000.0,12.1,12.09,2965800000.0,2970000000.0,,,,,5875000000.0,,,,,27734000000.0,51662000000.0,,,3665743000000.0,,,,,,,,,3373411000000.0,296456000000.0,-17341000000.0,292332000000.0,3665743000000.0,7051000000.0,2794000000.0,-2738000000.0,,,,,,,,107119000000.0,126258000000.0,39159000000.0,84616000000.0,,,,,11932000000.0,-137819000000.0,,,-126257000000.0,-173600000000.0,4355000000.0
2023-03-31,,,,,,,,,15967000000.0,3345000000.0,12622000000.0,4.11,4.1,2968500000.0,2972700000.0,,,,,,,,,,28266000000.0,52144000000.0,,,3744305000000.0,,,,,,,,,3441223000000.0,306208000000.0,-14418000000.0,303082000000.0,3744305000000.0,1649000000.0,870000000.0,-606000000.0,,,,,,,,-111241000000.0,26490000000.0,11018000000.0,34554000000.0,,,,,6581000000.0,23794000000.0,,,64557000000.0,-21234000000.0,1382000000.0
2023-06-30,,,,,,,,,33553000000.0,6459000000.0,27094000000.0,8.86,8.85,2956100000.0,2960500000.0,,,,,,,,,,29493000000.0,52380000000.0,,,3868240000000.0,,,,,,,,,3555724000000.0,317359000000.0,-14290000000.0,312516000000.0,3868240000000.0,2156000000.0,1704000000.0,-2238000000.0,,,,,,,,-92376000000.0,52433000000.0,23470000000.0,69875000000.0,,9920000000.0,,,11419000000.0,5551000000.0,,,14642000000.0,-72111000000.0,5466000000.0
2023-09-30,,,,,,,,,50286000000.0,10041000000.0,40245000000.0,13.2,13.18,2946600000.0,2951000000.0,,,,,,,,,,29677000000.0,52492000000.0,,,3898333000000.0,,,,,,,,,3580962000000.0,327044000000.0,-17104000000.0,317371000000.0,3898333000000.0,4175000000.0,2486000000.0,-4544000000.0,,,,,,,,-47257000000.0,82075000000.0,39160000000.0,82922000000.0,,9920000000.0,,,12683000000.0,-12239000000.0,,,10326000000.0,-55865000000.0,5541000000.0
2023-12-31,158104000000.0,,,,,,,,61612000000.0,12060000000.0,49552000000.0,16.25,16.23,2938600000.0,2943100000.0,,,,,10148000000.0,,,,,,52634000000.0,,,3875393000000.0,,,,,,,,,3547515000000.0,332901000000.0,-10443000000.0,327878000000.0,3875393000000.0,7512000000.0,3117000000.0,-4534000000.0,,,,,,,,12974000000.0,115499000000.0,53744000000.0,108434000000.0,,9920000000.0,,,16740000000.0,67643000000.0,,,-25571000000.0,56917000000.0,9908000000.0
2024-03-31,,,,,,,,,17293000000.0,3874000000.0,13419000000.0,4.45,4.44,2908300000.0,2912800000.0,,,,,,,,,,,52636000000.0,,,4090727000000.0,,,,,,,,,3754090000000.0,342414000000.0,-11639000000.0,336637000000.0,4090727000000.0,2004000000.0,938000000.0,-989000000.0,,,,,,,,-154158000000.0,76265000000.0,10356000000.0,28451000000.0,,,,,963000000.0,-43379000000.0,,,141168000000.0,-62035000000.0,1585000000.0
2024-06-30,,,,,,,,,40728000000.0,9160000000.0,31568000000.0,10.58,10.56,2899100000.0,2903900000.0,,,,,,,,,,,52620000000.0,,,4143003000000.0,,,,,,,,,3802451000000.0,356924000000.0,-11338000000.0,340552000000.0,4143003000000.0,4006000000.0,1882000000.0,-1609000000.0,,,,,,,,-115689000000.0,146232000000.0,16742000000.0,61211000000.0,,2362000000.0,,,687000000.0,-137618000000.0,,,168406000000.0,-93332000000.0,7610000000.0
2024-09-30,,,,,,,,,57706000000.0,13240000000.0,44466000000.0,14.97,14.94,2886200000.0,2891200000.0,,,,,,,,,,,52711000000.0,,,4210048000000.0,,,,,,,,,3864212000000.0,365966000000.0,-6784000000.0,345836000000.0,4210048000000.0,5973000000.0,2731000000.0,-243000000.0,,,,,,,,-189770000000.0,233063000000.0,22409000000.0,84394000000.0,,2362000000.0,,,-1209000000.0,-181023000000.0,,,179152000000.0,-189891000000.0,8870000000.0
