Date,Net sales,Cost of sales,Gross margin,Research and development,"Selling, general and administrative",Total operating expenses,Operating income,"Other income/(expense), net",Income before provision for income taxes,Provision for income taxes,Net income,Earnings per share basic,Earnings per share diluted,Weighted-average basic,Weighted-average diluted,Cash and cash equivalents,Short-term marketable securities,"Accounts receivable, net",Inventories,Deferred tax assets,Vendor non-trade receivables,Other current assets,Total current assets,Long-term marketable securities,"Property, Plant and Equipment, Net",Goodwill,"Acquired intangible assets, net","Other Assets, Noncurrent",Total assets,accounts payable,Accrued expenses,Deferred revenue,Total current liabilities,Deferred revenue - non-current,deferred tax liabilities,long term taxes payable,Total other non-current liabilities,Total liabilities,Retained Earnings (Accumulated Deficit),Accumulated other comprehensive (loss)/income,Total shareholders equity,Total liabilities and shareholders' equity,"Depreciation, amortization and accretion",Stock-based compensation expense,Deferred income tax expense,"Increase (Decrease) in Accounts receivable, net",Increase (Decrease) in Inventories,Increase (Decrease) in Other Receivables,Increase (Decrease) in Other Operating Assets,Increase (Decrease) in Accounts Payable,Increase (Decrease) in Deferred Revenue,Increase (Decrease) Other liabilities,Cash generated by operating activities,Purchases of marketable securities,Proceeds from maturities of marketable securities,Proceeds from sales of marketable securities,Purchases of other long-term investments,"Business acquisitions, net of cash acquired",Cash payments for capital asset purchases,Payments for acquisition of intangible assets,Payments for (Proceeds from) Other Investing Activities,Cash used in investing activities,Proceeds from issuance of common stock,Excess tax benefits from stock-based compensation,Cash generated/used in financing activities,Increase/(decrease) in cash and cash equivalents,"Cash paid for income taxes, net"
2010-01-02,,,,,3390000000.0,,2001000000.0,,1684000000.0,476000000.0,1212000000.0,3.17,3.16,,,334000000.0,,1093000000.0,910000000.0,,,221000000.0,2558000000.0,,3010000000.0,3643000000.0,1458000000.0,531000000.0,11200000000.0,1077000000.0,1166000000.0,,2288000000.0,,425000000.0,,947000000.0,,5481000000.0,-1966000000.0,2272000000.0,11200000000.0,384000000.0,,,75000000.0,13000000.0,,,,,,1643000000.0,,,,,0.0,377000000.0,,-7000000.0,-370000000.0,131000000.0,,-1182000000.0,79000000.0,
2010-04-03,,,,,788000000.0,,637000000.0,,573000000.0,156000000.0,418000000.0,1.1,1.09,380000000.0,384000000.0,387000000.0,,1284000000.0,,127000000.0,,,2754000000.0,,2977000000.0,3645000000.0,1458000000.0,380000000.0,11389000000.0,1028000000.0,352000000.0,,3229000000.0,,439000000.0,,951000000.0,,5750000000.0,-2011000000.0,2439000000.0,11389000000.0,87000000.0,,,203000000.0,-93000000.0,,,,,,250000000.0,,,,,,60000000.0,,-1000000.0,-59000000.0,74000000.0,,-134000000.0,53000000.0,
2010-10-02,,,,,2438000000.0,,1661000000.0,,1482000000.0,427000000.0,1058000000.0,2.8,2.78,378000000.0,381000000.0,559000000.0,,1211000000.0,,148000000.0,,,3005000000.0,,3015000000.0,3644000000.0,1457000000.0,395000000.0,11724000000.0,1145000000.0,344000000.0,,3779000000.0,,431000000.0,,926000000.0,,6087000000.0,-1931000000.0,2218000000.0,11724000000.0,265000000.0,24000000.0,,-125000000.0,-43000000.0,,,68000000.0,,,1079000000.0,,,,,,252000000.0,,-2000000.0,-250000000.0,178000000.0,,-611000000.0,225000000.0,
2011-01-01,,,5289000000.0,187000000.0,3299000000.0,,1990000000.0,,1742000000.0,502000000.0,1247000000.0,3.32,3.3,376000000.0,378000000.0,444000000.0,,1190000000.0,1056000000.0,-539000000.0,,225000000.0,2915000000.0,,3128000000.0,3628000000.0,1456000000.0,720000000.0,11847000000.0,1149000000.0,1039000000.0,,3184000000.0,,697000000.0,,639000000.0,,6122000000.0,-1914000000.0,2158000000.0,11847000000.0,392000000.0,29000000.0,266000000.0,-59000000.0,146000000.0,,,72000000.0,,,1008000000.0,,,,,,474000000.0,,-9000000.0,-465000000.0,204000000.0,,-439000000.0,110000000.0,
2011-04-02,,,,,849000000.0,,572000000.0,,505000000.0,140000000.0,366000000.0,1.0,1.0,365000000.0,368000000.0,404000000.0,,1367000000.0,,134000000.0,,,3051000000.0,,3183000000.0,3630000000.0,1456000000.0,405000000.0,12188000000.0,1199000000.0,408000000.0,,3418000000.0,,749000000.0,,636000000.0,,6325000000.0,-1789000000.0,2309000000.0,12188000000.0,89000000.0,10000000.0,,301000000.0,-81000000.0,,,50000000.0,,,310000000.0,,,,,,103000000.0,,-4000000.0,-99000000.0,122000000.0,,-266000000.0,-40000000.0,
2011-07-02,,,,,1749000000.0,,1115000000.0,,994000000.0,287000000.0,709000000.0,1.95,1.93,364000000.0,367000000.0,457000000.0,,1364000000.0,,161000000.0,,,3136000000.0,,3246000000.0,3632000000.0,1455000000.0,413000000.0,12356000000.0,1208000000.0,412000000.0,,3026000000.0,,768000000.0,,416000000.0,,6511000000.0,-1765000000.0,2474000000.0,12356000000.0,175000000.0,22000000.0,,285000000.0,-39000000.0,,,59000000.0,,,646000000.0,,,,,,243000000.0,,-5000000.0,-238000000.0,249000000.0,,-417000000.0,13000000.0,
2011-10-01,,,,,2635000000.0,,1579000000.0,,1391000000.0,394000000.0,999000000.0,2.75,2.73,363000000.0,365000000.0,582000000.0,,1302000000.0,,159000000.0,,,3178000000.0,,3193000000.0,3622000000.0,1455000000.0,335000000.0,12263000000.0,1200000000.0,461000000.0,,3101000000.0,,790000000.0,,401000000.0,,6644000000.0,-1926000000.0,2283000000.0,12263000000.0,270000000.0,30000000.0,,224000000.0,-43000000.0,,,51000000.0,,,1269000000.0,,,,,,392000000.0,,-11000000.0,-381000000.0,265000000.0,,-730000000.0,138000000.0,
2011-12-31,,,,,,,,,,,,,,,,460000000.0,,1188000000.0,1132000000.0,-419000000.0,,247000000.0,3027000000.0,,3281000000.0,3623000000.0,1454000000.0,366000000.0,11901000000.0,1189000000.0,1129000000.0,,3313000000.0,,637000000.0,,404000000.0,,6721000000.0,-2458000000.0,1760000000.0,11901000000.0,,,,,,,,,,,,,,,,,,,,,,,,,
2012-03-31,,,,,836000000.0,,535000000.0,,515000000.0,157000000.0,358000000.0,1.0,1.0,357000000.0,359000000.0,404000000.0,,1304000000.0,,197000000.0,,,3192000000.0,,3295000000.0,3628000000.0,1454000000.0,375000000.0,12134000000.0,1186000000.0,,,4011000000.0,,648000000.0,,419000000.0,,6917000000.0,-2348000000.0,2062000000.0,12134000000.0,95000000.0,12000000.0,,168000000.0,14000000.0,,,1000000.0,,,340000000.0,,,,,,63000000.0,,-6000000.0,-57000000.0,41000000.0,,-355000000.0,-56000000.0,
2012-06-30,,,,,1765000000.0,,1020000000.0,,918000000.0,259000000.0,659000000.0,1.85,1.84,357000000.0,359000000.0,230000000.0,,1420000000.0,,176000000.0,,,3211000000.0,,3561000000.0,5044000000.0,2193000000.0,436000000.0,14640000000.0,1226000000.0,,,4606000000.0,,644000000.0,,431000000.0,,7061000000.0,-2438000000.0,2151000000.0,14640000000.0,194000000.0,22000000.0,,69000000.0,2000000.0,,,32000000.0,,,680000000.0,,,,,2674000000.0,155000000.0,,-6000000.0,-2823000000.0,65000000.0,,1920000000.0,-230000000.0,
2012-09-29,,,,,2728000000.0,,1499000000.0,,1335000000.0,379000000.0,955000000.0,2.67,2.66,358000000.0,359000000.0,305000000.0,,1414000000.0,,172000000.0,,,3306000000.0,,3599000000.0,5025000000.0,2255000000.0,436000000.0,14854000000.0,1338000000.0,,,4514000000.0,,643000000.0,,431000000.0,,7196000000.0,-2323000000.0,2436000000.0,14854000000.0,302000000.0,32000000.0,,95000000.0,47000000.0,,,145000000.0,,,1375000000.0,,,,,2674000000.0,262000000.0,,-8000000.0,-2928000000.0,87000000.0,,1397000000.0,-155000000.0,
2012-12-29,,,5434000000.0,206000000.0,3872000000.0,,1562000000.0,,1325000000.0,363000000.0,961000000.0,2.68,2.67,358000000.0,360000000.0,281000000.0,,1454000000.0,1365000000.0,-262000000.0,,280000000.0,3380000000.0,,3782000000.0,5053000000.0,2359000000.0,465000000.0,15184000000.0,1402000000.0,1301000000.0,,4523000000.0,,523000000.0,,409000000.0,,5615000000.0,-931000000.0,2419000000.0,15184000000.0,448000000.0,46000000.0,-159000000.0,65000000.0,80000000.0,,,208000000.0,,,1758000000.0,,,,,2668000000.0,533000000.0,,44000000.0,-3245000000.0,229000000.0,,1317000000.0,-179000000.0,
2013-03-30,,,,,890000000.0,,503000000.0,,436000000.0,124000000.0,311000000.0,0.86,0.85,363000000.0,366000000.0,252000000.0,,1588000000.0,,168000000.0,,,3462000000.0,,3745000000.0,5058000000.0,2346000000.0,450000000.0,15224000000.0,1447000000.0,,,3568000000.0,,563000000.0,,384000000.0,,5749000000.0,-947000000.0,2781000000.0,15224000000.0,113000000.0,9000000.0,,142000000.0,-80000000.0,,,45000000.0,,,338000000.0,,,,,,102000000.0,,0.0,-102000000.0,265000000.0,,-260000000.0,-29000000.0,
2013-06-29,,,,,1797000000.0,,1073000000.0,,940000000.0,274000000.0,663000000.0,1.82,1.81,364000000.0,367000000.0,262000000.0,,1512000000.0,,161000000.0,,,3407000000.0,,3719000000.0,5019000000.0,2347000000.0,413000000.0,15076000000.0,1364000000.0,,,3969000000.0,,569000000.0,,440000000.0,,5939000000.0,-1023000000.0,2558000000.0,15076000000.0,226000000.0,21000000.0,,112000000.0,-91000000.0,,,-38000000.0,,,705000000.0,,,,,0.0,238000000.0,,1000000.0,-239000000.0,408000000.0,,-480000000.0,-19000000.0,
2013-09-28,,,,,2743000000.0,,1577000000.0,,1392000000.0,398000000.0,989000000.0,2.72,2.7,363000000.0,366000000.0,300000000.0,,1474000000.0,,185000000.0,,,3434000000.0,,3777000000.0,5052000000.0,2364000000.0,406000000.0,15220000000.0,1399000000.0,,,3834000000.0,,560000000.0,,425000000.0,,6098000000.0,-963000000.0,2835000000.0,15220000000.0,340000000.0,31000000.0,,113000000.0,-52000000.0,,,-2000000.0,,,1389000000.0,,,,,0.0,363000000.0,,1000000.0,-364000000.0,450000000.0,,-982000000.0,19000000.0,
2013-12-28,,,6103000000.0,199000000.0,3266000000.0,,2837000000.0,,2606000000.0,792000000.0,1807000000.0,4.98,4.94,363000000.0,365000000.0,273000000.0,,1424000000.0,1248000000.0,-599000000.0,,322000000.0,3267000000.0,,3856000000.0,5051000000.0,2367000000.0,514000000.0,15474000000.0,1432000000.0,1375000000.0,,3835000000.0,,928000000.0,,429000000.0,,6749000000.0,-936000000.0,3545000000.0,15474000000.0,532000000.0,38000000.0,317000000.0,46000000.0,-116000000.0,,,30000000.0,,,1807000000.0,,,,,0.0,637000000.0,,4000000.0,-641000000.0,475000000.0,,-1141000000.0,-8000000.0,
2014-03-29,,,,,890000000.0,,614000000.0,,572000000.0,165000000.0,406000000.0,1.13,1.12,360000000.0,362000000.0,284000000.0,,1605000000.0,,155000000.0,,,3504000000.0,,3851000000.0,5049000000.0,2369000000.0,440000000.0,15728000000.0,1383000000.0,,,5073000000.0,,915000000.0,,419000000.0,,6985000000.0,-939000000.0,3511000000.0,15728000000.0,116000000.0,14000000.0,,195000000.0,29000000.0,,,-49000000.0,,,268000000.0,,,,,,97000000.0,,2000000.0,-99000000.0,37000000.0,,-147000000.0,11000000.0,
2014-06-28,,,,,1834000000.0,,1081000000.0,,992000000.0,287000000.0,701000000.0,1.95,1.94,360000000.0,362000000.0,290000000.0,,1544000000.0,,169000000.0,,,3491000000.0,,3879000000.0,5055000000.0,2361000000.0,526000000.0,15813000000.0,1462000000.0,,,4295000000.0,,917000000.0,,421000000.0,,7113000000.0,-928000000.0,3752000000.0,15813000000.0,235000000.0,28000000.0,,136000000.0,55000000.0,,,30000000.0,,,654000000.0,,,,,,226000000.0,,0.0,-226000000.0,133000000.0,,-408000000.0,17000000.0,
2014-09-27,,,,,2761000000.0,,1446000000.0,,1304000000.0,373000000.0,925000000.0,2.58,2.56,359000000.0,361000000.0,426000000.0,,1565000000.0,,207000000.0,,,3572000000.0,,3790000000.0,5021000000.0,2327000000.0,550000000.0,15772000000.0,1466000000.0,,,4662000000.0,,943000000.0,,430000000.0,,7161000000.0,-1016000000.0,3383000000.0,15772000000.0,375000000.0,31000000.0,,122000000.0,-40000000.0,,,34000000.0,,,1177000000.0,,,,,,355000000.0,,-7000000.0,-348000000.0,164000000.0,,-688000000.0,153000000.0,
2015-01-03,,,5063000000.0,199000000.0,4039000000.0,,1024000000.0,,825000000.0,186000000.0,632000000.0,1.76,1.75,358000000.0,360000000.0,443000000.0,,1276000000.0,1279000000.0,-377000000.0,,342000000.0,3340000000.0,,3769000000.0,4971000000.0,2295000000.0,528000000.0,15153000000.0,1528000000.0,1401000000.0,,4364000000.0,,726000000.0,,418000000.0,,6689000000.0,-1213000000.0,2789000000.0,15153000000.0,503000000.0,41000000.0,-254000000.0,-131000000.0,30000000.0,,,96000000.0,,,1793000000.0,,,,,0.0,582000000.0,,-9000000.0,-573000000.0,217000000.0,,-1063000000.0,170000000.0,
2015-04-04,,,,,861000000.0,,384000000.0,,304000000.0,76000000.0,227000000.0,0.64,0.64,355000000.0,357000000.0,349000000.0,,1503000000.0,,170000000.0,,,3441000000.0,,3719000000.0,4993000000.0,2282000000.0,519000000.0,15208000000.0,1537000000.0,,,4000000000.0,,764000000.0,,396000000.0,,6739000000.0,-1291000000.0,2546000000.0,15208000000.0,131000000.0,12000000.0,,240000000.0,-70000000.0,,,27000000.0,,,95000000.0,,,,,117000000.0,83000000.0,,-3000000.0,-197000000.0,57000000.0,,13000000.0,-94000000.0,
2015-07-04,,,,,1690000000.0,,796000000.0,,612000000.0,161000000.0,450000000.0,1.27,1.26,354000000.0,356000000.0,294000000.0,,1420000000.0,,161000000.0,,,3326000000.0,,3624000000.0,4978000000.0,2266000000.0,489000000.0,14962000000.0,1591000000.0,,,4519000000.0,,747000000.0,,425000000.0,,6789000000.0,-1281000000.0,2652000000.0,14962000000.0,269000000.0,,,207000000.0,-5000000.0,,,114000000.0,,,541000000.0,,,,,117000000.0,218000000.0,,-42000000.0,-293000000.0,90000000.0,,-357000000.0,-149000000.0,
2015-10-03,,,,,2589000000.0,,1130000000.0,,884000000.0,227000000.0,655000000.0,1.85,1.84,354000000.0,356000000.0,299000000.0,,1457000000.0,,193000000.0,,,3353000000.0,,3594000000.0,4988000000.0,2281000000.0,565000000.0,15518000000.0,1610000000.0,,,5072000000.0,,765000000.0,,391000000.0,,6815000000.0,-1322000000.0,2663000000.0,15518000000.0,387000000.0,,,214000000.0,-1000000.0,,,135000000.0,,,942000000.0,,,,,161000000.0,362000000.0,,-43000000.0,-936000000.0,196000000.0,,-110000000.0,-144000000.0,
2016-01-02,,,4681000000.0,193000000.0,3590000000.0,,1091000000.0,,773000000.0,159000000.0,614000000.0,1.74,1.72,354000000.0,356000000.0,251000000.0,,1344000000.0,1250000000.0,-320000000.0,,391000000.0,3236000000.0,,3621000000.0,4968000000.0,2268000000.0,485000000.0,15265000000.0,1907000000.0,1362000000.0,,5739000000.0,,685000000.0,,468000000.0,,6597000000.0,-1376000000.0,2128000000.0,15265000000.0,534000000.0,55000000.0,-169000000.0,127000000.0,42000000.0,,,427000000.0,,,1691000000.0,,,,,161000000.0,553000000.0,,-43000000.0,-1127000000.0,261000000.0,,-706000000.0,-192000000.0,
2016-04-02,,,,,807000000.0,,438000000.0,,221000000.0,47000000.0,175000000.0,0.5,0.49,351000000.0,355000000.0,310000000.0,,1505000000.0,,0.0,,,3219000000.0,,3617000000.0,4974000000.0,2293000000.0,481000000.0,15297000000.0,1926000000.0,,,5162000000.0,,447000000.0,,384000000.0,,6595000000.0,-1434000000.0,2031000000.0,15297000000.0,115000000.0,,,201000000.0,-49000000.0,,,89000000.0,,,5000000.0,,,,,18000000.0,144000000.0,,-7000000.0,-155000000.0,164000000.0,,214000000.0,59000000.0,
2016-07-02,,,,,1628000000.0,,887000000.0,,606000000.0,153000000.0,455000000.0,1.3,1.29,350000000.0,354000000.0,531000000.0,,1473000000.0,,0.0,,,3421000000.0,,3543000000.0,4963000000.0,2282000000.0,497000000.0,15387000000.0,1988000000.0,,,5271000000.0,,477000000.0,,382000000.0,,6701000000.0,-1494000000.0,1990000000.0,15387000000.0,251000000.0,,,159000000.0,-17000000.0,,,157000000.0,,,648000000.0,,,,,15000000.0,249000000.0,,15000000.0,-250000000.0,233000000.0,,-94000000.0,280000000.0,
2016-10-01,,,,,2482000000.0,,1297000000.0,,961000000.0,215000000.0,747000000.0,2.13,2.11,350000000.0,354000000.0,346000000.0,,1523000000.0,,0.0,,,3296000000.0,,3558000000.0,4971000000.0,2287000000.0,513000000.0,15319000000.0,1986000000.0,,,5001000000.0,,459000000.0,,385000000.0,,6807000000.0,-1505000000.0,2185000000.0,15319000000.0,357000000.0,,,208000000.0,-25000000.0,,,139000000.0,,,1021000000.0,,,,,21000000.0,376000000.0,,11000000.0,-381000000.0,356000000.0,,-521000000.0,95000000.0,
2016-12-31,,,,,,,,,,,,,,,,280000000.0,,1231000000.0,1238000000.0,599000000.0,,191000000.0,2940000000.0,,3569000000.0,5166000000.0,2369000000.0,629000000.0,15111000000.0,2014000000.0,1391000000.0,,4474000000.0,,525000000.0,,464000000.0,,6571000000.0,-1575000000.0,1910000000.0,15111000000.0,,,,,,,,,,,,,,,,,,,,,,,,,
2017-04-01,,,,,844000000.0,,360000000.0,,302000000.0,42000000.0,262000000.0,0.75,0.74,351000000.0,354000000.0,298000000.0,,1464000000.0,,,,,3146000000.0,,3576000000.0,5084000000.0,2442000000.0,739000000.0,15427000000.0,1995000000.0,,,4732000000.0,,456000000.0,,494000000.0,,6650000000.0,-1488000000.0,2006000000.0,15427000000.0,121000000.0,,,192000000.0,-58000000.0,,,11000000.0,,,211000000.0,,,,,0.0,130000000.0,,1000000.0,-131000000.0,40000000.0,,-77000000.0,18000000.0,
2017-07-01,,,,,1656000000.0,,813000000.0,,686000000.0,144000000.0,544000000.0,1.56,1.54,350000000.0,353000000.0,334000000.0,,1427000000.0,,,,,3167000000.0,,3613000000.0,5127000000.0,2423000000.0,770000000.0,15535000000.0,2057000000.0,,,4688000000.0,,401000000.0,,476000000.0,,6752000000.0,-1495000000.0,1834000000.0,15535000000.0,240000000.0,,,148000000.0,-63000000.0,,,70000000.0,,,654000000.0,,,,,,268000000.0,,4000000.0,-262000000.0,65000000.0,,-372000000.0,54000000.0,
2017-09-30,,,,,2424000000.0,,1277000000.0,,1084000000.0,248000000.0,841000000.0,2.41,2.39,348000000.0,351000000.0,267000000.0,,1512000000.0,,,,,3172000000.0,,3629000000.0,5135000000.0,2442000000.0,831000000.0,15641000000.0,2140000000.0,,,4647000000.0,,411000000.0,,491000000.0,,6862000000.0,-1466000000.0,1927000000.0,15641000000.0,366000000.0,,,223000000.0,-78000000.0,,,135000000.0,,,1121000000.0,,,,,,374000000.0,,7000000.0,-363000000.0,87000000.0,,-815000000.0,-13000000.0,
2017-12-30,,,5022000000.0,148000000.0,3076000000.0,,1946000000.0,,1674000000.0,412000000.0,1269000000.0,3.65,3.62,348000000.0,350000000.0,281000000.0,,1389000000.0,1217000000.0,470000000.0,,149000000.0,3036000000.0,,3716000000.0,5504000000.0,2639000000.0,1026000000.0,16350000000.0,2269000000.0,1431000000.0,,4479000000.0,,363000000.0,192000000.0,605000000.0,,7103000000.0,-1457000000.0,2212000000.0,16350000000.0,481000000.0,71000000.0,-56000000.0,57000000.0,-80000000.0,,,193000000.0,,,1646000000.0,,,,,592000000.0,501000000.0,,-6000000.0,-1094000000.0,97000000.0,,-604000000.0,1000000.0,
2018-03-31,,,,,742000000.0,,510000000.0,,511000000.0,67000000.0,444000000.0,1.28,1.27,346000000.0,348000000.0,370000000.0,,1601000000.0,1214000000.0,,,135000000.0,3320000000.0,,3713000000.0,5514000000.0,2650000000.0,1080000000.0,16702000000.0,2230000000.0,1408000000.0,,4515000000.0,,357000000.0,192000000.0,583000000.0,,7334000000.0,-1407000000.0,2538000000.0,16702000000.0,122000000.0,,,175000000.0,-13000000.0,,,-4000000.0,,,228000000.0,,,,,,132000000.0,,-1000000.0,-131000000.0,50000000.0,,-38000000.0,89000000.0,
2018-06-30,,,,,1477000000.0,,984000000.0,,982000000.0,137000000.0,1040000000.0,3.0,2.99,347000000.0,348000000.0,257000000.0,,1530000000.0,1291000000.0,,,189000000.0,3267000000.0,,3638000000.0,6072000000.0,3391000000.0,1112000000.0,17901000000.0,2306000000.0,1329000000.0,,3966000000.0,,714000000.0,182000000.0,548000000.0,,7743000000.0,-1501000000.0,2838000000.0,17901000000.0,234000000.0,,,83000000.0,38000000.0,,,64000000.0,,,447000000.0,,,,,,270000000.0,,-29000000.0,-661000000.0,70000000.0,,162000000.0,-24000000.0,
2018-09-29,,6593000000.0,,,2257000000.0,,1380000000.0,,1436000000.0,206000000.0,1420000000.0,4.1,4.07,347000000.0,349000000.0,309000000.0,,1612000000.0,1319000000.0,,,163000000.0,3403000000.0,,3639000000.0,6055000000.0,3372000000.0,1223000000.0,18114000000.0,2367000000.0,1455000000.0,,4030000000.0,,752000000.0,121000000.0,489000000.0,,7929000000.0,-1512000000.0,3048000000.0,18114000000.0,374000000.0,,,139000000.0,67000000.0,,,103000000.0,,,926000000.0,,,,,,389000000.0,,-27000000.0,-785000000.0,160000000.0,,-136000000.0,28000000.0,
2018-12-29,13547000000.0,8821000000.0,4726000000.0,154000000.0,3020000000.0,,1706000000.0,,1329000000.0,181000000.0,1336000000.0,3.85,3.83,347000000.0,348000000.0,321000000.0,,1375000000.0,1330000000.0,368000000.0,,131000000.0,3157000000.0,,3731000000.0,6050000000.0,3361000000.0,1068000000.0,17780000000.0,2427000000.0,1416000000.0,,4529000000.0,,730000000.0,115000000.0,504000000.0,,7652000000.0,-1500000000.0,2601000000.0,17780000000.0,516000000.0,64000000.0,47000000.0,-76000000.0,86000000.0,,,115000000.0,,,1536000000.0,,,,,28000000.0,578000000.0,,-55000000.0,-948000000.0,167000000.0,,-566000000.0,40000000.0,
2019-03-30,3522000000.0,2415000000.0,,,726000000.0,,381000000.0,,359000000.0,72000000.0,282000000.0,0.82,0.82,342000000.0,343000000.0,272000000.0,,1633000000.0,1319000000.0,,,149000000.0,3373000000.0,,3733000000.0,6054000000.0,3349000000.0,1108000000.0,18465000000.0,2370000000.0,1386000000.0,,4978000000.0,,755000000.0,118000000.0,483000000.0,,7762000000.0,-1467000000.0,2533000000.0,18465000000.0,124000000.0,,,229000000.0,-12000000.0,,,-16000000.0,,,70000000.0,7000000.0,,7000000.0,,,148000000.0,,15000000.0,-163000000.0,7000000.0,,24000000.0,-49000000.0,
2019-06-29,6983000000.0,4690000000.0,,,1515000000.0,,778000000.0,,726000000.0,146000000.0,568000000.0,1.66,1.66,341000000.0,342000000.0,340000000.0,,1643000000.0,1234000000.0,,,175000000.0,3504000000.0,,3526000000.0,5871000000.0,2587000000.0,1171000000.0,18669000000.0,2401000000.0,1409000000.0,,4989000000.0,,778000000.0,118000000.0,488000000.0,,7858000000.0,-1469000000.0,2650000000.0,18669000000.0,243000000.0,29000000.0,,239000000.0,6000000.0,,,29000000.0,,,520000000.0,16000000.0,,16000000.0,,,294000000.0,,25000000.0,-327000000.0,12000000.0,,-177000000.0,19000000.0,
2019-09-28,10355000000.0,7062000000.0,,,2252000000.0,,1041000000.0,,1067000000.0,237000000.0,815000000.0,2.39,2.38,341000000.0,342000000.0,453000000.0,,1643000000.0,1200000000.0,,,196000000.0,3492000000.0,,3493000000.0,5842000000.0,2572000000.0,1231000000.0,17499000000.0,2338000000.0,1755000000.0,,4389000000.0,,589000000.0,97000000.0,579000000.0,,7910000000.0,-1483000000.0,2727000000.0,17499000000.0,360000000.0,42000000.0,,253000000.0,-16000000.0,,,0.0,,,925000000.0,18000000.0,,83000000.0,,,436000000.0,,22000000.0,931000000.0,40000000.0,,-1731000000.0,132000000.0,
2019-12-28,13578000000.0,9197000000.0,4381000000.0,144000000.0,2980000000.0,,1401000000.0,,1305000000.0,321000000.0,960000000.0,2.81,2.8,,,397000000.0,,1576000000.0,1226000000.0,385000000.0,,232000000.0,3431000000.0,,3612000000.0,5861000000.0,2576000000.0,1139000000.0,17564000000.0,2387000000.0,1550000000.0,,4778000000.0,,596000000.0,81000000.0,543000000.0,,7859000000.0,-1448000000.0,2747000000.0,17564000000.0,484000000.0,61000000.0,-153000000.0,145000000.0,-2000000.0,,,-9000000.0,,,1176000000.0,18000000.0,,83000000.0,,8000000.0,586000000.0,,28000000.0,774000000.0,64000000.0,,-1905000000.0,76000000.0,
2020-03-28,3412000000.0,2268000000.0,,,685000000.0,,459000000.0,,446000000.0,94000000.0,347000000.0,1.01,1.01,342000000.0,344000000.0,1016000000.0,,1748000000.0,1189000000.0,,,337000000.0,4290000000.0,,3440000000.0,5772000000.0,2503000000.0,1237000000.0,18240000000.0,2329000000.0,1199000000.0,,5595000000.0,,,82000000.0,515000000.0,,8010000000.0,-1727000000.0,2674000000.0,18240000000.0,117000000.0,19000000.0,,194000000.0,-1000000.0,,,44000000.0,,,391000000.0,65000000.0,,5000000.0,,,112000000.0,,27000000.0,-202000000.0,46000000.0,,477000000.0,619000000.0,
2020-06-27,6877000000.0,4536000000.0,,,1375000000.0,,966000000.0,,912000000.0,203000000.0,698000000.0,2.04,2.02,343000000.0,345000000.0,1047000000.0,200000000.0,1692000000.0,1230000000.0,,,323000000.0,4492000000.0,,3436000000.0,5768000000.0,2486000000.0,1308000000.0,18551000000.0,2393000000.0,1137000000.0,,5856000000.0,,,82000000.0,534000000.0,,8166000000.0,-1717000000.0,2870000000.0,18551000000.0,234000000.0,37000000.0,,165000000.0,33000000.0,,,105000000.0,,,971000000.0,70000000.0,,7000000.0,,,218000000.0,,30000000.0,-515000000.0,60000000.0,,234000000.0,650000000.0,
2020-09-26,10306000000.0,6764000000.0,,,2166000000.0,,1376000000.0,,1331000000.0,268000000.0,1046000000.0,3.05,3.03,343000000.0,346000000.0,1329000000.0,250000000.0,1626000000.0,1263000000.0,,,285000000.0,4753000000.0,,3484000000.0,5780000000.0,2498000000.0,1352000000.0,18922000000.0,2449000000.0,1125000000.0,,6034000000.0,,,54000000.0,520000000.0,,8318000000.0,-1757000000.0,3044000000.0,18922000000.0,355000000.0,55000000.0,,113000000.0,57000000.0,,,108000000.0,,,1593000000.0,75000000.0,,13000000.0,,,326000000.0,,7000000.0,-649000000.0,105000000.0,,21000000.0,932000000.0,
2021-01-02,13770000000.0,9043000000.0,4727000000.0,135000000.0,2966000000.0,,1761000000.0,,1601000000.0,323000000.0,1251000000.0,3.65,3.63,,,435000000.0,,1537000000.0,1284000000.0,594000000.0,,226000000.0,3482000000.0,,3713000000.0,5799000000.0,2491000000.0,1462000000.0,17996000000.0,2471000000.0,1145000000.0,,5238000000.0,,,56000000.0,525000000.0,,8326000000.0,-1732000000.0,3112000000.0,17996000000.0,479000000.0,81000000.0,68000000.0,-75000000.0,54000000.0,,,-9000000.0,,,1986000000.0,81000000.0,,19000000.0,,0.0,505000000.0,,7000000.0,-585000000.0,112000000.0,,-1388000000.0,38000000.0,
2021-04-03,3584000000.0,2418000000.0,,,694000000.0,,472000000.0,,482000000.0,109000000.0,368000000.0,1.07,1.07,342000000.0,344000000.0,391000000.0,,1660000000.0,1319000000.0,,,269000000.0,3639000000.0,,3636000000.0,5768000000.0,2449000000.0,1534000000.0,18064000000.0,2476000000.0,981000000.0,,5385000000.0,,,,507000000.0,,8506000000.0,-1665000000.0,3138000000.0,18064000000.0,112000000.0,20000000.0,,155000000.0,50000000.0,,,118000000.0,,,235000000.0,2000000.0,,5000000.0,,,173000000.0,,17000000.0,-189000000.0,18000000.0,,-95000000.0,-44000000.0,
2021-07-03,7139000000.0,4749000000.0,,,1414000000.0,,976000000.0,,1014000000.0,253000000.0,748000000.0,2.19,2.18,341000000.0,343000000.0,395000000.0,,1659000000.0,1365000000.0,,,328000000.0,3747000000.0,,3666000000.0,5783000000.0,2454000000.0,1508000000.0,18213000000.0,2491000000.0,958000000.0,,4946000000.0,,,,506000000.0,,8688000000.0,-1663000000.0,3362000000.0,18213000000.0,232000000.0,39000000.0,,138000000.0,89000000.0,,,139000000.0,,,687000000.0,5000000.0,,6000000.0,,,301000000.0,,18000000.0,-330000000.0,38000000.0,,-401000000.0,-40000000.0,
2021-10-02,10761000000.0,7206000000.0,,,2132000000.0,,1423000000.0,,1406000000.0,345000000.0,1055000000.0,3.09,3.07,341000000.0,343000000.0,440000000.0,,1680000000.0,1378000000.0,,,301000000.0,3799000000.0,,3753000000.0,5794000000.0,2441000000.0,1546000000.0,18407000000.0,2526000000.0,745000000.0,,5029000000.0,,,,495000000.0,,8796000000.0,-1693000000.0,3484000000.0,18407000000.0,346000000.0,50000000.0,,196000000.0,103000000.0,,,198000000.0,,,1145000000.0,56000000.0,,69000000.0,,,408000000.0,,-21000000.0,-385000000.0,50000000.0,,-740000000.0,5000000.0,
2022-01-01,14181000000.0,9621000000.0,,134000000.0,2808000000.0,,1752000000.0,,1966000000.0,474000000.0,1488000000.0,4.36,4.33,,,286000000.0,,1489000000.0,1398000000.0,454000000.0,,221000000.0,3394000000.0,,3827000000.0,5771000000.0,2409000000.0,1713000000.0,18178000000.0,2573000000.0,763000000.0,,5315000000.0,,,40000000.0,456000000.0,,9028000000.0,-1721000000.0,3720000000.0,18178000000.0,467000000.0,75000000.0,125000000.0,9000000.0,135000000.0,,,194000000.0,,,1701000000.0,61000000.0,,72000000.0,,,553000000.0,,-24000000.0,-528000000.0,63000000.0,,-1306000000.0,-149000000.0,
2022-04-02,3672000000.0,2513000000.0,,,642000000.0,,517000000.0,,535000000.0,112000000.0,422000000.0,1.24,1.23,340000000.0,342000000.0,313000000.0,,1687000000.0,1559000000.0,,,257000000.0,3816000000.0,,3773000000.0,5783000000.0,2409000000.0,1725000000.0,18612000000.0,2705000000.0,764000000.0,,5848000000.0,,,,513000000.0,,9254000000.0,-1611000000.0,3795000000.0,18612000000.0,119000000.0,16000000.0,,184000000.0,160000000.0,,,207000000.0,,,327000000.0,2000000.0,,1000000.0,,,138000000.0,,10000000.0,-112000000.0,40000000.0,,-171000000.0,27000000.0,
2022-07-02,7536000000.0,5234000000.0,,,1370000000.0,,932000000.0,,956000000.0,209000000.0,748000000.0,2.2,2.19,340000000.0,342000000.0,323000000.0,,1884000000.0,1678000000.0,,,376000000.0,4261000000.0,,3656000000.0,5744000000.0,2360000000.0,1847000000.0,18937000000.0,2866000000.0,877000000.0,,6051000000.0,,,,498000000.0,,9387000000.0,-1601000000.0,4082000000.0,18937000000.0,238000000.0,35000000.0,,343000000.0,306000000.0,,,468000000.0,,,805000000.0,10000000.0,,9000000.0,,,267000000.0,,-6000000.0,-318000000.0,173000000.0,,-383000000.0,37000000.0,
2022-10-01,11482000000.0,8027000000.0,,,2155000000.0,,1300000000.0,,1339000000.0,283000000.0,1058000000.0,3.11,3.09,341000000.0,344000000.0,373000000.0,,1985000000.0,1682000000.0,,,404000000.0,4444000000.0,,3564000000.0,5691000000.0,2302000000.0,1980000000.0,19016000000.0,2871000000.0,931000000.0,,6033000000.0,,,,544000000.0,,9499000000.0,-1598000000.0,4283000000.0,19016000000.0,351000000.0,56000000.0,,526000000.0,343000000.0,,,501000000.0,,,1180000000.0,15000000.0,,14000000.0,,,350000000.0,,-2000000.0,-312000000.0,244000000.0,,-665000000.0,87000000.0,
2022-12-31,,,,,,,,,,,,,,,,299000000.0,,1736000000.0,1768000000.0,467000000.0,,383000000.0,4186000000.0,,3789000000.0,5686000000.0,2296000000.0,1490000000.0,18496000000.0,2973000000.0,872000000.0,150000000.0,6349000000.0,,,37000000.0,500000000.0,,9197000000.0,-1708000000.0,3941000000.0,18496000000.0,,,,,,,,,,,,,,,,,,,,,,,,,
2023-04-01,4053000000.0,2843000000.0,,,770000000.0,,440000000.0,,386000000.0,86000000.0,298000000.0,0.87,0.86,342000000.0,345000000.0,347000000.0,,1820000000.0,1801000000.0,,,356000000.0,4324000000.0,,3786000000.0,5690000000.0,2297000000.0,1488000000.0,18630000000.0,2900000000.0,923000000.0,,6001000000.0,,,,475000000.0,,9293000000.0,-1713000000.0,4052000000.0,18630000000.0,116000000.0,22000000.0,,110000000.0,27000000.0,,,9000000.0,,,276000000.0,5000000.0,,5000000.0,,,203000000.0,,-1000000.0,-205000000.0,19000000.0,,-33000000.0,48000000.0,
2023-07-01,8094000000.0,5551000000.0,,,1594000000.0,,949000000.0,,849000000.0,190000000.0,655000000.0,1.91,1.9,343000000.0,345000000.0,308000000.0,,1930000000.0,1706000000.0,,,344000000.0,4288000000.0,,3781000000.0,5517000000.0,2091000000.0,1494000000.0,18101000000.0,2810000000.0,799000000.0,,6476000000.0,,,,477000000.0,,9447000000.0,-1943000000.0,3965000000.0,18101000000.0,226000000.0,43000000.0,,193000000.0,-17000000.0,,,-39000000.0,,,644000000.0,9000000.0,,10000000.0,,,339000000.0,,1000000.0,-344000000.0,45000000.0,,-299000000.0,9000000.0,
2023-09-30,12033000000.0,8147000000.0,,,2455000000.0,,1431000000.0,,1224000000.0,294000000.0,924000000.0,2.7,2.68,342000000.0,345000000.0,1099000000.0,,1876000000.0,1632000000.0,,,379000000.0,4986000000.0,,3762000000.0,5496000000.0,2065000000.0,1587000000.0,18695000000.0,2789000000.0,871000000.0,,6524000000.0,,,,469000000.0,,9509000000.0,-1954000000.0,4038000000.0,18695000000.0,338000000.0,62000000.0,,229000000.0,-69000000.0,,,-32000000.0,,,1400000000.0,15000000.0,,15000000.0,,,506000000.0,,-9000000.0,-472000000.0,51000000.0,,-120000000.0,800000000.0,
2023-12-30,13122000000.0,8839000000.0,4283000000.0,116000000.0,2778000000.0,,1505000000.0,,1040000000.0,258000000.0,951000000.0,2.78,2.76,,,274000000.0,,1568000000.0,1243000000.0,495000000.0,,245000000.0,3330000000.0,,3212000000.0,5160000000.0,1930000000.0,1144000000.0,15621000000.0,2314000000.0,797000000.0,85000000.0,5060000000.0,,,40000000.0,461000000.0,,8804000000.0,-2041000000.0,3175000000.0,15621000000.0,419000000.0,96000000.0,-38000000.0,42000000.0,-139000000.0,,,-340000000.0,,,1645000000.0,15000000.0,,64000000.0,,,677000000.0,,-2000000.0,-562000000.0,60000000.0,,-1110000000.0,-25000000.0,
2024-03-30,3200000000.0,2169000000.0,,,638000000.0,,393000000.0,,353000000.0,82000000.0,267000000.0,0.78,0.78,341000000.0,344000000.0,242000000.0,,1666000000.0,1210000000.0,,,332000000.0,3450000000.0,,3101000000.0,5067000000.0,1828000000.0,1104000000.0,15315000000.0,2209000000.0,701000000.0,,5525000000.0,,,,480000000.0,,8878000000.0,-2171000000.0,3152000000.0,15315000000.0,86000000.0,21000000.0,,173000000.0,4000000.0,,,-14000000.0,,,364000000.0,0.0,,0.0,,,155000000.0,,-4000000.0,-333000000.0,23000000.0,,-58000000.0,-32000000.0,
2024-06-29,6392000000.0,4200000000.0,,,1306000000.0,,886000000.0,,796000000.0,179000000.0,611000000.0,1.79,1.78,342000000.0,345000000.0,272000000.0,,1654000000.0,1185000000.0,,,359000000.0,3470000000.0,,3118000000.0,5043000000.0,1804000000.0,1117000000.0,15299000000.0,2267000000.0,624000000.0,,4774000000.0,,,,475000000.0,,9027000000.0,-2208000000.0,3307000000.0,15299000000.0,181000000.0,41000000.0,,177000000.0,-5000000.0,,,63000000.0,,,740000000.0,0.0,,0.0,,,297000000.0,,-14000000.0,-454000000.0,45000000.0,,-290000000.0,-2000000.0,
2024-09-28,9625000000.0,6257000000.0,,,2026000000.0,,1342000000.0,,1198000000.0,213000000.0,978000000.0,2.86,2.83,343000000.0,347000000.0,569000000.0,,1699000000.0,1219000000.0,,,368000000.0,3855000000.0,,3218000000.0,5045000000.0,1799000000.0,1114000000.0,15763000000.0,2368000000.0,742000000.0,,4975000000.0,,,,486000000.0,,9195000000.0,-2198000000.0,3650000000.0,15763000000.0,273000000.0,66000000.0,,191000000.0,16000000.0,,,144000000.0,,,1293000000.0,0.0,,0.0,,,440000000.0,,-14000000.0,-589000000.0,190000000.0,,-417000000.0,295000000.0,
,,,,,,,,,,,,,,,,,,,,,,,,,,,,,,,,,,,,,,,,,,,,,,,,,,,,,,,,,,,,,,,,,,,
