Date,Net sales,Cost of sales,Gross margin,Research and development,"Selling, general and administrative",Total operating expenses,Operating income,"Other income/(expense), net",Income before provision for income taxes,Provision for income taxes,Net income,Earnings per share basic,Earnings per share diluted,Weighted-average basic,Weighted-average diluted,Cash and cash equivalents,Short-term marketable securities,"Accounts receivable, net",Inventories,Deferred tax assets,Vendor non-trade receivables,Other current assets,Total current assets,Long-term marketable securities,"Property, Plant and Equipment, Net",Goodwill,"Acquired intangible assets, net","Other Assets, Noncurrent",Total assets,accounts payable,Accrued expenses,Deferred revenue,Total current liabilities,Deferred revenue - non-current,deferred tax liabilities,long term taxes payable,Total other non-current liabilities,Total liabilities,Retained Earnings (Accumulated Deficit),Accumulated other comprehensive (loss)/income,Total shareholders equity,Total liabilities and shareholders' equity,"Depreciation, amortization and accretion",Stock-based compensation expense,Deferred income tax expense,"Increase (Decrease) in Accounts receivable, net",Increase (Decrease) in Inventories,Increase (Decrease) in Other Receivables,Increase (Decrease) in Other Operating Assets,Increase (Decrease) in Accounts Payable,Increase (Decrease) in Deferred Revenue,Increase (Decrease) Other liabilities,Cash generated by operating activities,Purchases of marketable securities,Proceeds from maturities of marketable securities,Proceeds from sales of marketable securities,Purchases of other long-term investments,"Business acquisitions, net of cash acquired",Cash payments for capital asset purchases,Payments for acquisition of intangible assets,Payments for (Proceeds from) Other Investing Activities,Cash used in investing activities,Proceeds from issuance of common stock,Excess tax benefits from stock-based compensation,Cash generated/used in financing activities,Increase/(decrease) in cash and cash equivalents,"Cash paid for income taxes, net"
2010-03-31,1248000000.0,,752000000.0,,531000000.0,,187000000.0,,157000000.0,68000000.0,89000000.0,0.35,0.35,253300000.0,255100000.0,571000000.0,,529000000.0,270000000.0,59000000.0,,,1630000000.0,,1106000000.0,2984000000.0,2702000000.0,543000000.0,9117000000.0,,,36000000.0,850000000.0,861000000.0,1042000000.0,,736000000.0,6055000000.0,138000000.0,-41000000.0,3062000000.0,9117000000.0,,6000000.0,9000000.0,,-7000000.0,,-4000000.0,,36000000.0,-1000000.0,987000000.0,,,,,,55000000.0,,,-55000000.0,,,-645000000.0,287000000.0,
2010-09-30,4224000000.0,,2535000000.0,,1682000000.0,,757000000.0,,672000000.0,257000000.0,416000000.0,1.7,1.68,245100000.0,247300000.0,224000000.0,,527000000.0,283000000.0,58000000.0,,,1299000000.0,,1123000000.0,2984000000.0,2693000000.0,541000000.0,8790000000.0,,129000000.0,36000000.0,984000000.0,843000000.0,1083000000.0,,724000000.0,6205000000.0,346000000.0,-40000000.0,2585000000.0,8790000000.0,,21000000.0,44000000.0,,21000000.0,,62000000.0,,899000000.0,-5000000.0,1539000000.0,,,,,,170000000.0,,-4000000.0,-151000000.0,,,-1447000000.0,-59000000.0,
2011-12-31,5903000000.0,,3418000000.0,15000000.0,2257000000.0,,1024000000.0,,925000000.0,320000000.0,606000000.0,2.77,2.74,218700000.0,221200000.0,701000000.0,,585000000.0,212000000.0,-359000000.0,,,1757000000.0,,1152000000.0,2980000000.0,2677000000.0,573000000.0,9283000000.0,265000000.0,603000000.0,65000000.0,1915000000.0,1449000000.0,586000000.0,,814000000.0,7020000000.0,740000000.0,-110000000.0,2263000000.0,9283000000.0,,34000000.0,-498000000.0,55000000.0,-29000000.0,18000000.0,21000000.0,-30000000.0,0.0,1000000.0,760000000.0,,,,,,215000000.0,3000000.0,0.0,-217000000.0,,10000000.0,-152000000.0,391000000.0,
2012-03-31,1362000000.0,,778000000.0,,553000000.0,,192000000.0,,163000000.0,61000000.0,102000000.0,0.48,0.48,212600000.0,213900000.0,192000000.0,,564000000.0,225000000.0,86000000.0,,,1261000000.0,,1149000000.0,2983000000.0,2687000000.0,558000000.0,8784000000.0,313000000.0,542000000.0,65000000.0,1412000000.0,1434000000.0,602000000.0,,829000000.0,6524000000.0,769000000.0,-86000000.0,2260000000.0,8784000000.0,,8000000.0,,-24000000.0,11000000.0,-15000000.0,45000000.0,,,-44000000.0,-325000000.0,,,,,,51000000.0,6000000.0,,-53000000.0,,13000000.0,-134000000.0,-512000000.0,
2012-06-30,2983000000.0,,1714000000.0,,1152000000.0,,492000000.0,,434000000.0,154000000.0,280000000.0,1.32,1.31,212200000.0,214000000.0,303000000.0,,615000000.0,217000000.0,93000000.0,,,1391000000.0,,1141000000.0,2982000000.0,2683000000.0,565000000.0,8907000000.0,337000000.0,575000000.0,65000000.0,1734000000.0,1417000000.0,621000000.0,,820000000.0,6612000000.0,874000000.0,-105000000.0,2295000000.0,8907000000.0,,17000000.0,,30000000.0,4000000.0,-14000000.0,19000000.0,,,-35000000.0,-41000000.0,,,,,,89000000.0,7000000.0,,-91000000.0,,15000000.0,-268000000.0,-400000000.0,
2012-09-30,4511000000.0,,2616000000.0,,1713000000.0,,800000000.0,,715000000.0,256000000.0,459000000.0,2.17,2.15,211600000.0,213300000.0,383000000.0,,546000000.0,207000000.0,94000000.0,,,1396000000.0,,1194000000.0,2983000000.0,2685000000.0,583000000.0,8989000000.0,297000000.0,625000000.0,65000000.0,1736000000.0,1402000000.0,635000000.0,,833000000.0,6671000000.0,981000000.0,-98000000.0,2318000000.0,8989000000.0,,26000000.0,,-42000000.0,-7000000.0,1000000.0,20000000.0,,,23000000.0,264000000.0,,,,,,143000000.0,7000000.0,,-144000000.0,,16000000.0,-442000000.0,-322000000.0,
2012-12-31,5995000000.0,,3495000000.0,15000000.0,2268000000.0,,1092000000.0,,978000000.0,349000000.0,629000000.0,2.99,2.96,210600000.0,212300000.0,366000000.0,,552000000.0,197000000.0,-434000000.0,,,1335000000.0,,1202000000.0,2983000000.0,2684000000.0,580000000.0,8928000000.0,283000000.0,589000000.0,65000000.0,1232000000.0,1386000000.0,630000000.0,,846000000.0,6648000000.0,1080000000.0,-110000000.0,2280000000.0,8928000000.0,,35000000.0,91000000.0,-36000000.0,-17000000.0,-1000000.0,21000000.0,,0.0,-29000000.0,458000000.0,,,,,,193000000.0,7000000.0,0.0,-193000000.0,,16000000.0,-603000000.0,-338000000.0,
2013-03-31,1380000000.0,,790000000.0,,563000000.0,,197000000.0,,166000000.0,60000000.0,106000000.0,0.52,0.51,204600000.0,206300000.0,208000000.0,,583000000.0,216000000.0,67000000.0,,,1280000000.0,,1186000000.0,2990000000.0,2703000000.0,572000000.0,8872000000.0,317000000.0,544000000.0,65000000.0,1212000000.0,1369000000.0,652000000.0,,853000000.0,6633000000.0,1107000000.0,-97000000.0,2239000000.0,8872000000.0,,9000000.0,,29000000.0,18000000.0,1000000.0,55000000.0,,,-40000000.0,60000000.0,,,,,10000000.0,29000000.0,5000000.0,,-44000000.0,,4000000.0,-175000000.0,-159000000.0,
2013-06-30,2991000000.0,,1725000000.0,,1182000000.0,,482000000.0,,462000000.0,202000000.0,261000000.0,1.28,1.27,204400000.0,206000000.0,113000000.0,,625000000.0,222000000.0,66000000.0,,,1213000000.0,,1169000000.0,2989000000.0,2697000000.0,540000000.0,8709000000.0,299000000.0,571000000.0,65000000.0,1064000000.0,1351000000.0,670000000.0,,799000000.0,6405000000.0,1184000000.0,-104000000.0,2304000000.0,8709000000.0,,19000000.0,,73000000.0,25000000.0,6000000.0,17000000.0,,,-80000000.0,276000000.0,,,,,10000000.0,61000000.0,5000000.0,,-75000000.0,,6000000.0,-451000000.0,-250000000.0,
2013-09-30,4534000000.0,,2618000000.0,,1745000000.0,,782000000.0,,305000000.0,-364000000.0,468000000.0,2.29,2.28,204000000.0,205500000.0,119000000.0,,531000000.0,196000000.0,60000000.0,,,1059000000.0,19000000.0,1155000000.0,2988000000.0,2696000000.0,129000000.0,8129000000.0,271000000.0,598000000.0,65000000.0,956000000.0,1336000000.0,743000000.0,,265000000.0,5821000000.0,1313000000.0,-103000000.0,2308000000.0,8129000000.0,,28000000.0,,-21000000.0,-1000000.0,6000000.0,-436000000.0,,,-601000000.0,616000000.0,,,,,10000000.0,111000000.0,5000000.0,3000000.0,-128000000.0,,6000000.0,-732000000.0,-244000000.0,
2013-12-31,5997000000.0,,3498000000.0,15000000.0,2272000000.0,,1046000000.0,,542000000.0,-81000000.0,624000000.0,3.08,3.05,202900000.0,204500000.0,153000000.0,,564000000.0,200000000.0,66000000.0,,,1119000000.0,21000000.0,1173000000.0,2988000000.0,2694000000.0,127000000.0,8201000000.0,271000000.0,595000000.0,65000000.0,1030000000.0,1318000000.0,755000000.0,,313000000.0,5924000000.0,1393000000.0,-88000000.0,2277000000.0,8201000000.0,,37000000.0,138000000.0,13000000.0,3000000.0,9000000.0,-456000000.0,,,-556000000.0,866000000.0,,,,,10000000.0,179000000.0,5000000.0,2000000.0,-195000000.0,,6000000.0,-880000000.0,,
2014-03-31,1398000000.0,,844000000.0,,554000000.0,,260000000.0,,236000000.0,81000000.0,155000000.0,0.78,0.78,197900000.0,199500000.0,120000000.0,,557000000.0,226000000.0,64000000.0,,59000000.0,1173000000.0,23000000.0,1149000000.0,2988000000.0,2692000000.0,130000000.0,8227000000.0,295000000.0,530000000.0,65000000.0,1105000000.0,1301000000.0,771000000.0,,301000000.0,6001000000.0,1466000000.0,-91000000.0,2226000000.0,8227000000.0,,11000000.0,,-6000000.0,26000000.0,5000000.0,66000000.0,,,-55000000.0,129000000.0,,,,,0.0,37000000.0,0.0,1000000.0,-38000000.0,,8000000.0,-123000000.0,,
2014-06-30,3029000000.0,,1810000000.0,,1146000000.0,,608000000.0,,558000000.0,194000000.0,365000000.0,1.85,1.84,197300000.0,198600000.0,135000000.0,,589000000.0,213000000.0,65000000.0,,51000000.0,1189000000.0,25000000.0,1122000000.0,2988000000.0,2693000000.0,137000000.0,8226000000.0,313000000.0,559000000.0,65000000.0,1063000000.0,1286000000.0,776000000.0,,295000000.0,5957000000.0,1594000000.0,-85000000.0,2269000000.0,8226000000.0,,22000000.0,,25000000.0,13000000.0,-5000000.0,53000000.0,,,-24000000.0,438000000.0,,,,,0.0,71000000.0,1000000.0,3000000.0,-68000000.0,,8000000.0,-388000000.0,,
2014-09-30,4612000000.0,,2735000000.0,,1727000000.0,,924000000.0,,843000000.0,291000000.0,553000000.0,2.81,2.79,196400000.0,197800000.0,266000000.0,,546000000.0,191000000.0,57000000.0,,51000000.0,1241000000.0,24000000.0,1108000000.0,2987000000.0,2688000000.0,145000000.0,8261000000.0,319000000.0,614000000.0,64000000.0,1024000000.0,1268000000.0,784000000.0,,283000000.0,5898000000.0,1702000000.0,-99000000.0,2363000000.0,8261000000.0,,35000000.0,,-15000000.0,-8000000.0,6000000.0,49000000.0,,,24000000.0,769000000.0,,,,,0.0,103000000.0,1000000.0,3000000.0,-100000000.0,,9000000.0,-553000000.0,,
2014-12-31,6121000000.0,,3630000000.0,18000000.0,2334000000.0,,1180000000.0,,1073000000.0,371000000.0,703000000.0,3.59,3.56,195800000.0,197400000.0,237000000.0,,556000000.0,204000000.0,67000000.0,,45000000.0,1211000000.0,25000000.0,1141000000.0,2990000000.0,2684000000.0,159000000.0,8273000000.0,289000000.0,672000000.0,64000000.0,1038000000.0,1250000000.0,801000000.0,,302000000.0,5979000000.0,1771000000.0,-137000000.0,2294000000.0,8273000000.0,,48000000.0,43000000.0,0.0,8000000.0,5000000.0,25000000.0,,,58000000.0,1022000000.0,,,,,19000000.0,170000000.0,1000000.0,3000000.0,-185000000.0,,11000000.0,-747000000.0,,
2015-03-31,1451000000.0,,849000000.0,,552000000.0,,270000000.0,,244000000.0,87000000.0,157000000.0,0.82,0.81,193000000.0,194600000.0,93000000.0,,572000000.0,228000000.0,73000000.0,,68000000.0,1194000000.0,31000000.0,1115000000.0,2990000000.0,2680000000.0,193000000.0,8252000000.0,350000000.0,587000000.0,64000000.0,1555000000.0,1232000000.0,828000000.0,,303000000.0,6031000000.0,1835000000.0,-162000000.0,2221000000.0,8252000000.0,,9000000.0,,19000000.0,26000000.0,4000000.0,81000000.0,,,-99000000.0,101000000.0,,,,15000000.0,,20000000.0,,6000000.0,-40000000.0,,19000000.0,-202000000.0,,
2015-06-30,3106000000.0,,1830000000.0,,1138000000.0,,639000000.0,,585000000.0,208000000.0,377000000.0,1.96,1.95,192200000.0,193500000.0,127000000.0,,630000000.0,217000000.0,63000000.0,,75000000.0,1259000000.0,26000000.0,1095000000.0,2989000000.0,2679000000.0,165000000.0,8267000000.0,305000000.0,631000000.0,64000000.0,1563000000.0,1216000000.0,831000000.0,,298000000.0,6005000000.0,1962000000.0,-149000000.0,2262000000.0,8267000000.0,,21000000.0,,78000000.0,16000000.0,2000000.0,77000000.0,,,-41000000.0,349000000.0,,,,15000000.0,,42000000.0,1000000.0,0.0,-47000000.0,,20000000.0,-409000000.0,,
2015-09-30,4736000000.0,,2787000000.0,,1730000000.0,,976000000.0,,893000000.0,314000000.0,579000000.0,3.02,3.0,191600000.0,192800000.0,207000000.0,,571000000.0,201000000.0,73000000.0,,57000000.0,1222000000.0,24000000.0,1077000000.0,2988000000.0,2673000000.0,172000000.0,8225000000.0,310000000.0,685000000.0,64000000.0,1589000000.0,1198000000.0,846000000.0,,265000000.0,6028000000.0,2072000000.0,-190000000.0,2197000000.0,8225000000.0,,33000000.0,,25000000.0,2000000.0,-3000000.0,33000000.0,,,-35000000.0,723000000.0,,,,15000000.0,,71000000.0,1000000.0,0.0,-95000000.0,,22000000.0,-648000000.0,,
2015-12-31,6282000000.0,,3723000000.0,19000000.0,2313000000.0,,1298000000.0,,1184000000.0,420000000.0,764000000.0,4.0,3.97,190900000.0,192400000.0,911000000.0,,570000000.0,209000000.0,0.0,,39000000.0,1817000000.0,25000000.0,1156000000.0,2988000000.0,2663000000.0,150000000.0,8869000000.0,277000000.0,708000000.0,64000000.0,1583000000.0,1181000000.0,787000000.0,,260000000.0,6686000000.0,2165000000.0,-195000000.0,2183000000.0,8869000000.0,,44000000.0,29000000.0,26000000.0,11000000.0,-1000000.0,-8000000.0,,,-11000000.0,991000000.0,,,,15000000.0,0.0,179000000.0,1000000.0,-1000000.0,-194000000.0,,23000000.0,-114000000.0,,
2016-03-31,1487000000.0,,885000000.0,,546000000.0,,313000000.0,,281000000.0,99000000.0,182000000.0,0.97,0.96,187600000.0,189000000.0,275000000.0,,576000000.0,235000000.0,,,65000000.0,1283000000.0,32000000.0,1136000000.0,2988000000.0,2662000000.0,193000000.0,8364000000.0,357000000.0,688000000.0,64000000.0,1176000000.0,1166000000.0,797000000.0,,216000000.0,6262000000.0,2194000000.0,-187000000.0,2102000000.0,8364000000.0,,11000000.0,,5000000.0,25000000.0,-1000000.0,82000000.0,,,-70000000.0,177000000.0,,,,0.0,,27000000.0,,8000000.0,-40000000.0,,20000000.0,-775000000.0,,
2016-06-30,3182000000.0,,1910000000.0,,1136000000.0,,725000000.0,,683000000.0,241000000.0,442000000.0,2.37,2.35,186700000.0,187700000.0,245000000.0,,642000000.0,236000000.0,,,66000000.0,1325000000.0,33000000.0,1129000000.0,2986000000.0,2658000000.0,209000000.0,8406000000.0,359000000.0,688000000.0,64000000.0,1170000000.0,1150000000.0,811000000.0,,212000000.0,6264000000.0,2248000000.0,-202000000.0,2142000000.0,8406000000.0,,22000000.0,,74000000.0,29000000.0,5000000.0,80000000.0,,,-33000000.0,407000000.0,,,,1000000.0,,68000000.0,0.0,7000000.0,-79000000.0,,21000000.0,-995000000.0,,
2016-09-30,4862000000.0,,2907000000.0,,1739000000.0,,1098000000.0,,1026000000.0,343000000.0,682000000.0,3.66,3.64,186100000.0,187100000.0,620000000.0,,581000000.0,226000000.0,,,63000000.0,1602000000.0,34000000.0,1124000000.0,2994000000.0,2657000000.0,210000000.0,8673000000.0,311000000.0,688000000.0,64000000.0,1483000000.0,1134000000.0,781000000.0,,190000000.0,6544000000.0,2246000000.0,-213000000.0,2129000000.0,8673000000.0,,33000000.0,,14000000.0,19000000.0,5000000.0,61000000.0,,,-48000000.0,683000000.0,,,,1000000.0,,110000000.0,1000000.0,7000000.0,-119000000.0,,22000000.0,-854000000.0,,
2016-12-31,6440000000.0,,3858000000.0,20000000.0,2329000000.0,,1433000000.0,,1283000000.0,434000000.0,847000000.0,4.57,4.54,185400000.0,186600000.0,1787000000.0,,595000000.0,202000000.0,,,39000000.0,2736000000.0,35000000.0,1138000000.0,2993000000.0,2656000000.0,183000000.0,9791000000.0,303000000.0,670000000.0,64000000.0,1051000000.0,1117000000.0,812000000.0,,209000000.0,7657000000.0,2266000000.0,-229000000.0,2134000000.0,9791000000.0,,45000000.0,29000000.0,31000000.0,-3000000.0,-3000000.0,50000000.0,,,-53000000.0,939000000.0,,,,1000000.0,,180000000.0,2000000.0,8000000.0,-189000000.0,,22000000.0,130000000.0,,
2017-03-31,1510000000.0,,903000000.0,,621000000.0,,285000000.0,,248000000.0,71000000.0,177000000.0,0.97,0.96,183400000.0,184600000.0,73000000.0,,606000000.0,246000000.0,,,76000000.0,1247000000.0,44000000.0,1125000000.0,3560000000.0,3784000000.0,206000000.0,10008000000.0,353000000.0,696000000.0,64000000.0,1147000000.0,1101000000.0,842000000.0,,258000000.0,7815000000.0,2336000000.0,-206000000.0,2193000000.0,10008000000.0,,6000000.0,,-18000000.0,16000000.0,-5000000.0,85000000.0,,,-92000000.0,97000000.0,,,,,,16000000.0,1000000.0,7000000.0,-1569000000.0,,,-142000000.0,,
2017-06-30,3307000000.0,,1982000000.0,,1304000000.0,,658000000.0,,531000000.0,165000000.0,365000000.0,1.99,1.98,183300000.0,184100000.0,286000000.0,,698000000.0,267000000.0,,,63000000.0,1555000000.0,45000000.0,1120000000.0,3564000000.0,3788000000.0,208000000.0,10319000000.0,367000000.0,796000000.0,64000000.0,1580000000.0,1086000000.0,859000000.0,,248000000.0,8164000000.0,2346000000.0,-193000000.0,2155000000.0,10319000000.0,,16000000.0,,72000000.0,35000000.0,-10000000.0,95000000.0,,,-5000000.0,410000000.0,,,,0.0,,41000000.0,5000000.0,2000000.0,-1595000000.0,,,-220000000.0,,
2017-09-30,5047000000.0,,3015000000.0,,1944000000.0,,1025000000.0,,848000000.0,279000000.0,568000000.0,3.11,3.09,182700000.0,183500000.0,66000000.0,,659000000.0,261000000.0,,,59000000.0,1266000000.0,46000000.0,1129000000.0,3559000000.0,3786000000.0,215000000.0,10039000000.0,387000000.0,816000000.0,64000000.0,1359000000.0,1071000000.0,877000000.0,,204000000.0,7910000000.0,2311000000.0,-184000000.0,2129000000.0,10039000000.0,,26000000.0,,34000000.0,29000000.0,-5000000.0,78000000.0,,,0.0,732000000.0,,,,0.0,,85000000.0,5000000.0,3000000.0,-1643000000.0,,,-717000000.0,,
2017-12-31,6690000000.0,,3995000000.0,20000000.0,2556000000.0,,1388000000.0,,1173000000.0,95000000.0,1076000000.0,5.91,5.89,182000000.0,182800000.0,61000000.0,,668000000.0,229000000.0,,,,1117000000.0,48000000.0,1198000000.0,3561000000.0,3781000000.0,279000000.0,10022000000.0,365000000.0,719000000.0,64000000.0,1238000000.0,1055000000.0,614000000.0,,264000000.0,7571000000.0,2651000000.0,-202000000.0,2451000000.0,10022000000.0,,36000000.0,-201000000.0,47000000.0,0.0,-9000000.0,20000000.0,,,-19000000.0,1038000000.0,,,,0.0,,202000000.0,6000000.0,3000000.0,-1763000000.0,,,-907000000.0,,
2018-03-31,1594000000.0,,913000000.0,,626000000.0,,259000000.0,,219000000.0,54000000.0,159000000.0,0.88,0.88,179900000.0,180800000.0,13000000.0,,700000000.0,243000000.0,,,,1246000000.0,52000000.0,1198000000.0,3564000000.0,3784000000.0,286000000.0,10179000000.0,377000000.0,761000000.0,64000000.0,1624000000.0,1038000000.0,623000000.0,,273000000.0,7693000000.0,2667000000.0,-183000000.0,2486000000.0,10179000000.0,,10000000.0,,30000000.0,13000000.0,7000000.0,139000000.0,,,-4000000.0,103000000.0,,,,,,41000000.0,3000000.0,4000000.0,-68000000.0,,,-73000000.0,,
2018-06-30,3480000000.0,,2009000000.0,,1347000000.0,,621000000.0,,540000000.0,137000000.0,394000000.0,2.19,2.17,180200000.0,181100000.0,64000000.0,,814000000.0,265000000.0,,,,1416000000.0,53000000.0,1183000000.0,3562000000.0,3777000000.0,214000000.0,10246000000.0,484000000.0,675000000.0,64000000.0,1526000000.0,1021000000.0,645000000.0,,206000000.0,7524000000.0,2920000000.0,-200000000.0,2722000000.0,10246000000.0,,21000000.0,,148000000.0,37000000.0,10000000.0,103000000.0,,,18000000.0,418000000.0,,,,,,79000000.0,5000000.0,4000000.0,-179000000.0,,,-296000000.0,,
2018-09-30,4629000000.0,2305000000.0,2324000000.0,,1636000000.0,,690000000.0,,433000000.0,110000000.0,320000000.0,0.33,0.32,1361800000.0,1373600000.0,94000000.0,,1196000000.0,720000000.0,,,,2385000000.0,,2345000000.0,19291000000.0,24436000000.0,315000000.0,49058000000.0,2229000000.0,1231000000.0,,5967000000.0,,,,244000000.0,26765000000.0,1122000000.0,137000000.0,22293000000.0,49058000000.0,,21000000.0,,-48000000.0,-91000000.0,,108000000.0,,,7000000.0,1063000000.0,,,,,,104000000.0,,-1000000.0,-19070000000.0,9000000000.0,,18084000000.0,,
2018-12-31,7442000000.0,3560000000.0,3882000000.0,64000000.0,2635000000.0,,1237000000.0,,791000000.0,202000000.0,586000000.0,0.54,0.53,1086300000.0,1097600000.0,83000000.0,,1150000000.0,626000000.0,209000000.0,,,2159000000.0,,2310000000.0,20011000000.0,23967000000.0,259000000.0,48918000000.0,2300000000.0,1012000000.0,,5702000000.0,,,,254000000.0,26385000000.0,1178000000.0,-130000000.0,22533000000.0,48918000000.0,,35000000.0,-81000000.0,-82000000.0,-185000000.0,,49000000.0,,,-38000000.0,1613000000.0,,,,,,180000000.0,,-9000000.0,-19131000000.0,9000000000.0,,17577000000.0,,
2019-03-31,2504000000.0,1106000000.0,1398000000.0,,911000000.0,,498000000.0,,315000000.0,85000000.0,230000000.0,0.16,0.16,1406300000.0,1417700000.0,85000000.0,,1016000000.0,663000000.0,,,,2162000000.0,,2282000000.0,20077000000.0,23988000000.0,584000000.0,49291000000.0,2558000000.0,962000000.0,,6656000000.0,,,,775000000.0,26617000000.0,1192000000.0,-37000000.0,22674000000.0,49291000000.0,,14000000.0,,-126000000.0,36000000.0,,102000000.0,,,-6000000.0,591000000.0,,,,,,62000000.0,,-24000000.0,-45000000.0,,,-556000000.0,,
2019-06-30,5316000000.0,2292000000.0,3024000000.0,,1939000000.0,,1085000000.0,,731000000.0,187000000.0,544000000.0,0.39,0.38,1406700000.0,1419200000.0,106000000.0,,1068000000.0,686000000.0,,,,2221000000.0,,2290000000.0,20039000000.0,24228000000.0,572000000.0,49547000000.0,2909000000.0,869000000.0,,6695000000.0,,,,771000000.0,26664000000.0,1294000000.0,51000000.0,22883000000.0,49547000000.0,,34000000.0,,-68000000.0,56000000.0,,149000000.0,,,-31000000.0,1203000000.0,,,,,,118000000.0,4000000.0,-22000000.0,-114000000.0,,,-1080000000.0,,
2019-09-30,8186000000.0,3537000000.0,4649000000.0,,2951000000.0,,1665000000.0,,1144000000.0,296000000.0,848000000.0,0.6,0.6,1406800000.0,1419400000.0,74000000.0,,1090000000.0,751000000.0,,,,2269000000.0,,2236000000.0,20112000000.0,24031000000.0,561000000.0,49400000000.0,2976000000.0,1066000000.0,,6550000000.0,,,,767000000.0,26486000000.0,1388000000.0,-27000000.0,22914000000.0,49400000000.0,,47000000.0,,-36000000.0,124000000.0,,156000000.0,,,-49000000.0,1803000000.0,,,,,,208000000.0,4000000.0,-23000000.0,-216000000.0,0.0,,-1626000000.0,,
2019-12-31,11120000000.0,4778000000.0,6342000000.0,81000000.0,3962000000.0,,2378000000.0,,1694000000.0,440000000.0,1254000000.0,0.89,0.88,1406700000.0,1419100000.0,75000000.0,,1115000000.0,654000000.0,296000000.0,,,2273000000.0,,2028000000.0,20172000000.0,24117000000.0,748000000.0,49518000000.0,3176000000.0,939000000.0,,6474000000.0,,,,930000000.0,26261000000.0,1582000000.0,104000000.0,23257000000.0,49518000000.0,,64000000.0,-23000000.0,7000000.0,24000000.0,,324000000.0,,,102000000.0,2474000000.0,,,,,,330000000.0,35000000.0,-24000000.0,-150000000.0,0.0,,-2364000000.0,,
2020-03-31,2613000000.0,1161000000.0,1452000000.0,,1028000000.0,,466000000.0,,205000000.0,49000000.0,156000000.0,0.11,0.11,1407000000.0,1420100000.0,197000000.0,,1037000000.0,682000000.0,,,,2277000000.0,,2017000000.0,19898000000.0,23706000000.0,811000000.0,48843000000.0,3238000000.0,960000000.0,,6858000000.0,,,,997000000.0,26203000000.0,1527000000.0,-480000000.0,22640000000.0,48843000000.0,,19000000.0,,-42000000.0,38000000.0,,179000000.0,,,-19000000.0,414000000.0,,,,,,151000000.0,15000000.0,-5000000.0,34000000.0,,,-328000000.0,,
2020-06-30,5477000000.0,2463000000.0,3014000000.0,,2029000000.0,,1027000000.0,,611000000.0,157000000.0,454000000.0,0.32,0.32,1407200000.0,1421500000.0,149000000.0,,1010000000.0,747000000.0,,,,2240000000.0,,2071000000.0,19968000000.0,23785000000.0,831000000.0,49026000000.0,3377000000.0,940000000.0,,7298000000.0,,,,1034000000.0,26103000000.0,1613000000.0,-328000000.0,22923000000.0,49026000000.0,,42000000.0,,-58000000.0,101000000.0,,234000000.0,,,6000000.0,1062000000.0,,,,,,276000000.0,15000000.0,-3000000.0,-92000000.0,22000000.0,,-901000000.0,,
2020-09-30,8497000000.0,3779000000.0,4718000000.0,,2978000000.0,,1780000000.0,,1195000000.0,298000000.0,897000000.0,0.64,0.63,1407300000.0,1422900000.0,191000000.0,,1051000000.0,824000000.0,,,,2416000000.0,,2092000000.0,20029000000.0,23834000000.0,889000000.0,49381000000.0,3517000000.0,1067000000.0,,7329000000.0,,,,1103000000.0,26084000000.0,1845000000.0,-217000000.0,23296000000.0,49381000000.0,,62000000.0,,1000000.0,175000000.0,,387000000.0,,,192000000.0,1666000000.0,,,,,,356000000.0,26000000.0,-7000000.0,-182000000.0,29000000.0,,-1366000000.0,,
2020-12-31,11618000000.0,5132000000.0,6486000000.0,69000000.0,3978000000.0,,2480000000.0,,1753000000.0,428000000.0,1325000000.0,0.94,0.93,1407200000.0,1422100000.0,240000000.0,,1048000000.0,762000000.0,470000000.0,,,2388000000.0,,2212000000.0,20184000000.0,23968000000.0,894000000.0,49779000000.0,3740000000.0,1040000000.0,,7694000000.0,,,,1119000000.0,25949000000.0,2061000000.0,77000000.0,23829000000.0,49779000000.0,,85000000.0,-51000000.0,5000000.0,107000000.0,,435000000.0,,,180000000.0,2456000000.0,,,,,,461000000.0,56000000.0,-9000000.0,-316000000.0,0.0,,-1990000000.0,,
2021-03-31,2902000000.0,1302000000.0,1600000000.0,,961000000.0,,640000000.0,,398000000.0,73000000.0,325000000.0,0.23,0.23,1409200000.0,1425600000.0,335000000.0,,1065000000.0,841000000.0,,,,2665000000.0,,2261000000.0,20209000000.0,23949000000.0,1187000000.0,50403000000.0,3871000000.0,989000000.0,,7225000000.0,,,,1367000000.0,26332000000.0,2174000000.0,164000000.0,24070000000.0,50403000000.0,,25000000.0,,37000000.0,77000000.0,,295000000.0,,,186000000.0,546000000.0,,,,,,95000000.0,12000000.0,-1000000.0,-99000000.0,140000000.0,,-355000000.0,,
2021-06-30,6042000000.0,2672000000.0,3370000000.0,,2000000000.0,,1374000000.0,,1011000000.0,238000000.0,773000000.0,0.55,0.54,1417400000.0,1428100000.0,167000000.0,,1075000000.0,897000000.0,,,,2616000000.0,,2420000000.0,20272000000.0,23983000000.0,926000000.0,50344000000.0,3976000000.0,1019000000.0,,6917000000.0,,,,1491000000.0,26101000000.0,2357000000.0,128000000.0,24242000000.0,50344000000.0,,48000000.0,,41000000.0,131000000.0,,131000000.0,,,2000000.0,1139000000.0,,,,,,204000000.0,12000000.0,-3000000.0,-200000000.0,140000000.0,,-1028000000.0,,
2021-09-30,9292000000.0,4087000000.0,5205000000.0,,3040000000.0,,2169000000.0,,1689000000.0,387000000.0,1303000000.0,0.92,0.91,1417600000.0,1428500000.0,200000000.0,,1138000000.0,972000000.0,,,,2803000000.0,,2425000000.0,20193000000.0,23883000000.0,901000000.0,50330000000.0,4072000000.0,1121000000.0,,6795000000.0,,,,1463000000.0,25925000000.0,2621000000.0,6000000.0,24405000000.0,50330000000.0,,68000000.0,,126000000.0,210000000.0,,181000000.0,,,-15000000.0,1933000000.0,,,,,,325000000.0,31000000.0,-5000000.0,-350000000.0,140000000.0,,-1630000000.0,,
2021-12-31,12683000000.0,5706000000.0,6977000000.0,66000000.0,4153000000.0,,2894000000.0,,2798000000.0,653000000.0,2146000000.0,1.52,1.5,1415700000.0,1427900000.0,567000000.0,,1148000000.0,894000000.0,471000000.0,,,3057000000.0,,2494000000.0,20182000000.0,23856000000.0,937000000.0,50598000000.0,4316000000.0,1110000000.0,,6485000000.0,,,,1577000000.0,25626000000.0,3199000000.0,-26000000.0,24972000000.0,50598000000.0,,88000000.0,31000000.0,152000000.0,133000000.0,,243000000.0,,,3000000.0,2874000000.0,,,,,,423000000.0,32000000.0,16000000.0,210000000.0,140000000.0,,-2762000000.0,,
2022-03-31,3078000000.0,1428000000.0,1650000000.0,,1018000000.0,,966000000.0,,765000000.0,180000000.0,585000000.0,0.41,0.41,1418200000.0,1429700000.0,592000000.0,,1214000000.0,1045000000.0,,,,3490000000.0,,2436000000.0,20243000000.0,23889000000.0,1119000000.0,51244000000.0,4510000000.0,1028000000.0,,6448000000.0,,,,1647000000.0,25733000000.0,3518000000.0,215000000.0,25511000000.0,51244000000.0,,-15000000.0,,73000000.0,147000000.0,,284000000.0,,,138000000.0,663000000.0,,,,,,109000000.0,10000000.0,-3000000.0,3000000.0,0.0,,-644000000.0,,
2022-06-30,6632000000.0,3206000000.0,3426000000.0,,2222000000.0,,1538000000.0,,978000000.0,175000000.0,803000000.0,0.57,0.56,1417800000.0,1429200000.0,552000000.0,,1326000000.0,1239000000.0,,,,3771000000.0,,2446000000.0,20163000000.0,23774000000.0,1159000000.0,51428000000.0,4950000000.0,1106000000.0,,6761000000.0,,,,1714000000.0,26037000000.0,3471000000.0,205000000.0,25391000000.0,51428000000.0,,12000000.0,,206000000.0,346000000.0,,340000000.0,,,163000000.0,1339000000.0,,,,,,186000000.0,10000000.0,-3000000.0,-131000000.0,0.0,,-1221000000.0,,
2022-09-30,10254000000.0,4927000000.0,5327000000.0,,3418000000.0,,1932000000.0,,1161000000.0,179000000.0,983000000.0,0.69,0.69,1417300000.0,1428800000.0,925000000.0,,1472000000.0,1438000000.0,,,,4325000000.0,,2483000000.0,20024000000.0,23299000000.0,1196000000.0,51440000000.0,5284000000.0,1129000000.0,,7233000000.0,,,,1800000000.0,26339000000.0,3367000000.0,-9000000.0,25102000000.0,51440000000.0,,43000000.0,,372000000.0,552000000.0,,380000000.0,,,167000000.0,2098000000.0,,,,,,260000000.0,19000000.0,-3000000.0,-213000000.0,0.0,,-1515000000.0,,
2022-12-31,14057000000.0,6734000000.0,7323000000.0,65000000.0,4645000000.0,,2605000000.0,,1719000000.0,284000000.0,1436000000.0,1.01,1.01,1416800000.0,1428500000.0,535000000.0,,1484000000.0,1314000000.0,567000000.0,,,3804000000.0,,2491000000.0,20072000000.0,23183000000.0,1252000000.0,51837000000.0,5206000000.0,1153000000.0,,8076000000.0,,,,1825000000.0,26712000000.0,3539000000.0,129000000.0,25126000000.0,51837000000.0,,52000000.0,-289000000.0,398000000.0,426000000.0,,456000000.0,,,207000000.0,2837000000.0,,,,,,353000000.0,26000000.0,-6000000.0,-1135000000.0,0.0,,-1728000000.0,,
2023-03-31,3353000000.0,1609000000.0,1744000000.0,,1165000000.0,,584000000.0,,581000000.0,114000000.0,467000000.0,0.33,0.33,1406200000.0,1417000000.0,204000000.0,,1451000000.0,1391000000.0,,,,3586000000.0,,2480000000.0,20117000000.0,23273000000.0,1160000000.0,51660000000.0,4947000000.0,1046000000.0,,9127000000.0,,,,1763000000.0,26558000000.0,3724000000.0,155000000.0,25103000000.0,51660000000.0,,29000000.0,,-28000000.0,74000000.0,,151000000.0,,,22000000.0,71000000.0,,,,,,62000000.0,51000000.0,-1000000.0,-105000000.0,,,-303000000.0,,
2023-06-30,7142000000.0,3357000000.0,3785000000.0,,2437000000.0,,1353000000.0,,1194000000.0,224000000.0,970000000.0,0.69,0.69,1403200000.0,1413100000.0,278000000.0,,1311000000.0,1384000000.0,,,,3570000000.0,,2489000000.0,20194000000.0,23344000000.0,1153000000.0,51801000000.0,4601000000.0,1030000000.0,,9056000000.0,,,,1808000000.0,26534000000.0,3948000000.0,297000000.0,25268000000.0,51801000000.0,,57000000.0,,-162000000.0,61000000.0,,147000000.0,,,11000000.0,452000000.0,,,,,,149000000.0,55000000.0,-1000000.0,-203000000.0,,,-523000000.0,,
2023-09-30,10947000000.0,5051000000.0,5896000000.0,,3654000000.0,,2249000000.0,,1858000000.0,370000000.0,1488000000.0,1.06,1.05,1401300000.0,1410800000.0,260000000.0,,1279000000.0,1348000000.0,,,,3406000000.0,,2527000000.0,20122000000.0,23223000000.0,1117000000.0,51763000000.0,4090000000.0,1123000000.0,,8814000000.0,,,,1931000000.0,26399000000.0,4165000000.0,171000000.0,25364000000.0,51763000000.0,,86000000.0,,-170000000.0,31000000.0,,159000000.0,,,50000000.0,1032000000.0,,,,,,271000000.0,55000000.0,-2000000.0,-623000000.0,,,-697000000.0,,
2023-12-31,14814000000.0,6734000000.0,8080000000.0,66000000.0,4912000000.0,,3192000000.0,,2757000000.0,576000000.0,2181000000.0,1.56,1.55,1399300000.0,1408400000.0,267000000.0,,1368000000.0,1142000000.0,567000000.0,,,3375000000.0,,2699000000.0,20202000000.0,23287000000.0,1149000000.0,52130000000.0,3597000000.0,1242000000.0,,8916000000.0,,,,1833000000.0,26454000000.0,4559000000.0,315000000.0,25676000000.0,52130000000.0,,116000000.0,-4000000.0,-70000000.0,-182000000.0,,192000000.0,,,10000000.0,1329000000.0,,,,,,425000000.0,56000000.0,-4000000.0,-784000000.0,0.0,,-832000000.0,,
2024-03-31,3468000000.0,1528000000.0,1940000000.0,,1176000000.0,,765000000.0,,594000000.0,140000000.0,454000000.0,0.33,0.33,1380700000.0,1387700000.0,317000000.0,,1311000000.0,1204000000.0,,,,3567000000.0,,2695000000.0,20163000000.0,23251000000.0,1128000000.0,52286000000.0,3187000000.0,1169000000.0,,7004000000.0,,,,1916000000.0,27633000000.0,4721000000.0,257000000.0,24653000000.0,52286000000.0,,28000000.0,,-42000000.0,65000000.0,,136000000.0,,,-5000000.0,85000000.0,,,,,,158000000.0,31000000.0,-2000000.0,-193000000.0,,,158000000.0,,
2024-06-30,7390000000.0,3278000000.0,4112000000.0,,2471000000.0,,1626000000.0,,1266000000.0,297000000.0,969000000.0,0.71,0.7,1368200000.0,1374400000.0,438000000.0,,1390000000.0,1252000000.0,,,,3819000000.0,,2680000000.0,20081000000.0,23108000000.0,1144000000.0,52344000000.0,3099000000.0,1302000000.0,,7509000000.0,,,,1965000000.0,27626000000.0,4944000000.0,77000000.0,24718000000.0,52344000000.0,,52000000.0,,67000000.0,119000000.0,,180000000.0,,,1000000.0,742000000.0,,,,,,273000000.0,49000000.0,1000000.0,-329000000.0,,,-222000000.0,,
2024-09-30,11281000000.0,5029000000.0,6252000000.0,,3716000000.0,,2528000000.0,,2068000000.0,483000000.0,1585000000.0,1.16,1.16,1364200000.0,1370400000.0,552000000.0,,1448000000.0,1351000000.0,,,,4102000000.0,,2794000000.0,20078000000.0,23072000000.0,1139000000.0,52718000000.0,3133000000.0,1288000000.0,,7699000000.0,,,,1901000000.0,27749000000.0,5249000000.0,14000000.0,24969000000.0,52718000000.0,,76000000.0,,148000000.0,220000000.0,,204000000.0,,,-37000000.0,1370000000.0,,,,,,398000000.0,49000000.0,0.0,-538000000.0,,,-504000000.0,,
,,,,,,,,,,,,,,,,,,,,,,,,,,,,,,,,,,,,,,,,,,,,,,,,,,,,,,,,,,,,,,,,,,,
,,,,,,,,,,,,,,,,,,,,,,,,,,,,,,,,,,,,,,,,,,,,,,,,,,,,,,,,,,,,,,,,,,,
,,,,,,,,,,,,,,,,,,,,,,,,,,,,,,,,,,,,,,,,,,,,,,,,,,,,,,,,,,,,,,,,,,,
