Date,Net sales,Cost of sales,Gross margin,Research and development,"Selling, general and administrative",Total operating expenses,Operating income,"Other income/(expense), net",Income before provision for income taxes,Provision for income taxes,Net income,Earnings per share basic,Earnings per share diluted,Weighted-average basic,Weighted-average diluted,Cash and cash equivalents,Short-term marketable securities,"Accounts receivable, net",Inventories,Deferred tax assets,Vendor non-trade receivables,Other current assets,Total current assets,Long-term marketable securities,"Property, Plant and Equipment, Net",Goodwill,"Acquired intangible assets, net","Other Assets, Noncurrent",Total assets,accounts payable,Accrued expenses,Deferred revenue,Total current liabilities,Deferred revenue - non-current,deferred tax liabilities,long term taxes payable,Total other non-current liabilities,Total liabilities,Retained Earnings (Accumulated Deficit),Accumulated other comprehensive (loss)/income,Total shareholders equity,Total liabilities and shareholders' equity,"Depreciation, amortization and accretion",Stock-based compensation expense,Deferred income tax expense,"Increase (Decrease) in Accounts receivable, net",Increase (Decrease) in Inventories,Increase (Decrease) in Other Receivables,Increase (Decrease) in Other Operating Assets,Increase (Decrease) in Accounts Payable,Increase (Decrease) in Deferred Revenue,Increase (Decrease) Other liabilities,Cash generated by operating activities,Purchases of marketable securities,Proceeds from maturities of marketable securities,Proceeds from sales of marketable securities,Purchases of other long-term investments,"Business acquisitions, net of cash acquired",Cash payments for capital asset purchases,Payments for acquisition of intangible assets,Payments for (Proceeds from) Other Investing Activities,Cash used in investing activities,Proceeds from issuance of common stock,Excess tax benefits from stock-based compensation,Cash generated/used in financing activities,Increase/(decrease) in cash and cash equivalents,"Cash paid for income taxes, net"
2015-01-31,701000000.0,318000000.0,,96000000.0,206000000.0,620000000.0,81000000.0,,120000000.0,8000000.0,,0.42,0.41,168000000.0,170000000.0,887000000.0,,309000000.0,477000000.0,82000000.0,,136000000.0,1892000000.0,,455000000.0,381000000.0,16000000.0,91000000.0,3029000000.0,158000000.0,96000000.0,176000000.0,700000000.0,66000000.0,,,59000000.0,2111000000.0,171000000.0,-369000000.0,918000000.0,3029000000.0,23000000.0,29000000.0,-1000000.0,-36000000.0,9000000.0,,,-13000000.0,,,92000000.0,,,,,,15000000.0,,,-14000000.0,,3000000.0,7000000.0,77000000.0,
2015-04-30,1441000000.0,642000000.0,,192000000.0,398000000.0,1232000000.0,209000000.0,,270000000.0,34000000.0,,0.99,0.97,169000000.0,171000000.0,894000000.0,,353000000.0,476000000.0,,,131000000.0,1927000000.0,,460000000.0,378000000.0,14000000.0,89000000.0,3061000000.0,178000000.0,65000000.0,164000000.0,631000000.0,64000000.0,,,58000000.0,2025000000.0,267000000.0,-357000000.0,1036000000.0,3061000000.0,46000000.0,42000000.0,13000000.0,5000000.0,17000000.0,,,1000000.0,,,160000000.0,,,,,,31000000.0,,,-30000000.0,,3000000.0,-38000000.0,84000000.0,22000000.0
2015-07-31,2106000000.0,937000000.0,,282000000.0,581000000.0,1786000000.0,320000000.0,,402000000.0,51000000.0,,1.4,1.38,169000000.0,172000000.0,1000000000.0,,313000000.0,478000000.0,,,119000000.0,1983000000.0,,462000000.0,372000000.0,12000000.0,86000000.0,3097000000.0,171000000.0,88000000.0,161000000.0,620000000.0,61000000.0,,,52000000.0,1992000000.0,337000000.0,-376000000.0,1105000000.0,3097000000.0,69000000.0,49000000.0,15000000.0,-31000000.0,25000000.0,,,1000000.0,,,295000000.0,,,,,0.0,66000000.0,,0.0,-72000000.0,,4000000.0,-22000000.0,190000000.0,35000000.0
2015-10-31,2856000000.0,1269000000.0,,387000000.0,787000000.0,2425000000.0,431000000.0,,559000000.0,-125000000.0,,3.04,3.0,169000000.0,171000000.0,483000000.0,,398000000.0,487000000.0,352000000.0,,137000000.0,1579000000.0,41000000.0,518000000.0,700000000.0,246000000.0,100000000.0,3508000000.0,209000000.0,84000000.0,175000000.0,686000000.0,61000000.0,15000000.0,14000000.0,80000000.0,2206000000.0,614000000.0,-479000000.0,1302000000.0,3508000000.0,99000000.0,55000000.0,-163000000.0,20000000.0,25000000.0,,,18000000.0,,,376000000.0,,,,,574000000.0,92000000.0,,0.0,-671000000.0,,4000000.0,-19000000.0,-327000000.0,40000000.0
2016-01-31,721000000.0,329000000.0,,108000000.0,200000000.0,623000000.0,98000000.0,,129000000.0,20000000.0,,0.37,0.37,171000000.0,172000000.0,572000000.0,,361000000.0,481000000.0,,,138000000.0,1626000000.0,,514000000.0,696000000.0,233000000.0,100000000.0,3481000000.0,175000000.0,79000000.0,185000000.0,602000000.0,62000000.0,,,81000000.0,2099000000.0,678000000.0,-497000000.0,1382000000.0,3481000000.0,33000000.0,16000000.0,4000000.0,-33000000.0,4000000.0,,,-22000000.0,,,92000000.0,,,,,,34000000.0,,,-24000000.0,,1000000.0,25000000.0,89000000.0,8000000.0
2016-04-30,1452000000.0,654000000.0,,216000000.0,407000000.0,1259000000.0,193000000.0,,264000000.0,19000000.0,,0.89,0.88,171000000.0,172000000.0,620000000.0,,408000000.0,475000000.0,,,159000000.0,1737000000.0,,531000000.0,731000000.0,226000000.0,108000000.0,3655000000.0,168000000.0,73000000.0,198000000.0,652000000.0,69000000.0,,,84000000.0,2155000000.0,766000000.0,-437000000.0,1500000000.0,3655000000.0,67000000.0,29000000.0,3000000.0,3000000.0,11000000.0,,,-27000000.0,,,209000000.0,,,,,,62000000.0,,,-62000000.0,,0.0,-16000000.0,137000000.0,8000000.0
2016-07-31,2167000000.0,963000000.0,,320000000.0,607000000.0,1868000000.0,299000000.0,,404000000.0,25000000.0,,1.43,1.41,170000000.0,172000000.0,664000000.0,,415000000.0,479000000.0,,,153000000.0,1711000000.0,,522000000.0,738000000.0,217000000.0,114000000.0,3675000000.0,156000000.0,62000000.0,192000000.0,601000000.0,73000000.0,,,69000000.0,2078000000.0,857000000.0,-433000000.0,1597000000.0,3675000000.0,101000000.0,39000000.0,5000000.0,16000000.0,23000000.0,,,-38000000.0,,,277000000.0,,,,,,76000000.0,,0.0,-76000000.0,,-4000000.0,-25000000.0,181000000.0,17000000.0
2016-10-31,2918000000.0,1294000000.0,,425000000.0,818000000.0,2512000000.0,406000000.0,,546000000.0,31000000.0,,1.97,1.95,170000000.0,172000000.0,783000000.0,,437000000.0,474000000.0,0.0,,160000000.0,1854000000.0,29000000.0,512000000.0,736000000.0,208000000.0,46000000.0,3803000000.0,189000000.0,51000000.0,180000000.0,644000000.0,72000000.0,1000000.0,21000000.0,69000000.0,2290000000.0,949000000.0,-618000000.0,1513000000.0,3803000000.0,134000000.0,49000000.0,17000000.0,42000000.0,22000000.0,,,-8000000.0,,,416000000.0,,,,,10000000.0,91000000.0,,-1000000.0,-90000000.0,,-5000000.0,-25000000.0,300000000.0,23000000.0
2017-01-31,726000000.0,322000000.0,,108000000.0,213000000.0,564000000.0,162000000.0,,128000000.0,43000000.0,,0.64,0.63,171000000.0,173000000.0,896000000.0,,395000000.0,479000000.0,,,162000000.0,1932000000.0,,494000000.0,721000000.0,197000000.0,123000000.0,3869000000.0,172000000.0,68000000.0,191000000.0,596000000.0,74000000.0,,,74000000.0,2221000000.0,1048000000.0,-611000000.0,1648000000.0,3869000000.0,32000000.0,18000000.0,40000000.0,-40000000.0,10000000.0,,,-12000000.0,,,102000000.0,,,,,,16000000.0,,,-8000000.0,,2000000.0,21000000.0,113000000.0,17000000.0
2017-04-30,1484000000.0,662000000.0,,227000000.0,469000000.0,1275000000.0,204000000.0,,275000000.0,-27000000.0,,0.91,0.9,177000000.0,179000000.0,983000000.0,40000000.0,518000000.0,585000000.0,,,188000000.0,2314000000.0,32000000.0,545000000.0,1702000000.0,918000000.0,130000000.0,6014000000.0,180000000.0,57000000.0,235000000.0,876000000.0,91000000.0,,,345000000.0,3842000000.0,1097000000.0,-595000000.0,2172000000.0,6014000000.0,73000000.0,31000000.0,-13000000.0,-10000000.0,10000000.0,,,-17000000.0,,,151000000.0,,,,,,33000000.0,,,-1642000000.0,444000000.0,2000000.0,1690000000.0,200000000.0,34000000.0
2017-07-31,2347000000.0,1083000000.0,,359000000.0,755000000.0,2111000000.0,200000000.0,,439000000.0,9000000.0,,0.78,0.78,186000000.0,186000000.0,873000000.0,3000000.0,521000000.0,561000000.0,,,200000000.0,2158000000.0,31000000.0,546000000.0,1861000000.0,865000000.0,134000000.0,5840000000.0,181000000.0,77000000.0,265000000.0,784000000.0,92000000.0,,,327000000.0,3621000000.0,1079000000.0,-572000000.0,2219000000.0,5840000000.0,153000000.0,44000000.0,-43000000.0,-14000000.0,-10000000.0,,,-17000000.0,,,249000000.0,,,,,,54000000.0,,0.0,-1646000000.0,444000000.0,4000000.0,1482000000.0,90000000.0,43000000.0
2017-10-31,3189000000.0,1487000000.0,,498000000.0,1049000000.0,2950000000.0,239000000.0,,620000000.0,77000000.0,,0.57,0.56,180000000.0,182000000.0,818000000.0,,547000000.0,588000000.0,477000000.0,,224000000.0,2177000000.0,34000000.0,530000000.0,1882000000.0,855000000.0,240000000.0,5933000000.0,211000000.0,62000000.0,291000000.0,819000000.0,101000000.0,,39000000.0,356000000.0,3623000000.0,1041000000.0,-457000000.0,2310000000.0,5933000000.0,225000000.0,56000000.0,-47000000.0,11000000.0,4000000.0,,,15000000.0,90000000.0,,313000000.0,,,,,1702000000.0,72000000.0,,,-1722000000.0,444000000.0,3000000.0,1440000000.0,35000000.0,121000000.0
2018-01-31,856000000.0,410000000.0,,146000000.0,289000000.0,842000000.0,-5000000.0,,131000000.0,-117000000.0,,0.5,0.5,187000000.0,189000000.0,980000000.0,,454000000.0,609000000.0,,,232000000.0,2275000000.0,,539000000.0,1894000000.0,807000000.0,270000000.0,6050000000.0,229000000.0,78000000.0,354000000.0,886000000.0,105000000.0,,,232000000.0,3566000000.0,1141000000.0,-412000000.0,2484000000.0,6050000000.0,78000000.0,19000000.0,-235000000.0,-99000000.0,20000000.0,,,14000000.0,61000000.0,,171000000.0,,,,,,24000000.0,,,-27000000.0,,1000000.0,9000000.0,162000000.0,1000000.0
2018-04-30,1855000000.0,857000000.0,,302000000.0,588000000.0,1732000000.0,100000000.0,,335000000.0,-98000000.0,,0.84,0.83,188000000.0,190000000.0,784000000.0,,579000000.0,597000000.0,,,229000000.0,2189000000.0,,546000000.0,1891000000.0,754000000.0,281000000.0,5923000000.0,240000000.0,78000000.0,347000000.0,953000000.0,119000000.0,,,230000000.0,3400000000.0,1205000000.0,-419000000.0,2523000000.0,5923000000.0,157000000.0,34000000.0,-237000000.0,31000000.0,18000000.0,,,20000000.0,71000000.0,,282000000.0,,,,,,58000000.0,,,-49000000.0,0.0,2000000.0,-271000000.0,-34000000.0,11000000.0
2018-07-31,2863000000.0,1296000000.0,,453000000.0,877000000.0,2608000000.0,223000000.0,,550000000.0,-106000000.0,,1.49,1.46,188000000.0,191000000.0,742000000.0,,597000000.0,609000000.0,,,234000000.0,2182000000.0,,549000000.0,1888000000.0,702000000.0,285000000.0,5846000000.0,231000000.0,78000000.0,333000000.0,900000000.0,122000000.0,,,201000000.0,3233000000.0,1326000000.0,-449000000.0,2613000000.0,5846000000.0,,48000000.0,-227000000.0,55000000.0,43000000.0,,,13000000.0,65000000.0,,320000000.0,,,,,,98000000.0,,,-97000000.0,0.0,4000000.0,-296000000.0,-76000000.0,22000000.0
2018-10-31,,1756000000.0,,607000000.0,1185000000.0,4224000000.0,-346000000.0,,784000000.0,-576000000.0,,0.88,0.86,187000000.0,191000000.0,913000000.0,,624000000.0,619000000.0,880000000.0,,222000000.0,2378000000.0,17000000.0,555000000.0,1171000000.0,645000000.0,279000000.0,5824000000.0,242000000.0,69000000.0,334000000.0,1462000000.0,127000000.0,,205000000.0,287000000.0,3391000000.0,1212000000.0,-488000000.0,2433000000.0,5824000000.0,,59000000.0,-789000000.0,89000000.0,61000000.0,,,22000000.0,75000000.0,,555000000.0,,,0.0,,11000000.0,132000000.0,,2000000.0,-116000000.0,0.0,5000000.0,-335000000.0,95000000.0,27000000.0
2019-01-31,1006000000.0,428000000.0,,173000000.0,288000000.0,885000000.0,121000000.0,,120000000.0,6000000.0,,0.61,0.6,187000000.0,190000000.0,1098000000.0,,580000000.0,641000000.0,,,225000000.0,2544000000.0,,558000000.0,1181000000.0,594000000.0,308000000.0,5978000000.0,222000000.0,96000000.0,317000000.0,1400000000.0,126000000.0,,,284000000.0,3320000000.0,1402000000.0,-449000000.0,2658000000.0,5978000000.0,,27000000.0,-12000000.0,-56000000.0,26000000.0,,,-10000000.0,167.0,,240000000.0,,,,,,31000000.0,,,-29000000.0,,,-33000000.0,185000000.0,1000000.0
2019-04-30,2096000000.0,870000000.0,,344000000.0,588000000.0,1790000000.0,306000000.0,,313000000.0,46000000.0,,1.42,1.4,188000000.0,191000000.0,1277000000.0,,660000000.0,660000000.0,,,227000000.0,2824000000.0,,563000000.0,1174000000.0,543000000.0,317000000.0,6190000000.0,236000000.0,74000000.0,333000000.0,1485000000.0,150000000.0,,,251000000.0,3392000000.0,1555000000.0,-461000000.0,2798000000.0,6190000000.0,,50000000.0,-2000000.0,28000000.0,53000000.0,,,1000000.0,276.0,,461000000.0,,,,,,60000000.0,,-2000000.0,-49000000.0,,,-54000000.0,363000000.0,48000000.0
2019-07-31,3183000000.0,1314000000.0,,512000000.0,869000000.0,2680000000.0,503000000.0,,512000000.0,86000000.0,,2.27,2.23,188000000.0,191000000.0,1394000000.0,,618000000.0,696000000.0,,,227000000.0,2935000000.0,,568000000.0,1209000000.0,546000000.0,341000000.0,6348000000.0,247000000.0,90000000.0,324000000.0,1432000000.0,177000000.0,,,297000000.0,3410000000.0,1714000000.0,-460000000.0,2938000000.0,6348000000.0,,66000000.0,14000000.0,-25000000.0,78000000.0,,,10000000.0,342.0,,735000000.0,,,,,90000000.0,90000000.0,,-2000000.0,-169000000.0,,,-91000000.0,479000000.0,78000000.0
2019-10-31,4303000000.0,1769000000.0,,688000000.0,1155000000.0,3592000000.0,711000000.0,,1037000000.0,94000000.0,,3.31,3.25,188000000.0,191000000.0,1598000000.0,,668000000.0,705000000.0,878000000.0,,244000000.0,3215000000.0,,576000000.0,1209000000.0,490000000.0,332000000.0,6623000000.0,253000000.0,83000000.0,334000000.0,1003000000.0,176000000.0,,198000000.0,295000000.0,3619000000.0,1909000000.0,-578000000.0,3004000000.0,6623000000.0,,82000000.0,-2000000.0,26000000.0,92000000.0,,,13000000.0,386.0,,998000000.0,,,,,88000000.0,120000000.0,,-3000000.0,-196000000.0,0.0,,-122000000.0,683000000.0,103000000.0
2020-01-31,1095000000.0,440000000.0,,187000000.0,300000000.0,892000000.0,203000000.0,,202000000.0,39000000.0,,0.87,0.86,188000000.0,191000000.0,1691000000.0,,670000000.0,737000000.0,,,228000000.0,3326000000.0,,578000000.0,1215000000.0,435000000.0,347000000.0,6841000000.0,224000000.0,93000000.0,363000000.0,982000000.0,176000000.0,,,290000000.0,3714000000.0,2072000000.0,-561000000.0,3127000000.0,6841000000.0,,39000000.0,18000000.0,3000000.0,36000000.0,,,-26000000.0,161000000.0,,197000000.0,,,,,5000000.0,32000000.0,,,-5000000.0,,,-99000000.0,93000000.0,9000000.0
2020-04-30,1990000000.0,819000000.0,,353000000.0,551000000.0,1685000000.0,305000000.0,,310000000.0,76000000.0,,1.25,1.23,188000000.0,190000000.0,1841000000.0,,485000000.0,756000000.0,,,211000000.0,3293000000.0,,575000000.0,1217000000.0,382000000.0,354000000.0,6757000000.0,182000000.0,72000000.0,391000000.0,949000000.0,167000000.0,,,300000000.0,3672000000.0,2143000000.0,-567000000.0,3085000000.0,6757000000.0,,54000000.0,27000000.0,-178000000.0,63000000.0,,,-67000000.0,273000000.0,,495000000.0,,,,,5000000.0,55000000.0,,0.0,-28000000.0,,,-220000000.0,243000000.0,47000000.0
2020-07-31,3001000000.0,1224000000.0,,522000000.0,810000000.0,2514000000.0,487000000.0,,495000000.0,85000000.0,,2.19,2.16,187000000.0,190000000.0,1697000000.0,,569000000.0,778000000.0,,,234000000.0,3278000000.0,,584000000.0,1510000000.0,419000000.0,375000000.0,7161000000.0,193000000.0,88000000.0,386000000.0,980000000.0,173000000.0,,,358000000.0,3807000000.0,2319000000.0,-520000000.0,3354000000.0,7161000000.0,,72000000.0,7000000.0,-112000000.0,91000000.0,,,-60000000.0,322000000.0,,678000000.0,,,,,324000000.0,87000000.0,,0.0,-379000000.0,,,-198000000.0,103000000.0,66000000.0
2020-10-31,4221000000.0,1688000000.0,,715000000.0,1097000000.0,3456000000.0,765000000.0,,1069000000.0,134000000.0,,3.35,3.31,187000000.0,189000000.0,1756000000.0,,606000000.0,757000000.0,860000000.0,,255000000.0,3374000000.0,,595000000.0,1537000000.0,361000000.0,368000000.0,7218000000.0,224000000.0,70000000.0,391000000.0,1081000000.0,175000000.0,,212000000.0,365000000.0,3921000000.0,2536000000.0,-599000000.0,3297000000.0,7218000000.0,,92000000.0,41000000.0,-75000000.0,73000000.0,,,-33000000.0,377000000.0,,1016000000.0,,,,,357000000.0,117000000.0,,0.0,-442000000.0,,,-413000000.0,167000000.0,84000000.0
2021-01-31,1180000000.0,473000000.0,,199000000.0,301000000.0,968000000.0,212000000.0,,195000000.0,23000000.0,,0.93,0.92,186000000.0,188000000.0,1887000000.0,,654000000.0,760000000.0,,,265000000.0,3566000000.0,,597000000.0,1588000000.0,356000000.0,410000000.0,7494000000.0,228000000.0,89000000.0,456000000.0,1124000000.0,166000000.0,,,332000000.0,3958000000.0,2708000000.0,-536000000.0,3536000000.0,7494000000.0,,43000000.0,1000000.0,38000000.0,0.0,,,4000000.0,214000000.0,,295000000.0,,,,,96000000.0,28000000.0,,,-124000000.0,,,-43000000.0,136000000.0,22000000.0
2021-04-30,2401000000.0,957000000.0,,408000000.0,598000000.0,1954000000.0,447000000.0,,403000000.0,45000000.0,,1.93,1.91,185000000.0,188000000.0,1993000000.0,,676000000.0,774000000.0,,,275000000.0,3718000000.0,,598000000.0,1608000000.0,316000000.0,433000000.0,7686000000.0,248000000.0,69000000.0,488000000.0,1288000000.0,172000000.0,,,333000000.0,4141000000.0,2894000000.0,-511000000.0,3545000000.0,7686000000.0,,64000000.0,-18000000.0,61000000.0,23000000.0,,,18000000.0,355000000.0,,697000000.0,,,,,136000000.0,61000000.0,,,-197000000.0,,,-264000000.0,242000000.0,55000000.0
2021-07-31,3647000000.0,1415000000.0,,615000000.0,900000000.0,2916000000.0,731000000.0,,673000000.0,61000000.0,,3.31,3.27,185000000.0,187000000.0,2153000000.0,,677000000.0,770000000.0,,,229000000.0,3829000000.0,,616000000.0,1610000000.0,283000000.0,428000000.0,7804000000.0,249000000.0,92000000.0,476000000.0,1199000000.0,179000000.0,,,341000000.0,4054000000.0,3148000000.0,-528000000.0,3750000000.0,7804000000.0,,83000000.0,-49000000.0,64000000.0,30000000.0,,,10000000.0,424000000.0,,954000000.0,,,,,136000000.0,101000000.0,,1000000.0,-238000000.0,,,-317000000.0,403000000.0,100000000.0
2021-10-31,4941000000.0,1872000000.0,,811000000.0,1195000000.0,3861000000.0,1080000000.0,,1010000000.0,116000000.0,,4.84,4.78,185000000.0,187000000.0,2052000000.0,,735000000.0,777000000.0,643000000.0,,270000000.0,3834000000.0,,650000000.0,1628000000.0,272000000.0,389000000.0,7781000000.0,287000000.0,74000000.0,478000000.0,1309000000.0,187000000.0,,219000000.0,352000000.0,3997000000.0,3430000000.0,-442000000.0,3784000000.0,7781000000.0,,103000000.0,-53000000.0,122000000.0,43000000.0,,,53000000.0,487000000.0,,1322000000.0,,,,,178000000.0,174000000.0,,1000000.0,-353000000.0,,,-671000000.0,301000000.0,130000000.0
2022-01-31,1250000000.0,446000000.0,,210000000.0,326000000.0,979000000.0,271000000.0,,264000000.0,35000000.0,,1.25,1.24,183000000.0,184000000.0,1977000000.0,,708000000.0,804000000.0,,,319000000.0,3808000000.0,,672000000.0,1623000000.0,250000000.0,397000000.0,7728000000.0,294000000.0,95000000.0,495000000.0,1257000000.0,190000000.0,,,343000000.0,3918000000.0,3659000000.0,-451000000.0,3810000000.0,7728000000.0,,50000000.0,9000000.0,-25000000.0,32000000.0,,,-4000000.0,233000000.0,,224000000.0,,,,,7000000.0,42000000.0,,,-49000000.0,,,-247000000.0,-76000000.0,12000000.0
2022-04-30,2601000000.0,938000000.0,,420000000.0,645000000.0,2003000000.0,598000000.0,,571000000.0,84000000.0,,2.67,2.65,182000000.0,183000000.0,1886000000.0,,803000000.0,810000000.0,,,387000000.0,3886000000.0,,664000000.0,1605000000.0,228000000.0,419000000.0,7764000000.0,313000000.0,99000000.0,538000000.0,1360000000.0,196000000.0,,,320000000.0,3985000000.0,3917000000.0,-474000000.0,3779000000.0,7764000000.0,,77000000.0,13000000.0,84000000.0,54000000.0,,,31000000.0,424000000.0,,522000000.0,,,,,17000000.0,95000000.0,,,-142000000.0,,,-527000000.0,-168000000.0,122000000.0
2022-07-31,3977000000.0,1437000000.0,,626000000.0,962000000.0,3022000000.0,955000000.0,,917000000.0,92000000.0,,4.56,4.52,181000000.0,182000000.0,1847000000.0,,882000000.0,837000000.0,,,395000000.0,3961000000.0,,668000000.0,1606000000.0,216000000.0,442000000.0,7852000000.0,328000000.0,110000000.0,496000000.0,1312000000.0,200000000.0,,,305000000.0,3932000000.0,4255000000.0,-500000000.0,3920000000.0,7852000000.0,,102000000.0,19000000.0,166000000.0,88000000.0,,,41000000.0,479000000.0,,746000000.0,,,,,33000000.0,127000000.0,,0.0,-190000000.0,,,-734000000.0,-205000000.0,157000000.0
2022-10-31,5420000000.0,1970000000.0,,841000000.0,1283000000.0,4086000000.0,1334000000.0,,1285000000.0,161000000.0,,6.23,6.18,180000000.0,182000000.0,2042000000.0,,905000000.0,858000000.0,608000000.0,,149000000.0,4234000000.0,,690000000.0,1582000000.0,189000000.0,454000000.0,8098000000.0,348000000.0,96000000.0,495000000.0,1407000000.0,197000000.0,,190000000.0,296000000.0,3937000000.0,4554000000.0,-454000000.0,4161000000.0,8098000000.0,,125000000.0,7000000.0,204000000.0,125000000.0,,,56000000.0,546000000.0,,1144000000.0,,,,,33000000.0,185000000.0,,,-251000000.0,,,-861000000.0,-11000000.0,191000000.0
2023-01-31,1381000000.0,498000000.0,,227000000.0,338000000.0,1059000000.0,322000000.0,,331000000.0,71000000.0,,1.46,1.45,178000000.0,180000000.0,2228000000.0,,920000000.0,909000000.0,,,146000000.0,4498000000.0,,728000000.0,1611000000.0,166000000.0,469000000.0,8448000000.0,325000000.0,123000000.0,554000000.0,1465000000.0,217000000.0,,,322000000.0,4044000000.0,4814000000.0,-391000000.0,4404000000.0,8448000000.0,,54000000.0,-1000000.0,-6000000.0,44000000.0,,,-19000000.0,279000000.0,,366000000.0,,,,,0.0,60000000.0,,,-60000000.0,,,-139000000.0,187000000.0,14000000.0
2023-04-30,2771000000.0,979000000.0,,449000000.0,675000000.0,2095000000.0,676000000.0,,692000000.0,149000000.0,,3.04,3.02,178000000.0,179000000.0,2498000000.0,,864000000.0,948000000.0,,,137000000.0,4764000000.0,,746000000.0,1661000000.0,198000000.0,364000000.0,8708000000.0,302000000.0,113000000.0,568000000.0,1422000000.0,222000000.0,,,316000000.0,4003000000.0,5097000000.0,-399000000.0,4705000000.0,8708000000.0,,84000000.0,-2000000.0,-61000000.0,93000000.0,,,-41000000.0,414000000.0,,789000000.0,,,,,85000000.0,113000000.0,,,-205000000.0,,,-140000000.0,457000000.0,180000000.0
2023-07-31,4153000000.0,1465000000.0,,664000000.0,994000000.0,3112000000.0,1041000000.0,,1081000000.0,250000000.0,,4.66,4.63,178000000.0,179000000.0,2572000000.0,,893000000.0,975000000.0,,,137000000.0,4902000000.0,,754000000.0,1655000000.0,175000000.0,366000000.0,8826000000.0,289000000.0,144000000.0,518000000.0,1338000000.0,229000000.0,,,320000000.0,3929000000.0,5385000000.0,-402000000.0,4897000000.0,8826000000.0,,110000000.0,10000000.0,-32000000.0,126000000.0,,,-54000000.0,467000000.0,,1030000000.0,,,,,85000000.0,158000000.0,,,-250000000.0,,,-259000000.0,531000000.0,268000000.0
2023-10-31,5464000000.0,1932000000.0,,882000000.0,1307000000.0,4106000000.0,1358000000.0,,1357000000.0,300000000.0,,5.95,5.91,178000000.0,179000000.0,2472000000.0,,900000000.0,985000000.0,619000000.0,,168000000.0,4809000000.0,,761000000.0,1640000000.0,155000000.0,340000000.0,8683000000.0,286000000.0,189000000.0,541000000.0,2049000000.0,216000000.0,,210000000.0,313000000.0,4029000000.0,5611000000.0,-466000000.0,4654000000.0,8683000000.0,,135000000.0,-3000000.0,-14000000.0,148000000.0,,,-62000000.0,551000000.0,,1408000000.0,,,,,85000000.0,196000000.0,,,-288000000.0,,,-687000000.0,431000000.0,343000000.0
2024-01-31,1259000000.0,446000000.0,,232000000.0,362000000.0,1038000000.0,221000000.0,,229000000.0,57000000.0,172000000.0,0.98,0.98,175000000.0,176000000.0,1745000000.0,,808000000.0,1024000000.0,,,197000000.0,4076000000.0,,771000000.0,2254000000.0,616000000.0,355000000.0,9060000000.0,281000000.0,184000000.0,592000000.0,2116000000.0,213000000.0,,,441000000.0,4243000000.0,5783000000.0,-442000000.0,4817000000.0,9060000000.0,,48000000.0,6000000.0,-124000000.0,42000000.0,,,1000000.0,250000000.0,,328000000.0,,,,,478000000.0,47000000.0,,-3000000.0,-511000000.0,,,-548000000.0,-723000000.0,12000000.0
2024-04-30,2475000000.0,899000000.0,,460000000.0,723000000.0,2077000000.0,398000000.0,,404000000.0,106000000.0,298000000.0,1.71,1.7,175000000.0,175000000.0,1657000000.0,,809000000.0,1020000000.0,,,169000000.0,3968000000.0,,769000000.0,2282000000.0,609000000.0,351000000.0,8988000000.0,268000000.0,134000000.0,578000000.0,1994000000.0,211000000.0,,,416000000.0,4085000000.0,5909000000.0,-469000000.0,4903000000.0,8988000000.0,,82000000.0,-9000000.0,-121000000.0,50000000.0,,,-11000000.0,383000000.0,,438000000.0,,,,,556000000.0,83000000.0,,-8000000.0,-631000000.0,,,-621000000.0,-814000000.0,146000000.0
2024-07-31,3692000000.0,1361000000.0,,686000000.0,1052000000.0,3089000000.0,603000000.0,,617000000.0,-176000000.0,687000000.0,3.94,3.92,174000000.0,175000000.0,1632000000.0,,802000000.0,1026000000.0,,,208000000.0,3996000000.0,,776000000.0,2391000000.0,637000000.0,504000000.0,9323000000.0,280000000.0,142000000.0,537000000.0,1949000000.0,207000000.0,,,473000000.0,4093000000.0,6298000000.0,-437000000.0,5230000000.0,9323000000.0,,111000000.0,-21000000.0,-130000000.0,51000000.0,,,-4000000.0,440000000.0,,693000000.0,,,,,673000000.0,116000000.0,,-8000000.0,-781000000.0,,,-753000000.0,-839000000.0,130000000.0
2024-10-31,4979000000.0,1846000000.0,,919000000.0,1395000000.0,4146000000.0,833000000.0,,865000000.0,251000000.0,614000000.0,3.53,3.51,174000000.0,175000000.0,1796000000.0,,857000000.0,1022000000.0,214000000.0,,157000000.0,4257000000.0,,774000000.0,2388000000.0,607000000.0,521000000.0,9269000000.0,313000000.0,125000000.0,561000000.0,1427000000.0,206000000.0,,219000000.0,463000000.0,4164000000.0,6225000000.0,-364000000.0,5105000000.0,9269000000.0,,137000000.0,268000000.0,-71000000.0,49000000.0,,,26000000.0,529000000.0,,1052000000.0,,,,,681000000.0,154000000.0,,-20000000.0,-819000000.0,,,-913000000.0,-674000000.0,146000000.0
,,,,,,,,,,,,,,,,,,,,,,,,,,,,,,,,,,,,,,,,,,,,,,,,,,,,,,,,,,,,,,,,,,,
