Date,Net sales,Cost of sales,Gross margin,Research and development,"Selling, general and administrative",Total operating expenses,Operating income,"Other income/(expense), net",Income before provision for income taxes,Provision for income taxes,Net income,Earnings per share basic,Earnings per share diluted,Weighted-average basic,Weighted-average diluted,Cash and cash equivalents,Short-term marketable securities,"Accounts receivable, net",Inventories,Deferred tax assets,Vendor non-trade receivables,Other current assets,Total current assets,Long-term marketable securities,"Property, Plant and Equipment, Net",Goodwill,"Acquired intangible assets, net","Other Assets, Noncurrent",Total assets,accounts payable,Accrued expenses,Deferred revenue,Total current liabilities,Deferred revenue - non-current,deferred tax liabilities,long term taxes payable,Total other non-current liabilities,Total liabilities,Retained Earnings (Accumulated Deficit),Accumulated other comprehensive (loss)/income,Total shareholders equity,Total liabilities and shareholders' equity,"Depreciation, amortization and accretion",Stock-based compensation expense,Deferred income tax expense,"Increase (Decrease) in Accounts receivable, net",Increase (Decrease) in Inventories,Increase (Decrease) in Other Receivables,Increase (Decrease) in Other Operating Assets,Increase (Decrease) in Accounts Payable,Increase (Decrease) in Deferred Revenue,Increase (Decrease) Other liabilities,Cash generated by operating activities,Purchases of marketable securities,Proceeds from maturities of marketable securities,Proceeds from sales of marketable securities,Purchases of other long-term investments,"Business acquisitions, net of cash acquired",Cash payments for capital asset purchases,Payments for acquisition of intangible assets,Payments for (Proceeds from) Other Investing Activities,Cash used in investing activities,Proceeds from issuance of common stock,Excess tax benefits from stock-based compensation,Cash generated/used in financing activities,Increase/(decrease) in cash and cash equivalents,"Cash paid for income taxes, net"
2010-12-31,1448669000.0,575367000.0,,189617000.0,179203000.0,944187000.0,504482000.0,,474503000.0,134815000.0,339688000.0,2.03,2.0,167052000.0,169685000.0,596104000.0,1040296000.0,531453000.0,504697000.0,333410000.0,,120351000.0,3126311000.0,,249468000.0,328147000.0,101900000.0,362635000.0,4168461000.0,123166000.0,396084000.0,,793937000.0,,,62329000.0,71560000.0,1702227000.0,1506747000.0,-13383000.0,2466234000.0,4168461000.0,42436000.0,43644000.0,,-79232000.0,-103160000.0,,-27267000.0,-14680000.0,,-17983000.0,289453000.0,418312000.0,,,28401000.0,,22715000.0,,,-43388000.0,31723000.0,,-191295000.0,66186000.0,117370000.0
2012-03-31,2279479000.0,968353000.0,,334227000.0,278873000.0,1581453000.0,698026000.0,,668202000.0,160064000.0,508138000.0,3.05,2.99,167070000.0,170146000.0,763913000.0,1605825000.0,638375000.0,650476000.0,203382000.0,,125356000.0,3987327000.0,,270171000.0,327887000.0,62897000.0,284922000.0,4933204000.0,139371000.0,491933000.0,,872355000.0,,,41801000.0,78670000.0,1774439000.0,2075218000.0,-7957000.0,3158765000.0,4933204000.0,68851000.0,61056000.0,,52290000.0,86535000.0,,-19629000.0,-3497000.0,,160874000.0,668311000.0,1114703000.0,,,44872000.0,,41324000.0,,,-329780000.0,123738000.0,,-278091000.0,52584000.0,17369000.0
2012-06-30,3171944000.0,1330016000.0,,452937000.0,372666000.0,2155619000.0,1016325000.0,,974094000.0,218079000.0,756015000.0,4.53,4.44,166795000.0,170147000.0,751294000.0,1783150000.0,701280000.0,650802000.0,297466000.0,,92847000.0,4164043000.0,,277686000.0,327716000.0,55636000.0,275227000.0,5100308000.0,139183000.0,513411000.0,,862907000.0,,,50839000.0,89235000.0,1784713000.0,2247258000.0,-21143000.0,3315595000.0,5100308000.0,92133000.0,78835000.0,194344000.0,113922000.0,93145000.0,,-58041000.0,-3732000.0,,16860000.0,941617000.0,1522424000.0,,,55906000.0,0.0,57596000.0,,,-528891000.0,163569000.0,0.0,-364103000.0,39965000.0,20018000.0
2012-09-30,720709000.0,317225000.0,,119742000.0,97185000.0,534152000.0,186557000.0,,176542000.0,41175000.0,135367000.0,0.81,0.8,166531000.0,169824000.0,709942000.0,1928135000.0,537460000.0,689713000.0,168241000.0,,107466000.0,4140957000.0,,288876000.0,326848000.0,48081000.0,260714000.0,5065476000.0,116247000.0,471435000.0,,787101000.0,,,52855000.0,90425000.0,1713164000.0,2256958000.0,-13111000.0,3352312000.0,5065476000.0,24016000.0,18984000.0,,-166855000.0,39289000.0,,-19676000.0,-23104000.0,,-45812000.0,245393000.0,410031000.0,,,11168000.0,,20272000.0,,,-167121000.0,23250000.0,7026000.0,-123631000.0,-41352000.0,27909000.0
2012-12-31,1393720000.0,621140000.0,,241350000.0,191426000.0,1053916000.0,339804000.0,,321416000.0,79419000.0,241997000.0,1.45,1.43,166632000.0,169702000.0,767313000.0,1810940000.0,606115000.0,662735000.0,168369000.0,,120828000.0,4136300000.0,,292394000.0,326779000.0,43514000.0,269776000.0,5068763000.0,103575000.0,468130000.0,,781737000.0,,,54910000.0,92134000.0,1707627000.0,2252772000.0,-15058000.0,3361136000.0,5068763000.0,45941000.0,33942000.0,,-89583000.0,10467000.0,,-615000.0,-35418000.0,,-38631000.0,322836000.0,751527000.0,,,19912000.0,,37363000.0,,,-69402000.0,46857000.0,13093000.0,-238233000.0,16019000.0,76204000.0
2013-03-31,2122749000.0,930648000.0,,360138000.0,289913000.0,1580699000.0,542050000.0,,513531000.0,105152000.0,408379000.0,2.46,2.41,166297000.0,169425000.0,934201000.0,1945302000.0,454224000.0,649822000.0,178928000.0,,101179000.0,4263656000.0,,298617000.0,326792000.0,39008000.0,266400000.0,5194473000.0,107753000.0,511688000.0,,820008000.0,,,59104000.0,89417000.0,1748090000.0,2329251000.0,-24827000.0,3446383000.0,5194473000.0,67109000.0,52478000.0,,-232347000.0,-671000.0,,-3367000.0,-30866000.0,,30403000.0,737619000.0,1178157000.0,,,33917000.0,,55663000.0,,,-225039000.0,95542000.0,13965000.0,-324308000.0,182907000.0,87245000.0
2013-06-30,2842781000.0,1237452000.0,,487832000.0,387812000.0,2113096000.0,729685000.0,,690621000.0,147472000.0,543149000.0,3.27,3.21,166089000.0,169260000.0,985390000.0,1933491000.0,524610000.0,634448000.0,301852000.0,,75039000.0,4351503000.0,,305281000.0,326635000.0,34515000.0,269423000.0,5287357000.0,115680000.0,527049000.0,,861532000.0,,,59494000.0,36616000.0,1805205000.0,2359233000.0,-36646000.0,3482152000.0,5287357000.0,87534000.0,70084000.0,-932000.0,-159245000.0,-14787000.0,,-6035000.0,-22812000.0,,56204000.0,913188000.0,1588093000.0,300209000.0,1117511000.0,40850000.0,,74573000.0,,,-241447000.0,126121000.0,14198000.0,-428510000.0,234096000.0,120342000.0
2013-09-30,658337000.0,277657000.0,,132273000.0,98496000.0,508426000.0,149911000.0,,139864000.0,28667000.0,111197000.0,0.67,0.66,165886000.0,168734000.0,904949000.0,2046926000.0,440674000.0,660276000.0,191449000.0,,110464000.0,4354738000.0,,319837000.0,326556000.0,30022000.0,252399000.0,5283552000.0,114716000.0,500100000.0,,835110000.0,,,58995000.0,36277000.0,1792389000.0,2344270000.0,-31891000.0,3491163000.0,5283552000.0,20637000.0,19219000.0,,-85771000.0,29805000.0,,9425000.0,-1058000.0,,-8415000.0,177248000.0,348031000.0,32058000.0,203541000.0,20851000.0,,21751000.0,,,-136668000.0,41047000.0,18605000.0,-123733000.0,-80441000.0,19052000.0
2013-12-31,1363466000.0,563471000.0,,266860000.0,195242000.0,1025573000.0,337893000.0,,316609000.0,66166000.0,250443000.0,1.51,1.49,166414000.0,168478000.0,793382000.0,2157279000.0,573077000.0,663040000.0,200614000.0,,120142000.0,4507534000.0,,325856000.0,326578000.0,26098000.0,254668000.0,5440734000.0,141545000.0,495222000.0,,927999000.0,,,62777000.0,35830000.0,1890527000.0,2386801000.0,-30248000.0,3550207000.0,5440734000.0,40448000.0,34089000.0,,50791000.0,32743000.0,,39993000.0,25939000.0,,-908000.0,292519000.0,796808000.0,50889000.0,520575000.0,32107000.0,,36216000.0,,,-262788000.0,78766000.0,19530000.0,-221319000.0,-192008000.0,67241000.0
2014-03-31,2195065000.0,906297000.0,,401021000.0,288691000.0,1596009000.0,599056000.0,,567855000.0,113831000.0,454024000.0,2.73,2.7,166253000.0,168355000.0,776223000.0,2250601000.0,557661000.0,680919000.0,182899000.0,,94026000.0,4542329000.0,,326049000.0,335246000.0,31988000.0,251239000.0,5486851000.0,120771000.0,547102000.0,,887647000.0,,,59765000.0,35502000.0,1846923000.0,2464901000.0,-31350000.0,3639928000.0,5486851000.0,61062000.0,46812000.0,,34193000.0,47481000.0,,-8470000.0,5121000.0,,41342000.0,530246000.0,1156107000.0,110924000.0,723225000.0,53046000.0,18000000.0,54436000.0,,,-395385000.0,92100000.0,20187000.0,-344360000.0,-209167000.0,76877000.0
2014-06-30,2929408000.0,1232962000.0,,539469000.0,384907000.0,2157338000.0,772070000.0,,734461000.0,151706000.0,582755000.0,3.51,3.47,166016000.0,168118000.0,630861000.0,2521776000.0,492863000.0,656457000.0,282583000.0,,69197000.0,4586830000.0,,330263000.0,335355000.0,27697000.0,258519000.0,5538664000.0,103422000.0,585090000.0,,895611000.0,,,59575000.0,48805000.0,1869318000.0,2479113000.0,-30271000.0,3669346000.0,5538664000.0,83072000.0,60940000.0,16322000.0,-32591000.0,26173000.0,,26265000.0,-12333000.0,,102265000.0,778886000.0,1834223000.0,251876000.0,987512000.0,64053000.0,18000000.0,67502000.0,,,-676109000.0,112221000.0,20554000.0,-458887000.0,-354529000.0,117348000.0
2014-09-30,642901000.0,288467000.0,,143637000.0,101644000.0,533748000.0,109153000.0,,99007000.0,26774000.0,72233000.0,0.44,0.43,164845000.0,166580000.0,669683000.0,2272809000.0,444048000.0,676241000.0,232706000.0,,73050000.0,4368537000.0,,329959000.0,335315000.0,23624000.0,244137000.0,5301572000.0,108287000.0,553715000.0,,804837000.0,,,61721000.0,162958000.0,1771852000.0,2329936000.0,-36202000.0,3529720000.0,5301572000.0,21159000.0,15483000.0,,-39261000.0,23445000.0,,2732000.0,5276000.0,,-17329000.0,34926000.0,624860000.0,135097000.0,732337000.0,22567000.0,,13445000.0,,,225548000.0,4677000.0,14223000.0,-215520000.0,38822000.0,20361000.0
2014-12-31,1319258000.0,571680000.0,,277194000.0,206517000.0,1055391000.0,263867000.0,,92739000.0,-26536000.0,92501000.0,0.56,0.56,164440000.0,165950000.0,584865000.0,1781968000.0,632089000.0,662799000.0,258392000.0,,126135000.0,4046248000.0,,323353000.0,335273000.0,19551000.0,262941000.0,4987366000.0,108307000.0,564190000.0,,942340000.0,,,64327000.0,179416000.0,4385227000.0,24770000.0,-35753000.0,602139000.0,4987366000.0,40060000.0,30331000.0,,161021000.0,12743000.0,,82588000.0,5754000.0,,-1412000.0,46010000.0,1094276000.0,383132000.0,1441460000.0,39566000.0,,26228000.0,,,701315000.0,29403000.0,14788000.0,-781582000.0,-45996000.0,57729000.0
2015-03-31,2057717000.0,891962000.0,,401777000.0,305125000.0,1598864000.0,458853000.0,,259193000.0,35054000.0,224139000.0,1.37,1.36,163494000.0,164930000.0,621892000.0,1717893000.0,631608000.0,632353000.0,236563000.0,,126802000.0,3967111000.0,,321081000.0,335291000.0,15548000.0,263189000.0,4902220000.0,103189000.0,631276000.0,,976615000.0,,,66615000.0,179865000.0,4408279000.0,-2582000.0,-37807000.0,493941000.0,4902220000.0,60570000.0,43098000.0,,162234000.0,-11002000.0,,62492000.0,700000.0,,59008000.0,288427000.0,1433856000.0,564283000.0,1664898000.0,48949000.0,0.0,36554000.0,,,760380000.0,29578000.0,15186000.0,-1043294000.0,-8969000.0,65830000.0
2015-06-30,2814049000.0,1215229000.0,,530616000.0,406864000.0,,,,434131000.0,67973000.0,366158000.0,2.26,2.24,162282000.0,163701000.0,838025000.0,1549086000.0,585494000.0,617904000.0,310712000.0,,77814000.0,3904576000.0,,314591000.0,335263000.0,11895000.0,259687000.0,4826012000.0,103342000.0,661414000.0,,1001763000.0,,,69018000.0,182230000.0,4404573000.0,-12362000.0,-40573000.0,421439000.0,4826012000.0,80536000.0,55302000.0,-24243000.0,118520000.0,-27500000.0,,-11135000.0,848000.0,,90151000.0,605906000.0,1731551000.0,699108000.0,1993396000.0,60808000.0,0.0,45791000.0,,,918221000.0,47008000.0,15403000.0,-1302972000.0,207164000.0,69681000.0
2015-09-30,642644000.0,270244000.0,,119943000.0,91663000.0,,,,134299000.0,29402000.0,104897000.0,0.67,0.66,156820000.0,157984000.0,763697000.0,1505750000.0,460813000.0,650496000.0,231982000.0,,62680000.0,3675418000.0,,302868000.0,335218000.0,8242000.0,249577000.0,4571323000.0,107363000.0,609990000.0,,915241000.0,,,62892000.0,165625000.0,4276882000.0,-45055000.0,-46137000.0,294441000.0,4571323000.0,19735000.0,12248000.0,,-124925000.0,31243000.0,,-34381000.0,4158000.0,,-49423000.0,193782000.0,343358000.0,184973000.0,200353000.0,18267000.0,,7341000.0,,,31900000.0,0.0,10159000.0,-295633000.0,-74328000.0,7844000.0
2015-12-31,1352889000.0,551224000.0,,238215000.0,188195000.0,,,,319774000.0,62670000.0,257104000.0,1.65,1.64,156036000.0,156971000.0,886591000.0,1354834000.0,427115000.0,691786000.0,217473000.0,,106906000.0,3684705000.0,,292393000.0,335205000.0,6934000.0,253279000.0,4572516000.0,122314000.0,540581000.0,,858330000.0,,,65997000.0,167525000.0,4206891000.0,0.0,-50519000.0,365625000.0,4572516000.0,36264000.0,23573000.0,,-157023000.0,67911000.0,,3663000.0,19205000.0,,-98205000.0,294106000.0,624861000.0,326335000.0,485087000.0,35005000.0,,15279000.0,,,173068000.0,21908000.0,11541000.0,-413337000.0,48566000.0,59475000.0
2016-03-31,2065322000.0,825823000.0,,353804000.0,275602000.0,,,,529705000.0,96824000.0,432881000.0,2.78,2.76,155921000.0,156797000.0,925974000.0,1315336000.0,624818000.0,721493000.0,216438000.0,,102414000.0,3906473000.0,,287874000.0,335205000.0,5625000.0,246925000.0,4782102000.0,126322000.0,626331000.0,,997692000.0,,,61504000.0,159467000.0,4305530000.0,95121000.0,-43023000.0,476572000.0,4782102000.0,52044000.0,32758000.0,,29692000.0,93976000.0,,-4659000.0,22956000.0,,-45670000.0,405603000.0,873987000.0,472437000.0,632207000.0,48248000.0,,24233000.0,,,213940000.0,21910000.0,12176000.0,-531511000.0,87949000.0,81779000.0
2016-06-30,2984493000.0,1163391000.0,,481258000.0,379399000.0,,,,858192000.0,153770000.0,704422000.0,4.52,4.49,155869000.0,156779000.0,1108488000.0,1382806000.0,613233000.0,698635000.0,298295000.0,,64870000.0,3868032000.0,,278014000.0,335177000.0,4331000.0,174659000.0,4962432000.0,106517000.0,662208000.0,,1002423000.0,,,50365000.0,156623000.0,4273318000.0,284825000.0,-48685000.0,689114000.0,4962432000.0,66932000.0,45050000.0,15879000.0,8292000.0,67579000.0,,-14613000.0,3109000.0,,-27796000.0,759696000.0,1175720000.0,602446000.0,737817000.0,68378000.0,0.0,31741000.0,,,144687000.0,38298000.0,11936000.0,-636702000.0,270463000.0,105187000.0
2016-09-30,750673000.0,277836000.0,,129233000.0,94388000.0,,,,222220000.0,44119000.0,178101000.0,1.14,1.13,156129000.0,157021000.0,966325000.0,1528296000.0,654699000.0,703262000.0,,,76580000.0,3929162000.0,,272351000.0,335198000.0,3065000.0,188529000.0,4996098000.0,105066000.0,629194000.0,,974741000.0,,,54671000.0,161002000.0,4214589000.0,381124000.0,-46633000.0,781509000.0,4996098000.0,14422000.0,11478000.0,,38241000.0,-1187000.0,,-19477000.0,-1547000.0,,-26343000.0,169777000.0,457512000.0,197100000.0,111106000.0,52465000.0,,9883000.0,,,-167823000.0,,0.0,-146689000.0,-142163000.0,39411000.0
2016-12-31,1627558000.0,596343000.0,,260145000.0,187920000.0,,,,529065000.0,112713000.0,416352000.0,2.66,2.65,156335000.0,157123000.0,937033000.0,1655944000.0,663852000.0,671172000.0,,,103638000.0,4031639000.0,,279966000.0,335170000.0,2551000.0,185623000.0,5094456000.0,116163000.0,570923000.0,,1187736000.0,,,57315000.0,149766000.0,4129360000.0,534175000.0,-52156000.0,965096000.0,5094456000.0,29314000.0,23922000.0,,62627000.0,-14319000.0,,8838000.0,10239000.0,,-49355000.0,392190000.0,830462000.0,356177000.0,189242000.0,73278000.0,,18512000.0,,,-308156000.0,23694000.0,0.0,-247603000.0,-171455000.0,110575000.0
2017-03-31,2541367000.0,939617000.0,,390315000.0,284172000.0,,,,848214000.0,178300000.0,669914000.0,4.28,4.26,156749000.0,157746000.0,955807000.0,1747707000.0,734717000.0,696784000.0,,,118315000.0,4253330000.0,,285740000.0,335236000.0,2038000.0,190096000.0,5324445000.0,139452000.0,618547000.0,,1249186000.0,,,61450000.0,160576000.0,4177133000.0,702297000.0,-48884000.0,1147312000.0,5324445000.0,43512000.0,36458000.0,,127136000.0,13969000.0,,27589000.0,33256000.0,,-11909000.0,617028000.0,1212600000.0,471724000.0,364430000.0,87831000.0,,27926000.0,,,-406527000.0,23694000.0,0.0,-359831000.0,-152681000.0,190165000.0
2017-06-30,3480014000.0,1287547000.0,,526870000.0,389336000.0,,,,1173246000.0,247170000.0,926076000.0,5.92,5.88,156468000.0,157481000.0,1153051000.0,1863689000.0,571117000.0,732988000.0,289706000.0,,71221000.0,4392066000.0,,283975000.0,349526000.0,18963000.0,195676000.0,5532173000.0,147380000.0,649431000.0,,1293162000.0,,,68439000.0,172407000.0,4205756000.0,848457000.0,-51323000.0,1326417000.0,5532173000.0,57836000.0,50943000.0,3471000.0,-39898000.0,46433000.0,,26596000.0,40100000.0,,28373000.0,1079665000.0,1626983000.0,699293000.0,434873000.0,97525000.0,28560000.0,38594000.0,,,-560886000.0,45359000.0,0.0,-472805000.0,44563000.0,234053000.0
2017-09-30,969581000.0,353449000.0,,146732000.0,107713000.0,,,,336152000.0,55216000.0,280936000.0,1.79,1.78,156826000.0,157846000.0,1320697000.0,1735787000.0,666738000.0,762401000.0,,,73873000.0,4559496000.0,,279872000.0,349678000.0,17763000.0,201287000.0,5690398000.0,138657000.0,806636000.0,,1466040000.0,,,71474000.0,175104000.0,4226442000.0,996514000.0,-50781000.0,1463956000.0,5690398000.0,15282000.0,14031000.0,,95621000.0,20194000.0,,2235000.0,-8877000.0,,160921000.0,373629000.0,191744000.0,268665000.0,50095000.0,11876000.0,710000.0,15756000.0,,,112994000.0,,,-320132000.0,167646000.0,23858000.0
2017-12-31,1945403000.0,700783000.0,,303477000.0,213259000.0,,,,683459000.0,536842000.0,146617000.0,0.94,0.93,156707000.0,157688000.0,1073394000.0,1684796000.0,740903000.0,787971000.0,,,66929000.0,4353993000.0,,281634000.0,350023000.0,16563000.0,211315000.0,5407268000.0,149844000.0,703619000.0,,1166548000.0,,,355849000.0,460742000.0,4181643000.0,729456000.0,-52522000.0,1225625000.0,5407268000.0,31412000.0,27770000.0,,169498000.0,44434000.0,,-82267000.0,2192000.0,,357657000.0,503000000.0,326012000.0,391760000.0,106601000.0,30790000.0,5490000.0,29125000.0,,,138949000.0,20579000.0,,-726429000.0,-79657000.0,147483000.0
2018-03-31,2966697000.0,1069471000.0,,456761000.0,326777000.0,,,,1049442000.0,595944000.0,453498000.0,2.9,2.88,156547000.0,157539000.0,1255682000.0,1634300000.0,660455000.0,858924000.0,,,131153000.0,4540514000.0,,284496000.0,349998000.0,15376000.0,213847000.0,5598184000.0,169459000.0,716693000.0,,1200435000.0,,,382891000.0,494758000.0,4228041000.0,862743000.0,-54277000.0,1370143000.0,5598184000.0,47695000.0,43980000.0,,78592000.0,109672000.0,,-16917000.0,21375000.0,,382078000.0,855607000.0,438673000.0,489569000.0,165030000.0,65160000.0,5490000.0,44119000.0,,,164843000.0,20571000.0,,-928717000.0,102631000.0,221797000.0
2018-06-30,4036701000.0,1447369000.0,,608712000.0,443426000.0,,,,1455931000.0,653666000.0,802265000.0,5.13,5.1,156346000.0,157378000.0,1404382000.0,1475936000.0,651678000.0,931845000.0,192003000.0,,85159000.0,4549000000.0,,286306000.0,354698000.0,19333000.0,216819000.0,5619356000.0,169354000.0,699893000.0,,1218083000.0,,,371665000.0,471363000.0,3998845000.0,1056445000.0,-53933000.0,1620511000.0,5619356000.0,62684000.0,62784000.0,101072000.0,76497000.0,182883000.0,,37632000.0,21778000.0,,377946000.0,1229120000.0,466330000.0,608446000.0,233259000.0,77922000.0,17403000.0,66961000.0,,,291618000.0,61444000.0,0.0,-1270103000.0,251331000.0,253128000.0
2018-09-30,1093260000.0,381387000.0,,153530000.0,114438000.0,,,,427568000.0,31624000.0,395944000.0,2.55,2.54,155221000.0,156083000.0,1649514000.0,1130794000.0,602210000.0,993527000.0,,,144999000.0,4521044000.0,,291232000.0,360428000.0,25129000.0,225169000.0,5645109000.0,154930000.0,773319000.0,,1310930000.0,,,348282000.0,447984000.0,4077740000.0,1027370000.0,-56167000.0,1567369000.0,5645109000.0,16087000.0,16138000.0,,-36079000.0,55738000.0,,16853000.0,-14765000.0,-93074000.0,93753000.0,381405000.0,0.0,254757000.0,91238000.0,4619000.0,11787000.0,22330000.0,,,314871000.0,,,-449692000.0,245132000.0,
2018-12-31,2213158000.0,789647000.0,,319433000.0,226900000.0,,,,843531000.0,78487000.0,765044000.0,4.98,4.96,153684000.0,154389000.0,1793982000.0,900112000.0,658080000.0,1005990000.0,,,127350000.0,4485514000.0,,306351000.0,360480000.0,23818000.0,204000000.0,5605287000.0,152491000.0,714873000.0,,1482538000.0,,,341745000.0,446279000.0,4007665000.0,1048804000.0,-70447000.0,1597622000.0,5605287000.0,31893000.0,31833000.0,,22202000.0,70847000.0,,-18125000.0,-17205000.0,-101047000.0,20381000.0,663577000.0,2686000.0,382809000.0,198608000.0,32100000.0,11787000.0,48696000.0,,,523482000.0,20556000.0,,-797144000.0,389600000.0,
2019-03-31,3310469000.0,1276592000.0,,504320000.0,409084000.0,,,,1064921000.0,107232000.0,957772000.0,6.2,6.17,156349000.0,157182000.0,1092163000.0,805105000.0,958021000.0,1317260000.0,,,270079000.0,4442628000.0,,411852000.0,2172902000.0,1694313000.0,260090000.0,9187605000.0,206248000.0,833747000.0,,1700856000.0,,,390904000.0,575599000.0,6302017000.0,928086000.0,-68907000.0,2849093000.0,9187605000.0,105338000.0,66026000.0,,322143000.0,72740000.0,,-15057000.0,-17795000.0,-55217000.0,-54768000.0,827171000.0,2686000.0,443107000.0,239528000.0,62428000.0,1818283000.0,74652000.0,,,-1211421000.0,20556000.0,,72141000.0,-312219000.0,
2019-06-30,4568904000.0,1869377000.0,,711030000.0,599124000.0,,,,1296231000.0,121214000.0,1175617000.0,7.53,7.49,156053000.0,156949000.0,1015994000.0,723391000.0,990113000.0,1262500000.0,278516000.0,,323077000.0,4315075000.0,,448799000.0,2211858000.0,1560670000.0,265973000.0,9008516000.0,202416000.0,827054000.0,,1768486000.0,,,392266000.0,587897000.0,6330823000.0,714825000.0,-73029000.0,2659108000.0,9008516000.0,233224000.0,94194000.0,-26185000.0,354235000.0,59561000.0,,47123000.0,-21627000.0,31098000.0,-51271000.0,1152632000.0,81533000.0,589324000.0,256395000.0,81022000.0,1818283000.0,130498000.0,,,-1180982000.0,64828000.0,,-360005000.0,-388388000.0,180470000.0
2019-09-30,1413414000.0,604241000.0,,210580000.0,188345000.0,,,,371516000.0,25120000.0,346525000.0,2.18,2.16,158697000.0,160131000.0,988348000.0,763174000.0,1066188000.0,1254240000.0,,,283799000.0,4355749000.0,,475210000.0,2263689000.0,1549201000.0,368921000.0,9229399000.0,221388000.0,993299000.0,,1943447000.0,,,358235000.0,643032000.0,6549780000.0,733173000.0,-71855000.0,2661163000.0,9229399000.0,98588000.0,26944000.0,,76075000.0,5091000.0,,8930000.0,18885000.0,-8028000.0,91043000.0,496245000.0,263767000.0,198751000.0,25449000.0,9021000.0,78530000.0,32566000.0,,,-146693000.0,114000.0,,-373613000.0,-27646000.0,
2019-12-31,2922867000.0,1237859000.0,,431331000.0,380598000.0,,,,796443000.0,69742000.0,727080000.0,4.6,4.56,157994000.0,159314000.0,939864000.0,737658000.0,1191035000.0,1251400000.0,,,257486000.0,4377443000.0,,489980000.0,2299781000.0,1492450000.0,377811000.0,9250720000.0,256646000.0,1010210000.0,,1718243000.0,,,368751000.0,663732000.0,6562750000.0,719001000.0,-66758000.0,2669764000.0,9250720000.0,187122000.0,53733000.0,,201896000.0,6568000.0,,5372000.0,54143000.0,-36433000.0,107131000.0,883976000.0,408482000.0,357450000.0,35736000.0,21873000.0,78530000.0,67440000.0,,,-154841000.0,24613000.0,,-805643000.0,-76130000.0,
2020-03-31,4346831000.0,1828017000.0,,646764000.0,566358000.0,,,,911642000.0,106932000.0,805532000.0,5.12,5.08,157356000.0,158586000.0,946175000.0,688356000.0,1119263000.0,1264130000.0,,,300541000.0,4318465000.0,,497743000.0,2043129000.0,1437844000.0,340807000.0,8845946000.0,243234000.0,859419000.0,,1653274000.0,,,383356000.0,675944000.0,6520750000.0,376656000.0,-88294000.0,2307433000.0,8845946000.0,269112000.0,85003000.0,,129150000.0,18208000.0,,29271000.0,41239000.0,63207000.0,-18460000.0,1326004000.0,564655000.0,491269000.0,104770000.0,68657000.0,78600000.0,110885000.0,,,-153053000.0,25285000.0,,-1238280000.0,-69819000.0,
2020-06-30,5806424000.0,2449561000.0,,863864000.0,734149000.0,,,,1316711000.0,101686000.0,1216785000.0,7.76,7.7,156797000.0,158005000.0,,746063000.0,1107413000.0,1310985000.0,291322000.0,,324675000.0,4723545000.0,,519824000.0,2045402000.0,1391413000.0,362979000.0,9279960000.0,264280000.0,865776000.0,,1699786000.0,,,383447000.0,672284000.0,6598950000.0,654930000.0,-79774000.0,2665424000.0,9279960000.0,348049000.0,111381000.0,-93342000.0,117300000.0,74817000.0,,11147000.0,61144000.0,78266000.0,-24649000.0,1778850000.0,798493000.0,626943000.0,148969000.0,0.0,90143000.0,152675000.0,,,-258874000.0,75634000.0,,-1299635000.0,218415000.0,194583000.0
2020-09-30,1538620000.0,620562000.0,,219038000.0,172631000.0,,,,483806000.0,63664000.0,420567000.0,2.71,2.69,155281000.0,156442000.0,1215820000.0,827633000.0,1028883000.0,1394225000.0,,,288138000.0,4754699000.0,,561852000.0,2045432000.0,1340913000.0,371586000.0,9320096000.0,254458000.0,999547000.0,,1748828000.0,,,357074000.0,646691000.0,6557751000.0,753915000.0,-79446000.0,2747184000.0,9320096000.0,80066000.0,26992000.0,,-78530000.0,85991000.0,,-5103000.0,-9822000.0,-86279000.0,101002000.0,512171000.0,231821000.0,95835000.0,53249000.0,18630000.0,0.0,55925000.0,,,-134320000.0,0.0,,-404206000.0,-18589000.0,
2020-12-31,3189490000.0,1290295000.0,,448102000.0,354540000.0,,,,1011208000.0,134083000.0,877818000.0,5.67,5.62,154777000.0,156057000.0,1431466000.0,865064000.0,1219189000.0,1420618000.0,,,286617000.0,5222954000.0,,594185000.0,2045445000.0,1289843000.0,403483000.0,9814644000.0,262496000.0,1223356000.0,,2020112000.0,,,362164000.0,667964000.0,6864338000.0,903696000.0,-72704000.0,2935182000.0,9814644000.0,164323000.0,53819000.0,,111776000.0,112206000.0,,51287000.0,-1783000.0,-63026000.0,341181000.0,1073252000.0,492048000.0,259327000.0,110812000.0,35371000.0,0.0,115069000.0,,,-230212000.0,26356000.0,,-665583000.0,197057000.0,
2021-03-31,4993263000.0,1999924000.0,,687059000.0,537580000.0,,,,1651611000.0,207316000.0,1445314000.0,9.36,9.28,154457000.0,155789000.0,1452150000.0,990575000.0,1201991000.0,1450588000.0,,,309861000.0,5405165000.0,,628438000.0,2011187000.0,1237589000.0,416039000.0,9939240000.0,295111000.0,1129067000.0,,2029466000.0,,,366258000.0,658015000.0,6826376000.0,1070124000.0,-70473000.0,3114856000.0,9939240000.0,248688000.0,84146000.0,,94578000.0,146375000.0,,72138000.0,30952000.0,6135000.0,241586000.0,1719402000.0,795124000.0,418447000.0,125774000.0,83866000.0,0.0,176252000.0,,,-406800000.0,26356000.0,,-1105036000.0,217741000.0,
2021-06-30,6918734000.0,2772165000.0,,928487000.0,729602000.0,,,,2360454000.0,283101000.0,2078292000.0,13.49,13.37,154086000.0,155437000.0,1434610000.0,,1305479000.0,1575380000.0,315588000.0,,320867000.0,5696248000.0,,663027000.0,2011172000.0,1185311000.0,444905000.0,10271124000.0,342083000.0,1161016000.0,,2103227000.0,,,333866000.0,631290000.0,6895482000.0,1277123000.0,-75557000.0,3377554000.0,10271124000.0,333335000.0,111836000.0,-45622000.0,198066000.0,270100000.0,,96218000.0,79366000.0,1648000.0,245623000.0,2185026000.0,1018744000.0,581679000.0,145533000.0,107867000.0,0.0,231628000.0,,,-500404000.0,86098000.0,,-1497881000.0,200201000.0,326002000.0
2021-09-30,2083838000.0,813624000.0,,258153000.0,193261000.0,,,,766348000.0,-302137000.0,1068417000.0,7.01,6.96,152330000.0,153410000.0,1509564000.0,,1463974000.0,1715339000.0,,,340546000.0,6144672000.0,,698547000.0,2041338000.0,1157535000.0,438713000.0,11146477000.0,380827000.0,1515596000.0,,2523010000.0,,,314623000.0,620581000.0,7287391000.0,1801268000.0,-78044000.0,3860930000.0,11146477000.0,84824000.0,25216000.0,-427970000.0,158495000.0,138189000.0,,-4673000.0,41868000.0,33708000.0,325262000.0,863797000.0,264000000.0,178414000.0,14954000.0,22896000.0,37986000.0,68955000.0,,,-175306000.0,,,-609030000.0,74954000.0,
2021-12-31,4436468000.0,1721786000.0,,523184000.0,406740000.0,,,,1693253000.0,209388000.0,1785861000.0,11.77,11.68,151791000.0,152886000.0,1657057000.0,,1728376000.0,1829412000.0,,,333226000.0,6701475000.0,,717178000.0,2042794000.0,1104991000.0,450945000.0,11680237000.0,379875000.0,1636119000.0,,2776098000.0,,,340890000.0,650813000.0,7633481000.0,1943981000.0,-76479000.0,4048527000.0,11680237000.0,170369000.0,52982000.0,-371228000.0,422897000.0,239890000.0,,-2243000.0,40579000.0,175177000.0,471209000.0,1674595000.0,525840000.0,372953000.0,40792000.0,58342000.0,37986000.0,133856000.0,,,-281570000.0,36912000.0,,-1166876000.0,222447000.0,226943000.0
2022-03-31,6725144000.0,2613877000.0,,808373000.0,623229000.0,,,,2539538000.0,115625000.0,2516433000.0,16.64,16.52,151250000.0,152346000.0,1415172000.0,,1618867000.0,1982297000.0,,,403657000.0,6582717000.0,,808874000.0,2314471000.0,1255672000.0,441121000.0,12017812000.0,424128000.0,1625703000.0,,2828983000.0,,,346516000.0,642166000.0,7939188000.0,1972611000.0,-71533000.0,4080307000.0,12017812000.0,262496000.0,90069000.0,-382975000.0,313388000.0,396403000.0,,23729000.0,82376000.0,218873000.0,420279000.0,2493473000.0,733386000.0,524677000.0,67505000.0,101342000.0,470887000.0,234160000.0,,,-851064000.0,36912000.0,,-1653279000.0,-19438000.0,355176000.0
2022-06-30,9211883000.0,3592441000.0,,1105254000.0,860007000.0,,,,3489237000.0,167177000.0,3321807000.0,22.07,21.92,150494000.0,151555000.0,1584908000.0,,1811877000.0,2146889000.0,321871000.0,,502137000.0,7168911000.0,,849929000.0,2320049000.0,1194414000.0,484612000.0,12597088000.0,443338000.0,1545039000.0,,2871083000.0,,,367052000.0,882642000.0,11197998000.0,366882000.0,-27471000.0,1401351000.0,12597088000.0,363344000.0,126918000.0,-353780000.0,506398000.0,567003000.0,,217070000.0,101632000.0,339621000.0,544270000.0,3312702000.0,987660000.0,760548000.0,113538000.0,121254000.0,479113000.0,307320000.0,,,-876458000.0,113014000.0,,-2257005000.0,150298000.0,464526000.0
2022-09-30,2724424000.0,1041226000.0,,318515000.0,253980000.0,,,,1070028000.0,43963000.0,1025991000.0,7.23,7.2,141829000.0,142563000.0,1819280000.0,,1857320000.0,2408325000.0,,,424774000.0,7643939000.0,,913002000.0,2278827000.0,1131445000.0,494031000.0,13123652000.0,479707000.0,1856348000.0,,3139364000.0,,,300461000.0,881772000.0,11021578000.0,1118967000.0,-58841000.0,2102074000.0,13123652000.0,101938000.0,34982000.0,-156226000.0,45443000.0,265530000.0,,-45637000.0,36472000.0,-74154000.0,313375000.0,1011545000.0,256793000.0,211465000.0,26608000.0,19512000.0,27144000.0,84352000.0,,,-53475000.0,115000.0,,-705727000.0,234372000.0,101061000.0
2022-12-31,5708311000.0,2250012000.0,,651341000.0,497076000.0,,,,2213001000.0,208141000.0,2004786000.0,14.16,14.09,141564000.0,142268000.0,1571477000.0,,2282925000.0,2535375000.0,,,447932000.0,8132582000.0,,964813000.0,2278809000.0,1065091000.0,522733000.0,13729074000.0,530407000.0,2043983000.0,,3482501000.0,,,309293000.0,807454000.0,11125814000.0,670002000.0,-49102000.0,2603260000.0,13729074000.0,205446000.0,73387000.0,-255116000.0,471048000.0,393177000.0,,-30546000.0,80789000.0,63555000.0,401136000.0,1699835000.0,558165000.0,353391000.0,36755000.0,37583000.0,27144000.0,177994000.0,,,-294880000.0,33908000.0,,-1416247000.0,-13431000.0,394464000.0
2023-03-31,8140919000.0,3255358000.0,,979617000.0,735469000.0,,,,3013684000.0,310987000.0,2702623000.0,19.26,19.16,140349000.0,141073000.0,1568513000.0,,1940067000.0,2749743000.0,,,438731000.0,8018750000.0,,984271000.0,2278817000.0,999958000.0,617910000.0,13683549000.0,410885000.0,2109451000.0,,3418521000.0,,,317263000.0,1001978000.0,11000768000.0,721299000.0,-35291000.0,2682781000.0,13683549000.0,310300000.0,121517000.0,-321712000.0,128190000.0,604393000.0,,30427000.0,-38817000.0,67121000.0,690435000.0,2710690000.0,960837000.0,699363000.0,74541000.0,77759000.0,27144000.0,262908000.0,,,-408087000.0,33908000.0,,-2318968000.0,-16395000.0,451243000.0
2023-06-30,10496056000.0,4218307000.0,,1296727000.0,986326000.0,,,,3789190000.0,401839000.0,3387277000.0,24.28,24.15,139483000.0,140235000.0,1927865000.0,,1753361000.0,2876784000.0,287654000.0,,498728000.0,8372032000.0,,1031841000.0,2278820000.0,935303000.0,637462000.0,14072357000.0,371026000.0,2303490000.0,,3742842000.0,,,322113000.0,813058000.0,11152604000.0,848431000.0,-36341000.0,2919753000.0,14072357000.0,415113000.0,171424000.0,-355153000.0,-58516000.0,749047000.0,,121018000.0,-144661000.0,237683000.0,834400000.0,3669805000.0,1441933000.0,1134182000.0,124620000.0,,27144000.0,341591000.0,,,-482571000.0,124847000.0,,-2830289000.0,342957000.0,495101000.0
2023-09-30,2396956000.0,946891000.0,,311214000.0,239645000.0,,,,851711000.0,110336000.0,741375000.0,5.43,5.41,136412000.0,137104000.0,1711570000.0,,1630746000.0,3007705000.0,,,443019000.0,8430791000.0,,1059925000.0,2278805000.0,871999000.0,624849000.0,14136841000.0,363662000.0,2381364000.0,,3817743000.0,,,267185000.0,739102000.0,11146624000.0,966179000.0,-49438000.0,,14136841000.0,102403000.0,48772000.0,-71322000.0,-122615000.0,138419000.0,,7520000.0,8345000.0,19946000.0,63160000.0,883740000.0,530842000.0,201149000.0,7983000.0,,0.0,68045000.0,,,-391671000.0,0.0,,-705156000.0,-216295000.0,99388000.0
2023-12-31,4883682000.0,1923637000.0,,631632000.0,476889000.0,,,,1542981000.0,219072000.0,1323909000.0,9.74,9.69,135976000.0,136684000.0,1665054000.0,,1843878000.0,3038628000.0,,,523221000.0,8748721000.0,,1088824000.0,2086204000.0,786233000.0,668356000.0,14280501000.0,376671000.0,2114214000.0,,4570997000.0,,,274747000.0,807173000.0,11236790000.0,921466000.0,-32264000.0,3043711000.0,14280501000.0,201466000.0,97392000.0,-136480000.0,90517000.0,159608000.0,,112392000.0,11037000.0,307031000.0,-167748000.0,1505982000.0,982642000.0,628277000.0,15235000.0,,0.0,144846000.0,,,-480147000.0,48433000.0,,-1296080000.0,-262811000.0,605434000.0
2024-03-31,7243512000.0,2917522000.0,,953222000.0,714403000.0,,,,2244989000.0,319539000.0,1925450000.0,14.2,14.11,135638000.0,136428000.0,1848167000.0,,1625257000.0,3007053000.0,,,601470000.0,9528082000.0,,1106278000.0,2015727000.0,727601000.0,700221000.0,14957289000.0,354720000.0,1908527000.0,,4458538000.0,,,288162000.0,773206000.0,11862404000.0,958904000.0,-41520000.0,3094885000.0,14957289000.0,300729000.0,154074000.0,-124594000.0,-128104000.0,131249000.0,,223625000.0,799000.0,471760000.0,-371174000.0,2415960000.0,2154906000.0,971085000.0,70957000.0,,3682000.0,216639000.0,,,-1338193000.0,48433000.0,,-1157156000.0,-79698000.0,765282000.0
2024-06-30,9812247000.0,3928073000.0,,1278981000.0,969509000.0,,,,3190032000.0,428136000.0,2761896000.0,20.41,20.28,135345000.0,136187000.0,1977129000.0,,1833041000.0,3034781000.0,428599000.0,,659327000.0,10031144000.0,,1109968000.0,2015726000.0,668764000.0,692723000.0,15433566000.0,359487000.0,2063569000.0,,4660774000.0,,,291106000.0,743115000.0,12065238000.0,1137270000.0,-49075000.0,3368328000.0,15433566000.0,401730000.0,212695000.0,-138878000.0,79680000.0,164092000.0,,289509000.0,24976000.0,537235000.0,-228904000.0,3308575000.0,2756987000.0,1459864000.0,107773000.0,,3682000.0,277384000.0,,,-1476985000.0,144934000.0,,-1776017000.0,49264000.0,830835000.0
2024-09-30,2841541000.0,1147431000.0,,323145000.0,251042000.0,,,,1078687000.0,132836000.0,945851000.0,7.05,7.01,134134000.0,134858000.0,1977202000.0,,1953156000.0,3109837000.0,,,535730000.0,10228439000.0,,1118312000.0,2015721000.0,612011000.0,725663000.0,15681737000.0,376505000.0,2282048000.0,,4798214000.0,,,217015000.0,651068000.0,12122023000.0,1328166000.0,-25504000.0,3559714000.0,15681737000.0,95823000.0,61700000.0,-81682000.0,120115000.0,59326000.0,,-152641000.0,-12463000.0,-72771000.0,49421000.0,995238000.0,837935000.0,671925000.0,55322000.0,,,60393000.0,,,-171039000.0,,,-837708000.0,73000.0,96395000.0
,,,,,,,,,,,,,,,,,,,,,,,,,,,,,,,,,,,,,,,,,,,,,,,,,,,,,,,,,,,,,,,,,,,
,,,,,,,,,,,,,,,,,,,,,,,,,,,,,,,,,,,,,,,,,,,,,,,,,,,,,,,,,,,,,,,,,,,
,,,,,,,,,,,,,,,,,,,,,,,,,,,,,,,,,,,,,,,,,,,,,,,,,,,,,,,,,,,,,,,,,,,
,,,,,,,,,,,,,,,,,,,,,,,,,,,,,,,,,,,,,,,,,,,,,,,,,,,,,,,,,,,,,,,,,,,
