Date,Net sales,Cost of sales,Gross margin,Research and development,"Selling, general and administrative",Total operating expenses,Operating income,"Other income/(expense), net",Income before provision for income taxes,Provision for income taxes,Net income,Earnings per share basic,Earnings per share diluted,Weighted-average basic,Weighted-average diluted,Cash and cash equivalents,Short-term marketable securities,"Accounts receivable, net",Inventories,Deferred tax assets,Vendor non-trade receivables,Other current assets,Total current assets,Long-term marketable securities,"Property, Plant and Equipment, Net",Goodwill,"Acquired intangible assets, net","Other Assets, Noncurrent",Total assets,accounts payable,Accrued expenses,Deferred revenue,Total current liabilities,Deferred revenue - non-current,deferred tax liabilities,long term taxes payable,Total other non-current liabilities,Total liabilities,Retained Earnings (Accumulated Deficit),Accumulated other comprehensive (loss)/income,Total shareholders equity,Total liabilities and shareholders' equity,"Depreciation, amortization and accretion",Stock-based compensation expense,Deferred income tax expense,"Increase (Decrease) in Accounts receivable, net",Increase (Decrease) in Inventories,Increase (Decrease) in Other Receivables,Increase (Decrease) in Other Operating Assets,Increase (Decrease) in Accounts Payable,Increase (Decrease) in Deferred Revenue,Increase (Decrease) Other liabilities,Cash generated by operating activities,Purchases of marketable securities,Proceeds from maturities of marketable securities,Proceeds from sales of marketable securities,Purchases of other long-term investments,"Business acquisitions, net of cash acquired",Cash payments for capital asset purchases,Payments for acquisition of intangible assets,Payments for (Proceeds from) Other Investing Activities,Cash used in investing activities,Proceeds from issuance of common stock,Excess tax benefits from stock-based compensation,Cash generated/used in financing activities,Increase/(decrease) in cash and cash equivalents,"Cash paid for income taxes, net"
2011-09-30,6247600000.0,,,,,5178500000.0,1069100000.0,-451500000.0,617600000.0,250200000.0,438600000.0,,,,,273900000.0,,,101300000.0,,,68600000.0,1478200000.0,,17715900000.0,4940600000.0,1201300000.0,,30157400000.0,640400000.0,,92100000.0,4395000000.0,,2226300000.0,,915700000.0,21409900000.0,56500000.0,-32400000.0,3455500000.0,30157400000.0,807600000.0,,77600000.0,34900000.0,9300000.0,,,,,,1587700000.0,,,,297000000.0,,845000000.0,,-3000000.0,-1814900000.0,,,13500000.0,-228500000.0,177300000.0
2012-03-31,1857000000.0,,,,,1341000000.0,516000000.0,-115000000.0,401000000.0,96000000.0,21000000.0,,,,,3000000.0,,,177000000.0,,,27000000.0,3902000000.0,,17304000000.0,4829000000.0,1164000000.0,,30370000000.0,629000000.0,,108000000.0,3708000000.0,,2239000000.0,,988000000.0,22248000000.0,-202000000.0,-128000000.0,3116000000.0,30370000000.0,274000000.0,,9000000.0,-89000000.0,73000000.0,,,,,,560000000.0,,,,49000000.0,,354000000.0,,,-365000000.0,,,-119000000.0,83000000.0,6000000.0
2012-06-30,4024000000.0,,,,,3248000000.0,776000000.0,-329000000.0,447000000.0,105000000.0,-126000000.0,,,,,675000000.0,,,313000000.0,,,787000000.0,5331000000.0,,30613000000.0,23453000000.0,1142000000.0,,69575000000.0,947000000.0,,109000000.0,6132000000.0,,3627000000.0,,2592000000.0,46385000000.0,-556000000.0,-42000000.0,14220000000.0,69575000000.0,607000000.0,87000000.0,-79000000.0,95000000.0,91000000.0,,,,,,1013000000.0,,,,101000000.0,4970000000.0,817000000.0,,21000000.0,-5790000000.0,,,5043000000.0,264000000.0,189000000.0
2012-09-30,6894000000.0,,,,,5266000000.0,1628000000.0,-735000000.0,893000000.0,165000000.0,200000000.0,,,,,775000000.0,,,322000000.0,,,625000000.0,5122000000.0,,30881000000.0,23557000000.0,1192000000.0,,70053000000.0,1066000000.0,,98000000.0,6860000000.0,,3920000000.0,,2718000000.0,46155000000.0,-733000000.0,-56000000.0,14146000000.0,70053000000.0,1010000000.0,87000000.0,20000000.0,25000000.0,100000000.0,,,,,,1927000000.0,,,,158000000.0,4970000000.0,1399000000.0,,0.0,-6365000000.0,,,4789000000.0,364000000.0,175000000.0
2012-12-31,9973000000.0,,,,,7380000000.0,2593000000.0,-1250000000.0,1343000000.0,139000000.0,315000000.0,,,,,714000000.0,,,374000000.0,,,821000000.0,3674000000.0,,30996000000.0,23572000000.0,1171000000.0,,68185000000.0,1200000000.0,,,5209000000.0,,4033000000.0,,2711000000.0,44086000000.0,-943000000.0,-119000000.0,24099000000.0,68185000000.0,1419000000.0,87000000.0,47000000.0,231000000.0,92000000.0,,,,,,2795000000.0,,,,192000000.0,83000000.0,2022000000.0,,38000000.0,-5084000000.0,,,2584000000.0,303000000.0,182000000.0
2013-03-31,3060000000.0,,,,,2040000000.0,1020000000.0,-83000000.0,937000000.0,279000000.0,292000000.0,,,,,1106000000.0,,1290000000.0,389000000.0,,,308000000.0,3686000000.0,,31201000000.0,23569000000.0,1151000000.0,,68308000000.0,1111000000.0,,,5582000000.0,,4219000000.0,,2569000000.0,44000000000.0,-1035000000.0,-157000000.0,13675000000.0,68308000000.0,412000000.0,,172000000.0,-7000000.0,13000000.0,,,,,,767000000.0,,,,40000000.0,,598000000.0,,12000000.0,-116000000.0,,,-253000000.0,392000000.0,-7000000.0
2013-06-30,6442000000.0,,,,,4647000000.0,1795000000.0,231000000.0,1943000000.0,504000000.0,569000000.0,,,,,1017000000.0,,1488000000.0,428000000.0,,,382000000.0,3772000000.0,,34599000000.0,24493000000.0,2485000000.0,,74120000000.0,1326000000.0,,,7333000000.0,,4113000000.0,,2395000000.0,45581000000.0,-1153000000.0,-148000000.0,13654000000.0,74120000000.0,854000000.0,,378000000.0,-7000000.0,50000000.0,,,,,,1717000000.0,,,,93000000.0,,1345000000.0,,-22000000.0,-1100000000.0,,,-294000000.0,303000000.0,71000000.0
2013-09-30,10198000000.0,,,,,7368000000.0,2830000000.0,-319000000.0,2665000000.0,675000000.0,855000000.0,,,,,816000000.0,,1420000000.0,435000000.0,,,492000000.0,3591000000.0,,35275000000.0,24494000000.0,2474000000.0,,74575000000.0,1427000000.0,,,6415000000.0,,4314000000.0,,2506000000.0,46273000000.0,-1284000000.0,-97000000.0,13265000000.0,74575000000.0,1327000000.0,,474000000.0,-126000000.0,57000000.0,,,,,,2777000000.0,,,,171000000.0,,2270000000.0,,-4000000.0,-2038000000.0,,,-625000000.0,102000000.0,82000000.0
2013-12-31,14070000000.0,5253000000.0,,,,10080000000.0,3990000000.0,-552000000.0,3438000000.0,742000000.0,1193000000.0,,,,,598000000.0,,,430000000.0,567000000.0,,552000000.0,3868000000.0,,35847000000.0,24504000000.0,2438000000.0,2577000000.0,75185000000.0,1676000000.0,,,6075000000.0,,4651000000.0,,,46900000000.0,-1372000000.0,-24000000.0,13093000000.0,75185000000.0,1806000000.0,0.0,640000000.0,131000000.0,53000000.0,,,,,,4064000000.0,,,,217000000.0,,3369000000.0,,-41000000.0,-3064000000.0,,,-1095000000.0,-116000000.0,67000000.0
2014-03-31,4047000000.0,,,,,2900000000.0,1147000000.0,-346000000.0,801000000.0,200000000.0,287000000.0,,,,,513000000.0,,,417000000.0,448000000.0,,446000000.0,3662000000.0,,36952000000.0,24563000000.0,2403000000.0,2512000000.0,76054000000.0,1575000000.0,,,6068000000.0,,4599000000.0,,,47620000000.0,-1510000000.0,-62000000.0,12800000000.0,76054000000.0,496000000.0,,111000000.0,-178000000.0,-10000000.0,,,,,,1118000000.0,,,,36000000.0,,845000000.0,,9000000.0,-1819000000.0,,,626000000.0,-85000000.0,-2000000.0
2014-06-30,7984000000.0,,,,,5824000000.0,2160000000.0,-684000000.0,1476000000.0,378000000.0,571000000.0,,,,,363000000.0,,,460000000.0,329000000.0,,582000000.0,3367000000.0,,37607000000.0,24653000000.0,2367000000.0,2508000000.0,76364000000.0,1501000000.0,,,6487000000.0,,4554000000.0,,,47709000000.0,-1661000000.0,-68000000.0,12620000000.0,76364000000.0,998000000.0,,208000000.0,-94000000.0,24000000.0,,,,,,2203000000.0,,,,103000000.0,993000000.0,1717000000.0,,17000000.0,-2707000000.0,,,273000000.0,-235000000.0,163000000.0
2014-09-30,12275000000.0,,,,,8783000000.0,3492000000.0,-991000000.0,2501000000.0,624000000.0,900000000.0,,,,,472000000.0,,,461000000.0,222000000.0,,635000000.0,3486000000.0,,38100000000.0,24642000000.0,2337000000.0,2512000000.0,77118000000.0,1543000000.0,,,6085000000.0,,4605000000.0,,,48349000000.0,-1776000000.0,-50000000.0,12545000000.0,77118000000.0,1518000000.0,,369000000.0,-23000000.0,29000000.0,,,,,,3492000000.0,,,,342000000.0,1100000000.0,2678000000.0,,74000000.0,-4020000000.0,,,411000000.0,-126000000.0,228000000.0
2014-12-31,16226000000.0,,,,,11778000000.0,4448000000.0,-1357000000.0,3091000000.0,648000000.0,1026000000.0,,,,,315000000.0,,1641000000.0,459000000.0,5707000000.0,,746000000.0,3752000000.0,,38564000000.0,24654000000.0,2302000000.0,2239000000.0,83198000000.0,1588000000.0,,,6362000000.0,,0.0,,,48772000000.0,-2106000000.0,-17000000.0,34076000000.0,83198000000.0,2040000000.0,0.0,615000000.0,84000000.0,30000000.0,,,,,,4467000000.0,,,,389000000.0,0.0,3617000000.0,,3000000.0,-5210000000.0,,,471000000.0,-283000000.0,227000000.0
2015-03-31,3597000000.0,,,,,2519000000.0,1078000000.0,-435000000.0,643000000.0,224000000.0,429000000.0,,0.2,,2151000000.0,259000000.0,,1420000000.0,453000000.0,56000000.0,,540000000.0,3289000000.0,,40289000000.0,24907000000.0,3762000000.0,2361000000.0,86164000000.0,1393000000.0,,,6784000000.0,,,,,50805000000.0,,-193000000.0,35029000000.0,86164000000.0,538000000.0,,221000000.0,-216000000.0,-6000000.0,,,-241000000.0,,,1256000000.0,,,,30000000.0,1859000000.0,897000000.0,,34000000.0,-2775000000.0,1626000000.0,,1468000000.0,-56000000.0,-196000000.0
2015-06-30,7060000000.0,,,,,5090000000.0,1970000000.0,-796000000.0,1174000000.0,413000000.0,762000000.0,,0.35,,2187000000.0,163000000.0,,1349000000.0,474000000.0,56000000.0,,493000000.0,2936000000.0,,40586000000.0,24965000000.0,3677000000.0,2009000000.0,85610000000.0,1293000000.0,,,6499000000.0,,,,,50105000000.0,,-291000000.0,35172000000.0,85610000000.0,1108000000.0,,413000000.0,-366000000.0,34000000.0,,,-222000000.0,,,2538000000.0,,,,45000000.0,1864000000.0,1909000000.0,,-15000000.0,-3744000000.0,2562000000.0,,1058000000.0,-152000000.0,-185000000.0
2015-09-30,10767000000.0,,,,,8076000000.0,2691000000.0,-1226000000.0,1465000000.0,521000000.0,948000000.0,,0.43,,2203000000.0,179000000.0,,1404000000.0,445000000.0,50000000.0,,460000000.0,3067000000.0,,40608000000.0,24952000000.0,3619000000.0,2161000000.0,85677000000.0,1226000000.0,,,6191000000.0,,,,,49835000000.0,-4242000000.0,-328000000.0,35514000000.0,85677000000.0,1725000000.0,,524000000.0,-304000000.0,-2000000.0,,,-264000000.0,,,3507000000.0,,,,69000000.0,1864000000.0,2999000000.0,,-84000000.0,-4722000000.0,3833000000.0,,1086000000.0,-136000000.0,-183000000.0
2015-12-31,14403000000.0,,,,,11956000000.0,2447000000.0,-1675000000.0,772000000.0,564000000.0,253000000.0,0.1,0.1,2187000000.0,2193000000.0,229000000.0,,1315000000.0,407000000.0,5323000000.0,,366000000.0,2824000000.0,,40547000000.0,23790000000.0,3551000000.0,2029000000.0,84104000000.0,1324000000.0,,,4065000000.0,,,,,48701000000.0,-6103000000.0,-461000000.0,35119000000.0,84104000000.0,2309000000.0,,692000000.0,-382000000.0,-34000000.0,,,-156000000.0,,,5303000000.0,,,,96000000.0,2079000000.0,3896000000.0,,-137000000.0,-5706000000.0,3870000000.0,,327000000.0,-86000000.0,-331000000.0
2016-03-31,3195000000.0,,,,,2379000000.0,816000000.0,-348000000.0,468000000.0,154000000.0,315000000.0,,0.12,,2229000000.0,175000000.0,,1203000000.0,364000000.0,,,285000000.0,2481000000.0,,41042000000.0,23801000000.0,3496000000.0,2271000000.0,84229000000.0,1017000000.0,,,4396000000.0,,,,,48683000000.0,-6106000000.0,-414000000.0,35180000000.0,84229000000.0,551000000.0,,179000000.0,-116000000.0,-46000000.0,,,-172000000.0,,,1050000000.0,,,,44000000.0,330000000.0,811000000.0,,2000000.0,-1144000000.0,0.0,,35000000.0,-54000000.0,-2000000.0
2016-06-30,6339000000.0,,,,,4583000000.0,1756000000.0,-700000000.0,1056000000.0,367000000.0,687000000.0,0.27,0.27,2229000000.0,2229000000.0,180000000.0,,1278000000.0,361000000.0,,,338000000.0,2470000000.0,,41199000000.0,23802000000.0,3440000000.0,2229000000.0,84317000000.0,1087000000.0,,,6566000000.0,,,,,48844000000.0,-6053000000.0,-554000000.0,35111000000.0,84317000000.0,1103000000.0,,388000000.0,-81000000.0,-49000000.0,,,-144000000.0,,,2344000000.0,,,,363000000.0,333000000.0,1470000000.0,,15000000.0,-1880000000.0,0.0,,-518000000.0,-49000000.0,5000000.0
2016-09-30,9669000000.0,,,,,7031000000.0,2638000000.0,-1388000000.0,1250000000.0,744000000.0,499000000.0,0.17,0.17,2230000000.0,2230000000.0,357000000.0,,1282000000.0,325000000.0,,,230000000.0,3363000000.0,,38780000000.0,22163000000.0,3384000000.0,1961000000.0,81604000000.0,1192000000.0,,,6044000000.0,,,,,46636000000.0,-6560000000.0,-557000000.0,34606000000.0,81604000000.0,1652000000.0,,767000000.0,-26000000.0,-68000000.0,,,-46000000.0,,,3495000000.0,,,,389000000.0,333000000.0,2109000000.0,,26000000.0,-1047000000.0,0.0,,-2324000000.0,128000000.0,4000000.0
2016-12-31,13058000000.0,,,,,9486000000.0,3572000000.0,-1934000000.0,1638000000.0,917000000.0,708000000.0,0.25,0.25,2230000000.0,2230000000.0,684000000.0,,1370000000.0,357000000.0,4352000000.0,,337000000.0,3229000000.0,,38705000000.0,22152000000.0,3318000000.0,1522000000.0,80305000000.0,1257000000.0,,,5924000000.0,,,,,45503000000.0,-6669000000.0,-661000000.0,34431000000.0,80305000000.0,2209000000.0,,1087000000.0,107000000.0,-49000000.0,,,144000000.0,,,4787000000.0,,,,,333000000.0,2882000000.0,,44000000.0,-1705000000.0,0.0,,-2629000000.0,455000000.0,4000000.0
2017-03-31,3424000000.0,,,,,2444000000.0,980000000.0,-289000000.0,691000000.0,246000000.0,440000000.0,0.18,0.18,2230000000.0,2230000000.0,396000000.0,,1263000000.0,380000000.0,,,156000000.0,2675000000.0,,39023000000.0,22154000000.0,3263000000.0,1478000000.0,79793000000.0,1214000000.0,,,6689000000.0,,,,,44788000000.0,-6540000000.0,-593000000.0,34645000000.0,79793000000.0,558000000.0,,244000000.0,-105000000.0,35000000.0,,,-35000000.0,,,886000000.0,,,,191000000.0,4000000.0,664000000.0,,-13000000.0,-637000000.0,,,-538000000.0,-288000000.0,-2000000.0
2017-06-30,6792000000.0,,,,,4890000000.0,1902000000.0,-612000000.0,1290000000.0,462000000.0,816000000.0,0.33,0.33,2230000000.0,2230000000.0,452000000.0,,1184000000.0,438000000.0,,,187000000.0,2726000000.0,,39423000000.0,22159000000.0,3208000000.0,1626000000.0,80203000000.0,1353000000.0,,,6363000000.0,,,,,43989000000.0,-6482000000.0,-483000000.0,35149000000.0,80203000000.0,1135000000.0,,454000000.0,-185000000.0,93000000.0,,,-59000000.0,,,2166000000.0,,,,548000000.0,4000000.0,1336000000.0,,-30000000.0,-1573000000.0,,,-835000000.0,-232000000.0,1000000.0
2017-09-30,10073000000.0,,,,,7341000000.0,2732000000.0,-895000000.0,1837000000.0,622000000.0,1189000000.0,0.48,0.48,2231000000.0,2231000000.0,539000000.0,,1194000000.0,428000000.0,,,176000000.0,2613000000.0,,39867000000.0,22164000000.0,3153000000.0,1638000000.0,80351000000.0,1358000000.0,,,6174000000.0,,,,,43827000000.0,-6429000000.0,-469000000.0,35225000000.0,80351000000.0,1697000000.0,,624000000.0,-174000000.0,86000000.0,,,-62000000.0,,,3307000000.0,,,,631000000.0,4000000.0,2231000000.0,,-10000000.0,-2486000000.0,,,-994000000.0,-145000000.0,-144000000.0
2017-12-31,13705000000.0,,,,,10161000000.0,3544000000.0,-1383000000.0,2161000000.0,1938000000.0,183000000.0,0.01,0.01,2230000000.0,2230000000.0,264000000.0,,1448000000.0,424000000.0,2044000000.0,,238000000.0,2715000000.0,,40155000000.0,22162000000.0,3099000000.0,1582000000.0,79055000000.0,1340000000.0,,,6181000000.0,,,,,43931000000.0,-7754000000.0,-541000000.0,33636000000.0,79055000000.0,2261000000.0,,2073000000.0,78000000.0,90000000.0,,,73000000.0,,,4601000000.0,,,,,4000000.0,3188000000.0,,-22000000.0,-3362000000.0,0.0,,-1681000000.0,-420000000.0,-140000000.0
2018-03-31,3418000000.0,,,,,2469000000.0,949000000.0,-243000000.0,706000000.0,164000000.0,524000000.0,0.22,,2207000000.0,,294000000.0,,1349000000.0,442000000.0,,,217000000.0,2628000000.0,,40333000000.0,22157000000.0,3044000000.0,1543000000.0,79011000000.0,1221000000.0,,88000000.0,5429000000.0,,,,,43353000000.0,-7365000000.0,-667000000.0,33667000000.0,79011000000.0,570000000.0,,149000000.0,-126000000.0,15000000.0,,,-140000000.0,,,974000000.0,,,,66000000.0,20000000.0,707000000.0,,,-725000000.0,,,-209000000.0,37000000.0,15000000.0
2018-06-30,6571000000.0,2087000000.0,,,,5625000000.0,1221000000.0,-691000000.0,530000000.0,118000000.0,383000000.0,0.14,,2206000000.0,,271000000.0,,1357000000.0,420000000.0,,,254000000.0,2634000000.0,,39905000000.0,22153000000.0,2989000000.0,1388000000.0,78315000000.0,1269000000.0,,77000000.0,5379000000.0,,,,,43240000000.0,-7993000000.0,-690000000.0,33035000000.0,78315000000.0,1141000000.0,,102000000.0,-116000000.0,-6000000.0,,,-77000000.0,,,2468000000.0,,,,111000000.0,20000000.0,1473000000.0,,,-1432000000.0,,,-1010000000.0,21000000.0,18000000.0
2018-09-30,9924000000.0,3222000000.0,,,,7627000000.0,2736000000.0,-1005000000.0,1731000000.0,314000000.0,1115000000.0,0.45,,2205000000.0,,3459000000.0,,1384000000.0,383000000.0,,,227000000.0,5766000000.0,,37795000000.0,21965000000.0,2935000000.0,1296000000.0,79063000000.0,1307000000.0,,79000000.0,5489000000.0,,,,,43164000000.0,-7744000000.0,-495000000.0,33487000000.0,79063000000.0,1710000000.0,,144000000.0,-67000000.0,-38000000.0,,,-27000000.0,,,3375000000.0,,,,294000000.0,20000000.0,2206000000.0,,0.0,686000000.0,,,-853000000.0,3234000000.0,37000000.0
2018-12-31,13318000000.0,4421000000.0,,,,10350000000.0,3794000000.0,-1288000000.0,2506000000.0,587000000.0,1609000000.0,,,,,3280000000.0,,1498000000.0,385000000.0,1566000000.0,,225000000.0,5722000000.0,,37897000000.0,21965000000.0,2880000000.0,1355000000.0,78866000000.0,1337000000.0,876000000.0,80000000.0,7557000000.0,,,,,43669000000.0,-7716000000.0,-330000000.0,33678000000.0,78866000000.0,2297000000.0,,405000000.0,50000000.0,-15000000.0,,,21000000.0,,,5043000000.0,,,,,39000000.0,2904000000.0,,0.0,-68000000.0,,,-1824000000.0,3005000000.0,-109000000.0
2019-03-31,3172000000.0,948000000.0,,,,2411000000.0,1018000000.0,-279000000.0,739000000.0,172000000.0,556000000.0,0.24,,2262000000.0,,221000000.0,,1310000000.0,429000000.0,,,196000000.0,2262000000.0,,37782000000.0,21965000000.0,2826000000.0,2040000000.0,76292000000.0,1012000000.0,0.0,77000000.0,5009000000.0,,,,,41131000000.0,-7619000000.0,-508000000.0,33612000000.0,76292000000.0,593000000.0,,-31000000.0,-193000000.0,52000000.0,,,-189000000.0,,,635000000.0,,,,,0.0,554000000.0,,,-814000000.0,,,-2908000000.0,-3061000000.0,345000000.0
2019-06-30,6143000000.0,1725000000.0,,,,4652000000.0,1991000000.0,-576000000.0,1415000000.0,320000000.0,1074000000.0,0.47,,2262000000.0,,213000000.0,,1227000000.0,450000000.0,,,264000000.0,2300000000.0,,37840000000.0,21964000000.0,2782000000.0,2198000000.0,76695000000.0,900000000.0,0.0,84000000.0,5659000000.0,,,,,41436000000.0,-7671000000.0,-448000000.0,33638000000.0,76695000000.0,1172000000.0,,111000000.0,-279000000.0,73000000.0,,,-255000000.0,,,2098000000.0,,,,,3000000.0,1178000000.0,,,-1795000000.0,,,-3413000000.0,-3082000000.0,370000000.0
2019-09-30,9096000000.0,2487000000.0,,,,6915000000.0,2942000000.0,-859000000.0,2083000000.0,471000000.0,1580000000.0,0.69,,2264000000.0,,241000000.0,,1273000000.0,405000000.0,,,275000000.0,2365000000.0,,37934000000.0,21964000000.0,2729000000.0,2228000000.0,76931000000.0,916000000.0,,74000000.0,,,,,,41656000000.0,-7733000000.0,-384000000.0,33633000000.0,76931000000.0,1750000000.0,,254000000.0,-226000000.0,28000000.0,,,-266000000.0,,,3121000000.0,,,,,3000000.0,1719000000.0,,4000000.0,-2610000000.0,,,-3600000000.0,-3063000000.0,364000000.0
2019-12-31,12080000000.0,3263000000.0,,,,8336000000.0,4873000000.0,-1708000000.0,3165000000.0,926000000.0,2190000000.0,,,,,185000000.0,925000000.0,1370000000.0,371000000.0,857000000.0,,279000000.0,3238000000.0,,36419000000.0,21451000000.0,2676000000.0,1757000000.0,74157000000.0,914000000.0,,,5100000000.0,,,,,39268000000.0,-7693000000.0,-333000000.0,33742000000.0,74157000000.0,2411000000.0,,717000000.0,-105000000.0,-4000000.0,,,-198000000.0,,,4748000000.0,,,,,79000000.0,2270000000.0,,-23000000.0,-1714000000.0,,,-6185000000.0,-3122000000.0,372000000.0
2020-03-31,2686000000.0,663000000.0,,,,3063000000.0,43000000.0,-274000000.0,-231000000.0,60000000.0,-306000000.0,-0.14,,2264000000.0,,360000000.0,0.0,1186000000.0,307000000.0,,,213000000.0,3096000000.0,,36041000000.0,20851000000.0,2616000000.0,2195000000.0,73530000000.0,752000000.0,,,5608000000.0,,,,,39273000000.0,-8568000000.0,-62000000.0,33106000000.0,73530000000.0,565000000.0,,-69000000.0,-222000000.0,-59000000.0,,,-200000000.0,,,893000000.0,,,,,,440000000.0,,22000000.0,335000000.0,,,-487000000.0,733000000.0,134000000.0
2020-06-30,4840000000.0,1104000000.0,,,,5905000000.0,-282000000.0,-512000000.0,-751000000.0,164000000.0,-943000000.0,-0.42,,2263000000.0,,526000000.0,0.0,,336000000.0,,,240000000.0,2490000000.0,,36027000000.0,19851000000.0,2567000000.0,2167000000.0,71784000000.0,698000000.0,,,5202000000.0,,,,,38892000000.0,-9802000000.0,-199000000.0,31753000000.0,71784000000.0,1097000000.0,,28000000.0,-335000000.0,-28000000.0,,,-182000000.0,,,2232000000.0,,,,,,963000000.0,,46000000.0,-241000000.0,,,-1649000000.0,337000000.0,136000000.0
2020-09-30,7355000000.0,1759000000.0,,,,8005000000.0,819000000.0,-719000000.0,612000000.0,304000000.0,-488000000.0,-0.22,,2263000000.0,,632000000.0,0.0,,317000000.0,,,257000000.0,2672000000.0,,35958000000.0,19851000000.0,2510000000.0,2145000000.0,71821000000.0,774000000.0,,,4376000000.0,,,,,39129000000.0,-9945000000.0,-255000000.0,31559000000.0,71821000000.0,1636000000.0,,164000000.0,-238000000.0,-41000000.0,,,-107000000.0,,,3282000000.0,,,,,,1351000000.0,,72000000.0,-776000000.0,,,-2013000000.0,490000000.0,202000000.0
2020-12-31,10097000000.0,2545000000.0,,,,10140000000.0,1560000000.0,-899000000.0,661000000.0,481000000.0,119000000.0,,,,,1184000000.0,0.0,,348000000.0,536000000.0,,168000000.0,3203000000.0,,35836000000.0,19851000000.0,2453000000.0,2177000000.0,71973000000.0,837000000.0,,,5074000000.0,,,,,39407000000.0,-9936000000.0,-407000000.0,31436000000.0,71973000000.0,2164000000.0,,345000000.0,-88000000.0,-16000000.0,,,-19000000.0,,,4550000000.0,,,,,16000000.0,1707000000.0,,25000000.0,-911000000.0,,,-2638000000.0,1000000000.0,227000000.0
2021-03-31,5495000000.0,2009000000.0,,,,3325000000.0,1886000000.0,-110000000.0,1776000000.0,351000000.0,1409000000.0,0.62,0.62,2264000000.0,2264000000.0,1377000000.0,,,389000000.0,,,279000000.0,3734000000.0,,35605000000.0,19851000000.0,2396000000.0,1716000000.0,71208000000.0,968000000.0,,,4618000000.0,,,,,37900000000.0,-9124000000.0,-487000000.0,32187000000.0,71208000000.0,541000000.0,,347000000.0,122000000.0,47000000.0,,,26000000.0,,,1873000000.0,,,,,,267000000.0,,12000000.0,130000000.0,,,-1789000000.0,214000000.0,1000000.0
2021-06-30,8401000000.0,2945000000.0,,,,7239000000.0,1122000000.0,-323000000.0,-977000000.0,-237000000.0,-757000000.0,-0.34,-0.34,2265000000.0,2265000000.0,1365000000.0,,,396000000.0,,,281000000.0,4283000000.0,,34570000000.0,19851000000.0,1585000000.0,1744000000.0,70175000000.0,949000000.0,,,5059000000.0,,,,,38352000000.0,-10496000000.0,-609000000.0,30711000000.0,70175000000.0,1069000000.0,,105000000.0,130000000.0,51000000.0,,,145000000.0,,,3311000000.0,,,,,,545000000.0,,1000000.0,-111000000.0,,,-2440000000.0,760000000.0,8000000.0
2021-09-30,12016000000.0,4504000000.0,,,,10219000000.0,1966000000.0,-522000000.0,1444000000.0,248000000.0,1147000000.0,0.5,0.5,2267000000.0,2267000000.0,102000000.0,,,457000000.0,,,318000000.0,2686000000.0,,35576000000.0,20033000000.0,1744000000.0,1678000000.0,69640000000.0,1189000000.0,,,5825000000.0,,,,,37987000000.0,-10617000000.0,-642000000.0,30552000000.0,69640000000.0,1595000000.0,,236000000.0,119000000.0,89000000.0,,,362000000.0,,,4440000000.0,,,,,,894000000.0,,1000000.0,-1911000000.0,,,-3459000000.0,-930000000.0,8000000.0
2021-12-31,16154000000.0,6493000000.0,,,,13694000000.0,2916000000.0,-697000000.0,2219000000.0,369000000.0,1784000000.0,0.78,0.78,2266000000.0,2266000000.0,1140000000.0,,,562000000.0,115000000.0,,289000000.0,3829000000.0,,35653000000.0,19914000000.0,1678000000.0,1649000000.0,70416000000.0,1259000000.0,,,5821000000.0,,,,,38495000000.0,-10595000000.0,-411000000.0,30823000000.0,70416000000.0,2135000000.0,,355000000.0,265000000.0,202000000.0,,,387000000.0,,,5708000000.0,,,,,,1281000000.0,,8000000.0,-2305000000.0,,,-3465000000.0,-62000000.0,10000000.0
2022-03-31,4089000000.0,1894000000.0,,,,3269000000.0,1024000000.0,-146000000.0,878000000.0,194000000.0,667000000.0,0.29,0.29,2267000000.0,2267000000.0,84000000.0,,,591000000.0,,,286000000.0,3033000000.0,,35557000000.0,19914000000.0,1618000000.0,1460000000.0,69135000000.0,1204000000.0,,,6450000000.0,,,,,37428000000.0,-10544000000.0,-674000000.0,30618000000.0,69135000000.0,538000000.0,,190000000.0,51000000.0,34000000.0,,,55000000.0,,,1084000000.0,,,,,,407000000.0,,3000000.0,-371000000.0,,,-1512000000.0,-799000000.0,1000000.0
2022-06-30,9081000000.0,4577000000.0,,,,7414000000.0,2030000000.0,-315000000.0,1715000000.0,378000000.0,1302000000.0,0.57,0.57,2266000000.0,2266000000.0,100000000.0,,,690000000.0,,,297000000.0,3608000000.0,,35530000000.0,19914000000.0,1557000000.0,1311000000.0,69390000000.0,1691000000.0,,,6892000000.0,,,,,37765000000.0,-10540000000.0,-592000000.0,30545000000.0,69390000000.0,1081000000.0,,369000000.0,414000000.0,108000000.0,,,499000000.0,,,2648000000.0,,,,,,779000000.0,,-19000000.0,-672000000.0,,,-2706000000.0,-730000000.0,10000000.0
2022-09-30,13971000000.0,7294000000.0,,,,11660000000.0,2961000000.0,-517000000.0,2444000000.0,512000000.0,1878000000.0,0.83,0.83,2262000000.0,2262000000.0,483000000.0,,,715000000.0,,,314000000.0,3819000000.0,,35534000000.0,19965000000.0,1875000000.0,1334000000.0,69992000000.0,1579000000.0,,,6148000000.0,,,,,37857000000.0,-10593000000.0,-363000000.0,30756000000.0,69992000000.0,1632000000.0,,499000000.0,260000000.0,165000000.0,,,347000000.0,,,3563000000.0,,,,,,1144000000.0,,-17000000.0,-1545000000.0,,,-2442000000.0,-424000000.0,12000000.0
2022-12-31,18128000000.0,9255000000.0,,,,15135000000.0,4065000000.0,-730000000.0,3335000000.0,710000000.0,2548000000.0,1.12,1.12,2258000000.0,2258000000.0,745000000.0,,,634000000.0,2621000000.0,,304000000.0,3803000000.0,,35599000000.0,19965000000.0,1809000000.0,1249000000.0,70078000000.0,1444000000.0,,,6930000000.0,,,,,37964000000.0,-10551000000.0,-402000000.0,30742000000.0,70078000000.0,2186000000.0,,692000000.0,220000000.0,183000000.0,,,161000000.0,,,4967000000.0,,,,,,1621000000.0,,0.0,-2175000000.0,,,-3145000000.0,-353000000.0,13000000.0
2023-03-31,3445000000.0,,,,,2694000000.0,1194000000.0,-295000000.0,899000000.0,196000000.0,679000000.0,0.3,0.3,2247000000.0,2247000000.0,416000000.0,,,589000000.0,,,184000000.0,2696000000.0,,35639000000.0,19965000000.0,1743000000.0,1272000000.0,68931000000.0,1087000000.0,,,4775000000.0,,,,,36817000000.0,-10499000000.0,-341000000.0,30757000000.0,68931000000.0,565000000.0,,190000000.0,-536000000.0,-88000000.0,,,-368000000.0,,,1333000000.0,,,,,,507000000.0,,17000000.0,-508000000.0,,,-1181000000.0,-356000000.0,1000000.0
2023-06-30,6545000000.0,,,,,5165000000.0,2224000000.0,-547000000.0,1677000000.0,364000000.0,1265000000.0,0.56,0.56,2242000000.0,2242000000.0,497000000.0,,,569000000.0,,,192000000.0,2718000000.0,,35759000000.0,19965000000.0,1696000000.0,1270000000.0,69073000000.0,1142000000.0,,,5603000000.0,,,,,37164000000.0,-10550000000.0,-290000000.0,30569000000.0,69073000000.0,1122000000.0,,354000000.0,-573000000.0,-101000000.0,,,-370000000.0,,,2883000000.0,,,,,,1042000000.0,,12000000.0,-1086000000.0,,,-2071000000.0,-274000000.0,9000000.0
2023-09-30,10082000000.0,,,,,8134000000.0,3162000000.0,-785000000.0,2377000000.0,509000000.0,1797000000.0,0.8,0.8,2238000000.0,2238000000.0,80000000.0,,,565000000.0,,,190000000.0,2433000000.0,,35944000000.0,19965000000.0,1652000000.0,1194000000.0,68862000000.0,1430000000.0,,,6251000000.0,,,,,37281000000.0,-10652000000.0,-418000000.0,30258000000.0,68862000000.0,1683000000.0,,495000000.0,-351000000.0,-130000000.0,,,-115000000.0,,,4169000000.0,,,,,13000000.0,1689000000.0,,18000000.0,-1733000000.0,,,-3133000000.0,-697000000.0,10000000.0
2023-12-31,13647000000.0,,,,,11071000000.0,4263000000.0,-1062000000.0,3201000000.0,715000000.0,2391000000.0,1.06,1.06,2234000000.0,2234000000.0,83000000.0,,,525000000.0,2808000000.0,,207000000.0,2542000000.0,,37297000000.0,20121000000.0,1957000000.0,1229000000.0,71020000000.0,1366000000.0,,,7221000000.0,,,,,39291000000.0,-10689000000.0,-217000000.0,30306000000.0,71020000000.0,2250000000.0,,710000000.0,-301000000.0,-188000000.0,,,-201000000.0,870000000.0,,6491000000.0,,,,,,2317000000.0,,4000000.0,-4175000000.0,,,-3014000000.0,-698000000.0,11000000.0
2024-03-31,3410000000.0,,,,,2619000000.0,1223000000.0,-241000000.0,982000000.0,209000000.0,746000000.0,0.33,0.33,2220000000.0,2220000000.0,119000000.0,,,548000000.0,,,157000000.0,2307000000.0,,37313000000.0,20094000000.0,1907000000.0,1209000000.0,70736000000.0,1074000000.0,,,4575000000.0,,,,,38993000000.0,-10574000000.0,-276000000.0,30372000000.0,70736000000.0,587000000.0,,198000000.0,-159000000.0,17000000.0,,,-187000000.0,,,1189000000.0,,,,,,619000000.0,,-30000000.0,-572000000.0,,,-570000000.0,47000000.0,-2000000.0
2024-06-30,6623000000.0,,,,,5153000000.0,2261000000.0,-509000000.0,1752000000.0,377000000.0,1321000000.0,0.59,0.59,2219000000.0,2219000000.0,98000000.0,,,537000000.0,,,190000000.0,2190000000.0,,37533000000.0,20084000000.0,1858000000.0,1186000000.0,70702000000.0,1204000000.0,,,5958000000.0,,,,,39008000000.0,-10640000000.0,-262000000.0,30338000000.0,70702000000.0,1171000000.0,,357000000.0,-267000000.0,7000000.0,,,-121000000.0,,,2876000000.0,,,,,58000000.0,1200000000.0,,-49000000.0,-1172000000.0,,,-1676000000.0,28000000.0,11000000.0
2024-09-30,9911000000.0,,,,,7837000000.0,3276000000.0,-760000000.0,2516000000.0,490000000.0,1946000000.0,0.87,0.87,2221000000.0,2221000000.0,108000000.0,,,526000000.0,,,178000000.0,2177000000.0,,37709000000.0,20084000000.0,1809000000.0,1218000000.0,70879000000.0,1256000000.0,,,4731000000.0,,,,,39133000000.0,-10658000000.0,-175000000.0,30406000000.0,70879000000.0,1758000000.0,,454000000.0,-300000000.0,-2000000.0,,,-107000000.0,,,4125000000.0,,,,,58000000.0,1857000000.0,,-33000000.0,-1858000000.0,,,-2230000000.0,37000000.0,26000000.0
,,,,,,,,,,,,,,,,,,,,,,,,,,,,,,,,,,,,,,,,,,,,,,,,,,,,,,,,,,,,,,,,,,,
,,,,,,,,,,,,,,,,,,,,,,,,,,,,,,,,,,,,,,,,,,,,,,,,,,,,,,,,,,,,,,,,,,,
,,,,,,,,,,,,,,,,,,,,,,,,,,,,,,,,,,,,,,,,,,,,,,,,,,,,,,,,,,,,,,,,,,,
