Date,Net sales,Cost of sales,Gross margin,Research and development,"Selling, general and administrative",Total operating expenses,Operating income,"Other income/(expense), net",Income before provision for income taxes,Provision for income taxes,Net income,Earnings per share basic,Earnings per share diluted,Weighted-average basic,Weighted-average diluted,Cash and cash equivalents,Short-term marketable securities,"Accounts receivable, net",Inventories,Deferred tax assets,Vendor non-trade receivables,Other current assets,Total current assets,Long-term marketable securities,"Property, Plant and Equipment, Net",Goodwill,"Acquired intangible assets, net","Other Assets, Noncurrent",Total assets,accounts payable,Accrued expenses,Deferred revenue,Total current liabilities,Deferred revenue - non-current,deferred tax liabilities,long term taxes payable,Total other non-current liabilities,Total liabilities,Retained Earnings (Accumulated Deficit),Accumulated other comprehensive (loss)/income,Total shareholders equity,Total liabilities and shareholders' equity,"Depreciation, amortization and accretion",Stock-based compensation expense,Deferred income tax expense,"Increase (Decrease) in Accounts receivable, net",Increase (Decrease) in Inventories,Increase (Decrease) in Other Receivables,Increase (Decrease) in Other Operating Assets,Increase (Decrease) in Accounts Payable,Increase (Decrease) in Deferred Revenue,Increase (Decrease) Other liabilities,Cash generated by operating activities,Purchases of marketable securities,Proceeds from maturities of marketable securities,Proceeds from sales of marketable securities,Purchases of other long-term investments,"Business acquisitions, net of cash acquired",Cash payments for capital asset purchases,Payments for acquisition of intangible assets,Payments for (Proceeds from) Other Investing Activities,Cash used in investing activities,Proceeds from issuance of common stock,Excess tax benefits from stock-based compensation,Cash generated/used in financing activities,Increase/(decrease) in cash and cash equivalents,"Cash paid for income taxes, net"
2011-02-28,8975554000.0,7674326000.0,1301228000.0,,905091000.0,,,,613490000.0,232612000.0,380878000.0,1.7,1.67,223449000.0,227601000.0,41121000.0,,119597000.0,1049477000.0,5191000.0,,33660000.0,1410098000.0,,920045000.0,,,96913000.0,6839909000.0,269763000.0,103389000.0,,508217000.0,,,,130570000.0,4548279000.0,1383105000.0,-25057000.0,,6839909000.0,59421000.0,43606000.0,19393000.0,40538000.0,206344000.0,,6790000.0,,,1385000.0,-17198000.0,,,,,,76580000.0,,,-72212000.0,,8911000.0,112253000.0,22843000.0,
2011-05-31,2679417000.0,2296322000.0,383095000.0,,248205000.0,,,,203863000.0,77575000.0,126288000.0,0.56,0.55,225570.0,230278.0,156003000.0,,85058000.0,1116341000.0,4268000.0,,9187000.0,1540953000.0,,949623000.0,,,99250000.0,7160031000.0,288073000.0,107596000.0,,576829000.0,,,,123529000.0,4729605000.0,1509393000.0,-28007000.0,,7160031000.0,15404000.0,15010000.0,8838000.0,-34539000.0,66864000.0,,2948000.0,,,-10377000.0,22092000.0,,,,,,31046000.0,,,-39479000.0,,6015000.0,132269000.0,114882000.0,
2011-08-31,5267236000.0,4529866000.0,737370000.0,,484640000.0,,,,384852000.0,146669000.0,238183000.0,1.05,1.03,226300000.0,230681000.0,181913000.0,,64849000.0,1061309000.0,11042000.0,,21762000.0,1495819000.0,,976901000.0,,,98730000.0,7358975000.0,243473000.0,107653000.0,,490290000.0,,,,119495000.0,4806753000.0,1621288000.0,-33416000.0,,7358975000.0,31004000.0,26303000.0,4408000.0,-54748000.0,11832000.0,,1797000.0,,,-14907000.0,-81641000.0,2164000.0,,,,,80225000.0,,,-74137000.0,,7312000.0,296570000.0,140792000.0,
2011-11-30,7527750000.0,6487161000.0,1040589000.0,,716944000.0,,,119000.0,517518000.0,196541000.0,320977000.0,1.42,1.39,226446000.0,230632000.0,383411000.0,,54522000.0,1013183000.0,13085000.0,,9806000.0,1648399000.0,,988300000.0,,,101193000.0,7633401000.0,246393000.0,123074000.0,,531316000.0,,,,119474000.0,4996549000.0,1704082000.0,-39257000.0,,7633401000.0,48021000.0,37148000.0,-3858000.0,-65075000.0,-36294000.0,,5075000.0,,,-17476000.0,-2427000.0,2252000.0,,,,,105990000.0,,,-118535000.0,,7459000.0,463252000.0,342290000.0,
2012-02-29,10003599000.0,8624838000.0,1378761000.0,,940786000.0,,,464000.0,666910000.0,253115000.0,413795000.0,1.83,1.79,226282000.0,230721000.0,442658000.0,,86434000.0,1092592000.0,143072000.0,,17512000.0,1853448000.0,,1278722000.0,10100000.0,,106392000.0,8331543000.0,324827000.0,128973000.0,,646313000.0,,,,148800000.0,5658431000.0,1744519000.0,-62459000.0,,8331543000.0,82812000.0,48089000.0,-872000.0,-33163000.0,43115000.0,,6986000.0,,,-11652000.0,-62164000.0,2638000.0,,,,,172616000.0,,,-219402000.0,,9717000.0,683103000.0,401537000.0,
2012-05-31,2774420000.0,2392505000.0,381915000.0,,253603000.0,,,285000.0,195633000.0,74887000.0,120746000.0,0.53,0.52,227773000.0,231802000.0,456413000.0,,65705000.0,1210196000.0,6119000.0,,10258000.0,1931007000.0,,1305462000.0,,,98948000.0,8598163000.0,293924000.0,108733000.0,,618516000.0,,,,136730000.0,5777815000.0,1865265000.0,-60795000.0,,8598163000.0,22982000.0,15592000.0,7511000.0,-20729000.0,117604000.0,,-2225000.0,,,-15178000.0,-115520000.0,1096000.0,,,,,47636000.0,,,-20419000.0,,9513000.0,149694000.0,13755000.0,
2012-08-31,5532424000.0,4782516000.0,749908000.0,,508277000.0,,,544000.0,376735000.0,144353000.0,232382000.0,1.02,1.0,228366000.0,231749000.0,458567000.0,,70426000.0,1198013000.0,7705000.0,,22106000.0,1961548000.0,,1347313000.0,,,103593000.0,8871440000.0,221430000.0,116167000.0,,525839000.0,,,,140684000.0,5921853000.0,1976901000.0,-53411000.0,,8871440000.0,46442000.0,30206000.0,-76000.0,-16008000.0,105421000.0,,-971000.0,,,-14431000.0,-285932000.0,1227000.0,,,,,103918000.0,,,-102507000.0,,9830000.0,404348000.0,15909000.0,
2014-02-28,12574299000.0,10925598000.0,1648701000.0,,1155215000.0,,,-1497000.0,797322000.0,304736000.0,492586000.0,2.2,2.16,223589000.0,227584000.0,627901000.0,,79923000.0,1641424000.0,160065000.0,,26811000.0,2643224000.0,,1652977000.0,10100000.0,,110909000.0,11707157000.0,427492000.0,202588000.0,,875497000.0,,,,174232000.0,8390160000.0,2214216000.0,-46271000.0,,11707157000.0,,,-17185000.0,,,,,,,,,,,,,,,,,,,,,,
2014-05-31,3750196000.0,3248465000.0,501731000.0,,313446000.0,,,-277000.0,275022000.0,105369000.0,169653000.0,0.77,0.76,220268000.0,223632000.0,532191000.0,,97810000.0,1681800000.0,8080000.0,,26202000.0,2636736000.0,,1696940000.0,,,116714000.0,12148960000.0,433115000.0,159298000.0,,962158000.0,,,,168665000.0,8819588000.0,2229709000.0,-45776000.0,,12148960000.0,27343000.0,15388000.0,771000.0,17887000.0,40376000.0,,-3467000.0,,,-30252000.0,-209080000.0,,,,,,53709000.0,,,-94119000.0,,4306000.0,207489000.0,-95710000.0,
2014-08-31,7349390000.0,6384320000.0,965070000.0,,611084000.0,,,-560000.0,525663000.0,201492000.0,324171000.0,1.48,1.46,219224000.0,222351000.0,354600000.0,,108859000.0,1708955000.0,8275000.0,,38685000.0,2516442000.0,,1753992000.0,,,128036000.0,12399913000.0,418269000.0,205480000.0,,906927000.0,,,,176026000.0,9041926000.0,2204785000.0,-44467000.0,,12399913000.0,55766000.0,37778000.0,-6530000.0,28936000.0,67531000.0,,313000.0,,,-46226000.0,-436619000.0,,,,,,135293000.0,,,-183793000.0,,29790000.0,347111000.0,-273301000.0,
2014-11-30,10754624000.0,9342934000.0,1411690000.0,,927716000.0,,,-2096000.0,736499000.0,282279000.0,454220000.0,2.09,2.06,217568000.0,220585000.0,189880000.0,,88180000.0,1964673000.0,6368000.0,,48433000.0,2573252000.0,,1833600000.0,,,131436000.0,12843406000.0,459929000.0,202533000.0,,928182000.0,,,,182675000.0,9661254000.0,2042284000.0,-45858000.0,,12843406000.0,84994000.0,57192000.0,-13347000.0,8257000.0,323249000.0,,2910000.0,,,-60667000.0,-784615000.0,,,,,,238860000.0,,,-266168000.0,,33961000.0,612762000.0,-438021000.0,
2015-02-28,14268716000.0,12381189000.0,1887527000.0,,1257725000.0,,,-3292000.0,969331000.0,371973000.0,597358000.0,2.77,2.73,215617000.0,218691000.0,27606000.0,,137690000.0,2086874000.0,175738000.0,,44646000.0,2599038000.0,,1862538000.0,10100000.0,,133483000.0,13198201000.0,454810000.0,250307000.0,,997173000.0,,,,225493000.0,10041416000.0,1994221000.0,-65391000.0,,13198201000.0,115173000.0,81880000.0,-4299000.0,57767000.0,445450000.0,,-825000.0,,,-78046000.0,-968130000.0,,,,,,309817000.0,,,-360744000.0,,50142000.0,728579000.0,-600295000.0,
2015-05-31,4014888000.0,3471094000.0,543794000.0,,349779000.0,,,-41000.0,295979000.0,114005000.0,181974000.0,0.87,0.86,208698000.0,211652000.0,351698000.0,,103663000.0,1844077000.0,9245000.0,,29088000.0,2665825000.0,,1896348000.0,,,138895000.0,13670677000.0,446453000.0,184277000.0,,999573000.0,,,,220185000.0,10396011000.0,2066753000.0,-66458000.0,,13670677000.0,32066000.0,23409000.0,10475000.0,-34027000.0,-242797000.0,,-57000.0,,,-33659000.0,117554000.0,,,,,,59437000.0,,,-97077000.0,,26680000.0,303615000.0,324092000.0,
2015-08-31,7899801000.0,6834637000.0,1065164000.0,,680563000.0,,,-1634000.0,575801000.0,221599000.0,354202000.0,1.7,1.68,207969000.0,210645000.0,100477000.0,,100832000.0,1911549000.0,10333000.0,,45459000.0,2503725000.0,,2016520000.0,,,149139000.0,13952565000.0,453864000.0,226371000.0,,1001977000.0,,,,225552000.0,10741581000.0,2012990000.0,-66149000.0,,13952565000.0,65188000.0,33506000.0,-738000.0,-36858000.0,-175325000.0,,-371000.0,,,-52089000.0,-84744000.0,,,,,,145727000.0,,,-199482000.0,,28070000.0,357097000.0,72871000.0,
2015-11-30,11443870000.0,9914375000.0,1529495000.0,,1018075000.0,,,-2791000.0,783758000.0,301357000.0,482401000.0,2.34,2.32,205760000.0,208242000.0,33346000.0,,88530000.0,2153270000.0,10878000.0,,32673000.0,2634883000.0,,2105807000.0,,,148103000.0,14381165000.0,420856000.0,211833000.0,,923554000.0,,,,229910000.0,11469410000.0,1743031000.0,-66664000.0,,14381165000.0,100504000.0,45284000.0,-8322000.0,-49160000.0,66396000.0,,-268000.0,,,-68878000.0,-381579000.0,,,,,,240835000.0,,,-274619000.0,,31138000.0,661938000.0,5740000.0,
2016-02-29,15149675000.0,13130915000.0,2018760000.0,,1351935000.0,,,-12559000.0,1009944000.0,386516000.0,623428000.0,3.07,3.03,203275000.0,205540000.0,37394000.0,,132171000.0,1932029000.0,161862000.0,,26358000.0,2471781000.0,,2161698000.0,,,149343000.0,14481576000.0,441746000.0,245909000.0,,1005193000.0,,,,229274000.0,11576790000.0,1746804000.0,-70196000.0,,14481576000.0,137360000.0,51077000.0,17237000.0,-5519000.0,-154845000.0,,160000.0,,,-87107000.0,-148893000.0,,,,,,315584000.0,,,-378795000.0,,32136000.0,537476000.0,9788000.0,
2016-05-31,4126386000.0,3553749000.0,572637000.0,,380230000.0,,,616000.0,282693000.0,107333000.0,175360000.0,0.91,0.9,193531000.0,195253000.0,52575000.0,,102541000.0,1864991000.0,,,32317000.0,2416580000.0,,2234385000.0,,,133266000.0,14789927000.0,454522000.0,205426000.0,,1083374000.0,,,,222936000.0,11817642000.0,1806393000.0,-66825000.0,,14789927000.0,40801000.0,31437000.0,7374000.0,-29630000.0,-67038000.0,,-399000.0,,,-31999000.0,85364000.0,,,,,,97463000.0,,,-123250000.0,,2243000.0,53067000.0,15181000.0,
2016-08-31,8123634000.0,7005635000.0,1117999000.0,,746356000.0,,,1051000.0,544429000.0,206707000.0,337722000.0,1.75,1.74,192534000.0,194437000.0,316031000.0,,94577000.0,1918803000.0,,,45273000.0,2755347000.0,,2326178000.0,,,138589000.0,15504332000.0,486943000.0,246053000.0,,1084363000.0,,,,226978000.0,12441987000.0,1858221000.0,-66582000.0,,15504332000.0,83013000.0,60561000.0,6728000.0,-37594000.0,-13226000.0,,-732000.0,,,-50247000.0,-39841000.0,,,,,,214587000.0,,,-262157000.0,,6832000.0,580635000.0,278637000.0,
2016-11-30,11825158000.0,10204024000.0,1621134000.0,,1103091000.0,,,-1027000.0,764090000.0,289723000.0,474367000.0,2.48,2.45,191431000.0,193239000.0,23713000.0,,92003000.0,2170175000.0,,,41347000.0,2684278000.0,,2449343000.0,,,137133000.0,15760067000.0,476757000.0,224585000.0,,1027717000.0,,,,232439000.0,12744683000.0,1821359000.0,-60135000.0,,15760067000.0,125654000.0,72026000.0,-584000.0,-40168000.0,238146000.0,,-1193000.0,,,-64222000.0,-343126000.0,,,,,,315543000.0,,,-338212000.0,,7080000.0,667657000.0,-13681000.0,
2017-02-28,15875118000.0,13691824000.0,2183294000.0,,1488504000.0,,,-953000.0,1006405000.0,379435000.0,626970000.0,3.29,3.26,190343000.0,192215000.0,38416000.0,,152388000.0,2260563000.0,150962000.0,,41910000.0,2873630000.0,,2518393000.0,,,140295000.0,16279356000.0,494989000.0,266128000.0,,1105787000.0,,,,238551000.0,13170776000.0,1883283000.0,-56555000.0,,16279356000.0,168875000.0,91595000.0,2324000.0,20217000.0,328534000.0,,-143000.0,,,-77370000.0,-468138000.0,,,,,,418144000.0,,,-465573000.0,,12827000.0,934733000.0,1022000.0,
2017-05-31,4542334000.0,3893396000.0,648938000.0,,403503000.0,,,93000.0,338053000.0,126351000.0,211702000.0,1.14,1.13,185200000.0,186859000.0,60080000.0,,104745000.0,2148247000.0,,,35780000.0,2734544000.0,,2557506000.0,,,145530000.0,16475689000.0,510574000.0,203211000.0,,1166670000.0,,,,231021000.0,13323561000.0,1933760000.0,-58229000.0,,16475689000.0,43894000.0,18726000.0,6782000.0,-47643000.0,-112316000.0,,-809000.0,,,-29469000.0,191493000.0,,,,,,79416000.0,,,-90360000.0,,,-79469000.0,21664000.0,
2017-08-31,8928974000.0,7676031000.0,1252943000.0,,808565000.0,,,282000.0,628285000.0,235159000.0,393126000.0,2.14,2.12,184034000.0,185778000.0,25765000.0,,99733000.0,2231769000.0,,,41792000.0,2803335000.0,,2602323000.0,,,147061000.0,16875733000.0,568036000.0,251933000.0,,1201557000.0,,,,239186000.0,13674747000.0,1975862000.0,-59627000.0,,16875733000.0,88078000.0,36585000.0,2271000.0,-52655000.0,-28794000.0,,-83000.0,,,-45618000.0,81097000.0,,,,,,155110000.0,,,-185056000.0,,,91308000.0,-12651000.0,
2017-11-30,13035991000.0,11243860000.0,1792131000.0,,1208237000.0,,,561000.0,853485000.0,311519000.0,541966000.0,2.96,2.93,183324000.0,185201000.0,26287000.0,,95841000.0,2440551000.0,,,53299000.0,3004923000.0,,2634442000.0,,,154051000.0,17303414000.0,519984000.0,233397000.0,,1111678000.0,,,,239672000.0,14002687000.0,2028224000.0,-51304000.0,,17303414000.0,133175000.0,52363000.0,14384000.0,-56547000.0,179988000.0,,348000.0,,,-67750000.0,-193122000.0,,,,,,227559000.0,,,-247502000.0,,,428495000.0,-12129000.0,
2018-02-28,17120209000.0,14791350000.0,2328859000.0,,1617051000.0,,,1363000.0,1063608000.0,399496000.0,664112000.0,3.64,3.6,182660000.0,184470000.0,44525000.0,,133321000.0,2390694000.0,63256000.0,,93462000.0,3061444000.0,,2667061000.0,,,158807000.0,17486272000.0,529733000.0,278771000.0,,1174058000.0,,,,242553000.0,14169423000.0,2047240000.0,-54312000.0,,17486272000.0,179942000.0,61879000.0,81007000.0,-19067000.0,130131000.0,,2361000.0,,,-82150000.0,-80550000.0,,,,,,296816000.0,,,-326787000.0,,,413446000.0,6109000.0,
2018-05-31,4792600000.0,4131252000.0,661340000.0,,438234000.0,,,-963000.0,319684000.0,81028000.0,238656000.0,1.34,1.33,178139000.0,179421000.0,76348000.0,,101351000.0,2260029000.0,,,88359000.0,2957494000.0,,2714495000.0,,,185935000.0,17756167000.0,586337000.0,252633000.0,,1288202000.0,,,,223052000.0,14372406000.0,2115834000.0,-55045000.0,,17756167000.0,45343000.0,28998000.0,3602000.0,-31970000.0,-130665000.0,,3078000.0,,,-48354000.0,230849000.0,,,,,,79720000.0,,,-84417000.0,,,-80094000.0,,
2018-08-31,9558600000.0,8246651000.0,1311976000.0,,891788000.0,,,686000.0,609169000.0,149623000.0,459546000.0,2.59,2.57,177211000.0,178811000.0,37147000.0,,104883000.0,2357355000.0,,,75060000.0,3022087000.0,,2766902000.0,,,190707000.0,18176505000.0,605535000.0,266214000.0,,1283461000.0,,,,233605000.0,14694387000.0,2182978000.0,-54435000.0,,18176505000.0,90311000.0,54234000.0,2539000.0,-28438000.0,-33339000.0,,7167000.0,,,-65461000.0,110885000.0,,,,,,171111000.0,,,-174948000.0,,,108344000.0,,
2018-11-30,13854500000.0,11973285000.0,1881213000.0,,1301308000.0,,,-3097000.0,856977000.0,207120000.0,649857000.0,3.69,3.66,176088000.0,177656000.0,35049000.0,,111156000.0,2424700000.0,,,59901000.0,3057419000.0,,2800051000.0,,,182179000.0,18396812000.0,558324000.0,280104000.0,,1224873000.0,,,,242644000.0,14961699000.0,2147391000.0,-54137000.0,,18396812000.0,135609000.0,61403000.0,909000.0,-22165000.0,34006000.0,,6734000.0,,,-73251000.0,114630000.0,,,,,,243311000.0,,,-246997000.0,,,146817000.0,,
2019-02-28,18173100000.0,15692509000.0,2480591000.0,,1730275000.0,,,-408000.0,1112806000.0,270393000.0,842413000.0,4.83,4.79,174463000.0,175884000.0,46938000.0,,139850000.0,2519455000.0,61346000.0,,67101000.0,3214013000.0,,2828058000.0,,,185963000.0,18717867000.0,593171000.0,316215000.0,,1311509000.0,,,,243005000.0,15360839000.0,2104146000.0,-68010000.0,,18717867000.0,182247000.0,75011000.0,2300000.0,6529000.0,128761000.0,,7230000.0,,,-89709000.0,162971000.0,,,,,,304636000.0,,,-308513000.0,,,186021000.0,,
2019-05-31,5366300000.0,4623935000.0,742383000.0,,489660000.0,,,359000.0,351257000.0,84513000.0,266744000.0,1.6,1.59,166324000.0,167643000.0,42197000.0,,133879000.0,2551143000.0,,,77090000.0,3283745000.0,,2926592000.0,,,203794000.0,19714476000.0,656902000.0,288136000.0,,1485402000.0,,,,289817000.0,16261721000.0,2189522000.0,-81206000.0,,19714476000.0,51506000.0,45025000.0,9392000.0,-5971000.0,31688000.0,,6349000.0,,,-47330000.0,43201000.0,,,,,,78970000.0,,,-86111000.0,,,80883000.0,,
2019-08-31,10567500000.0,9131633000.0,1435836000.0,,970491000.0,,,216000.0,656794000.0,156451000.0,500343000.0,3.02,2.99,165839000.0,167458000.0,40737000.0,,141091000.0,2604750000.0,,,114987000.0,3384939000.0,,2981260000.0,,,185599000.0,20140254000.0,628507000.0,301503000.0,,1396704000.0,,,,299224000.0,16528697000.0,2307455000.0,-91630000.0,,20140254000.0,103468000.0,68887000.0,3812000.0,1241000.0,85295000.0,,-15421000.0,,,-67484000.0,-125456000.0,,,,,,171347000.0,,,-178868000.0,,,346555000.0,,
2019-11-30,15357500000.0,13308014000.0,2049483000.0,,1455339000.0,,,6786000.0,884353000.0,210854000.0,673499000.0,4.07,4.03,165321000.0,167154000.0,56583000.0,,142737000.0,2682574000.0,,,109857000.0,3450244000.0,,3036663000.0,,,201799000.0,20487230000.0,641434000.0,340475000.0,,1421041000.0,,,,317580000.0,16789177000.0,2376596000.0,-82007000.0,,20487230000.0,158226000.0,98177000.0,-744000.0,2887000.0,163119000.0,,-10185000.0,,,-86905000.0,-117906000.0,,,,,,249177000.0,,,-256587000.0,,,409145000.0,,
2020-02-29,20320000000.0,17597647000.0,2722340000.0,,1940067000.0,,,5690000.0,1160986000.0,272553000.0,888433000.0,5.39,5.33,164836000.0,166820000.0,58211000.0,,191090000.0,2846416000.0,89842000.0,,86927000.0,3663687000.0,,3069102000.0,,,258746000.0,21082182000.0,737144000.0,331738000.0,,1534707000.0,,,,393873000.0,17313307000.0,2488417000.0,-150071000.0,,21082182000.0,215811000.0,108861000.0,-1102000.0,51240000.0,326961000.0,,,,,-109827000.0,-236606000.0,,,,,,331896000.0,,,-389364000.0,,,686983000.0,,
2020-05-31,3228800000.0,2874599000.0,354183000.0,,373716000.0,,,-3295000.0,4164000.0,-814000.0,4978000.0,0.03,0.03,162673000.0,163537000.0,658022000.0,,145018000.0,1899430000.0,,,100696000.0,3283731000.0,,3064738000.0,,,266697000.0,19972532000.0,390160000.0,290080000.0,,1151006000.0,,,,391711000.0,16394222000.0,2303909000.0,-165405000.0,,19972532000.0,58340000.0,25057000.0,25041000.0,-46072000.0,-946986000.0,,3247000.0,,,-31797000.0,1249559000.0,,,,,,62871000.0,,,-65072000.0,,,-579737000.0,,
2020-08-31,8600900000.0,7494622000.0,1106326000.0,,863924000.0,,,1680000.0,392505000.0,91645000.0,301674000.0,1.85,1.83,163434000.0,165623000.0,711561000.0,,203155000.0,2824959000.0,,,67308000.0,4327859000.0,,3044773000.0,,,282661000.0,21246306000.0,683715000.0,350185000.0,,1598942000.0,,,,431923000.0,17263746000.0,2600605000.0,-160426000.0,,21246306000.0,118967000.0,62794000.0,8598000.0,12065000.0,-21457000.0,,6586000.0,,,-27020000.0,889776000.0,,,,,,91998000.0,,,-92357000.0,,,-86028000.0,,
2020-11-30,13785900000.0,12048136000.0,1737756000.0,,1342721000.0,,,887000.0,703008000.0,166034000.0,536974000.0,3.29,3.25,163732000.0,165773000.0,236643000.0,,168979000.0,2780205000.0,,,58660000.0,3737097000.0,,3043345000.0,,,286759000.0,20932848000.0,570174000.0,372429000.0,,1437787000.0,,,,454517000.0,16804372000.0,2737753000.0,-152924000.0,,20932848000.0,180495000.0,73946000.0,-19529000.0,-22111000.0,-66211000.0,,8151000.0,,,-30854000.0,868386000.0,,,,,,123952000.0,,,-122076000.0,,,-534257000.0,,
2021-02-28,18950100000.0,16571024000.0,2379125000.0,,1898775000.0,,,8275000.0,965257000.0,218338000.0,746919000.0,4.58,4.52,163183000.0,165133000.0,132319000.0,,239070000.0,3157159000.0,164261000.0,,91833000.0,4116796000.0,,3055563000.0,,,283450000.0,21541541000.0,799333000.0,415465000.0,,1698548000.0,,,,434843000.0,17176928000.0,2887897000.0,-118691000.0,,21541541000.0,242156000.0,121899000.0,-35787000.0,43507000.0,323318000.0,,,,,-65169000.0,667760000.0,,,,,,164536000.0,,,-128183000.0,,,-424020000.0,,
2021-05-31,7697600000.0,6773090000.0,924509000.0,,554069000.0,,,25577000.0,567324000.0,130568000.0,436756000.0,2.68,2.63,163151000.0,166295000.0,377954000.0,,413219000.0,3248849000.0,,,101005000.0,4690605000.0,,3076173000.0,,,314729000.0,22832889000.0,1058005000.0,401043000.0,,2093387000.0,,,,428529000.0,18129408000.0,3209958000.0,-115754000.0,,22832889000.0,62356000.0,41074000.0,24751000.0,174149000.0,91690000.0,,2853000.0,,,-57905000.0,-111883000.0,,,,,,59145000.0,,,-63143000.0,,,475105000.0,,
2021-08-31,15686000000.0,13945965000.0,1739993000.0,,1128355000.0,,,27359000.0,935138000.0,213115000.0,722023000.0,4.43,4.35,163058000.0,165969000.0,58095000.0,,517260000.0,4105458000.0,,,119916000.0,5371296000.0,,3128896000.0,150343000.0,,475602000.0,24453322000.0,903847000.0,487771000.0,,1958960000.0,,,,410772000.0,19538143000.0,3293221000.0,-112343000.0,,24453322000.0,129300000.0,72780000.0,32502000.0,244471000.0,948299000.0,,9745000.0,,,-105109000.0,-1385321000.0,,,,,-241563000.0,137838000.0,,,-380236000.0,,,1769175000.0,,
2021-11-30,24213700000.0,21637164000.0,2576553000.0,,1704285000.0,,,35453000.0,1291099000.0,299638000.0,991461000.0,6.09,5.99,162710000.0,165606000.0,62598000.0,,563135000.0,4659460000.0,,,117390000.0,5955070000.0,,3175577000.0,141258000.0,,458117000.0,25575219000.0,936556000.0,530592000.0,,2056852000.0,,,,419886000.0,20465423000.0,3456433000.0,-100301000.0,,25575219000.0,200819000.0,108962000.0,19564000.0,290346000.0,1502323000.0,,18309000.0,,,-136780000.0,-2082645000.0,,,,,-241563000.0,226903000.0,,,-432683000.0,,,2507941000.0,,
2022-02-28,31900400000.0,28612870000.0,3287542000.0,,2325220000.0,,,-34568000.0,1492346000.0,341049000.0,1151297000.0,7.09,6.97,162410000.0,165176000.0,102716000.0,,560984000.0,5124569000.0,120931000.0,,212922000.0,6549290000.0,,3209068000.0,141258000.0,206456000.0,490659000.0,26338264000.0,937717000.0,533271000.0,,2047457000.0,,,,357080000.0,21102825000.0,3524066000.0,-46422000.0,,26338264000.0,273188000.0,109197000.0,15000000.0,288195000.0,1967432000.0,,,,,-200456000.0,-2549450000.0,,,,,-241563000.0,308534000.0,,,-523745000.0,,,3104866000.0,,
2022-05-31,9311600000.0,8436230000.0,875391000.0,,656740000.0,,,-2099000.0,336602000.0,84337000.0,252265000.0,1.57,1.56,160298000.0,161798000.0,95313000.0,,610587000.0,4691085000.0,,,189638000.0,6117967000.0,,3258614000.0,141258000.0,,523590000.0,26338694000.0,1066922000.0,489619000.0,,2251751000.0,,,,378508000.0,20938057000.0,3636766000.0,5892000.0,,26338694000.0,70473000.0,22443000.0,11561000.0,49603000.0,-433484000.0,,15154000.0,,,-27434000.0,530952000.0,,,,,,94808000.0,,,-99038000.0,,,-454957000.0,,
2022-08-31,17456400000.0,15843888000.0,1612536000.0,,1322781000.0,,,4039000.0,504177000.0,126007000.0,378170000.0,2.37,2.35,159556000.0,161015000.0,56772000.0,,402452000.0,4671685000.0,,,208297000.0,5872459000.0,,3312605000.0,141258000.0,,559666000.0,26470543000.0,928749000.0,482361000.0,,2132189000.0,,,,365367000.0,21056316000.0,3618798000.0,31999000.0,,26470543000.0,137903000.0,47010000.0,800000.0,-158532000.0,-452884000.0,,31703000.0,,,-65618000.0,479589000.0,,,,,0.0,204463000.0,,,-207315000.0,,,-322229000.0,,
2022-11-30,23962400000.0,21773156000.0,2189224000.0,,1914508000.0,,,2303000.0,554170000.0,138420000.0,415750000.0,2.61,2.6,159044000.0,160195000.0,688618000.0,,246794000.0,3414937000.0,,,167143000.0,4984017000.0,,3375001000.0,141258000.0,,580790000.0,25938941000.0,802780000.0,496202000.0,,1937052000.0,,,,364528000.0,20451368000.0,3654081000.0,57420000.0,,25938941000.0,202655000.0,64974000.0,-2178000.0,-314190000.0,-1709632000.0,,43502000.0,,,-91739000.0,1662077000.0,,,,,0.0,319486000.0,,,-318654000.0,,,-827008000.0,,
2023-02-28,29684900000.0,26884670000.0,2800203000.0,,2487357000.0,,,-9401000.0,636804000.0,152042000.0,484762000.0,3.05,3.03,158800000.0,159771000.0,314758000.0,,298783000.0,3726142000.0,80740000.0,,230795000.0,5041367000.0,,3430914000.0,141258000.0,191063000.0,600989000.0,26182736000.0,826592000.0,478964000.0,,1938311000.0,,,,332383000.0,20569659000.0,3723094000.0,97869000.0,,26182736000.0,265224000.0,85592000.0,-6550000.0,-262201000.0,-1398427000.0,,,,,-110393000.0,1283332000.0,,,,,0.0,422710000.0,,,-425766000.0,,,-710180000.0,,
2023-05-31,7687100000.0,6869673000.0,817390000.0,,559837000.0,,,1214000.0,307240000.0,78942000.0,228298000.0,1.44,1.44,158116000.0,158561000.0,264247000.0,,321994000.0,4081220000.0,,,189742000.0,5363668000.0,,3499384000.0,141258000.0,,571503000.0,26962356000.0,967420000.0,528596000.0,,2113971000.0,,,,346579000.0,21139188000.0,3951392000.0,61330000.0,,26962356000.0,62998000.0,36384000.0,-7127000.0,22439000.0,355078000.0,,-634000.0,,,-23126000.0,-185285000.0,,,,,,136719000.0,,,-136759000.0,,,306595000.0,,
2023-08-31,14760900000.0,13246744000.0,1514155000.0,,1145531000.0,,,3844000.0,465526000.0,118593000.0,346933000.0,2.19,2.18,158479000.0,159238000.0,521098000.0,,271874000.0,3839286000.0,,,219321000.0,5386371000.0,,3538683000.0,141258000.0,,581462000.0,27300161000.0,932068000.0,513137000.0,,2320388000.0,,,,372853000.0,21294502000.0,4070027000.0,78597000.0,,27300161000.0,126971000.0,69445000.0,-24845000.0,-26909000.0,113144000.0,,6668000.0,,,-43826000.0,-61120000.0,,,,,,210167000.0,,,-211751000.0,,,546964000.0,,
2023-11-30,20909400000.0,18782419000.0,2127018000.0,,1705493000.0,,,4730000.0,576084000.0,147148000.0,428936000.0,2.71,2.7,158446000.0,158866000.0,605375000.0,,212406000.0,3638946000.0,,,169653000.0,5109950000.0,,3623697000.0,141258000.0,,561848000.0,27173250000.0,762594000.0,494365000.0,,2083238000.0,,,,372815000.0,21128885000.0,4117763000.0,60667000.0,,27173250000.0,193528000.0,90479000.0,-28290000.0,-86377000.0,-87196000.0,,8775000.0,,,-62921000.0,148979000.0,,,,,,355442000.0,,,-357222000.0,,,517315000.0,,
2024-02-29,26536000000.0,23822831000.0,2713209000.0,,2286378000.0,,,-10271000.0,641595000.0,162391000.0,479204000.0,3.03,3.02,158216000.0,158707000.0,574142000.0,,221153000.0,3678070000.0,98790000.0,,246581000.0,5226594000.0,,3665530000.0,141258000.0,175671000.0,532064000.0,27196797000.0,933708000.0,523971000.0,,2312289000.0,,,,354902000.0,21123057000.0,4126909000.0,59279000.0,,27196797000.0,260414000.0,119720000.0,-4800000.0,-77630000.0,-48072000.0,,,,,-85681000.0,458617000.0,,,,,0.0,465307000.0,,,-466998000.0,,,307787000.0,,
2024-05-31,7113400000.0,6321502000.0,791895000.0,,638578000.0,,,-416000.0,206640000.0,54200000.0,152440000.0,0.97,0.97,157161000.0,157706000.0,218931000.0,,212370000.0,3772885000.0,,,229714000.0,4970307000.0,,3734736000.0,141258000.0,,518325000.0,27242094000.0,911348000.0,456277000.0,,1985895000.0,,,,387320000.0,21075224000.0,4192798000.0,61678000.0,,27242094000.0,69244000.0,48098000.0,-2036000.0,-8783000.0,94815000.0,,3797000.0,,,-23692000.0,-117689000.0,,,,,,103914000.0,,,-105870000.0,,,-112384000.0,,
2024-08-31,14126900000.0,12574564000.0,1552362000.0,,1249140000.0,,,3281000.0,384484000.0,99235000.0,285249000.0,1.82,1.82,156513000.0,157116000.0,524667000.0,,228112000.0,3397746000.0,,,135901000.0,4859056000.0,,3763089000.0,141258000.0,,496160000.0,27295818000.0,1008044000.0,483922000.0,,2155804000.0,,,,382044000.0,21116209000.0,4236501000.0,9057000.0,,27295818000.0,141964000.0,82703000.0,-11789000.0,6959000.0,-280324000.0,,9486000.0,,,-45100000.0,501414000.0,,,,,,213123000.0,,,-215463000.0,,,-283067000.0,,
,,,,,,,,,,,,,,,,,,,,,,,,,,,,,,,,,,,,,,,,,,,,,,,,,,,,,,,,,,,,,,,,,,,
,,,,,,,,,,,,,,,,,,,,,,,,,,,,,,,,,,,,,,,,,,,,,,,,,,,,,,,,,,,,,,,,,,,
,,,,,,,,,,,,,,,,,,,,,,,,,,,,,,,,,,,,,,,,,,,,,,,,,,,,,,,,,,,,,,,,,,,
