Date,Net sales,Cost of sales,Gross margin,Research and development,"Selling, general and administrative",Total operating expenses,Operating income,"Other income/(expense), net",Income before provision for income taxes,Provision for income taxes,Net income,Earnings per share basic,Earnings per share diluted,Weighted-average basic,Weighted-average diluted,Cash and cash equivalents,Short-term marketable securities,"Accounts receivable, net",Inventories,Deferred tax assets,Vendor non-trade receivables,Other current assets,Total current assets,Long-term marketable securities,"Property, Plant and Equipment, Net",Goodwill,"Acquired intangible assets, net","Other Assets, Noncurrent",Total assets,accounts payable,Accrued expenses,Deferred revenue,Total current liabilities,Deferred revenue - non-current,deferred tax liabilities,long term taxes payable,Total other non-current liabilities,Total liabilities,Retained Earnings (Accumulated Deficit),Accumulated other comprehensive (loss)/income,Total shareholders equity,Total liabilities and shareholders' equity,"Depreciation, amortization and accretion",Stock-based compensation expense,Deferred income tax expense,"Increase (Decrease) in Accounts receivable, net",Increase (Decrease) in Inventories,Increase (Decrease) in Other Receivables,Increase (Decrease) in Other Operating Assets,Increase (Decrease) in Accounts Payable,Increase (Decrease) in Deferred Revenue,Increase (Decrease) Other liabilities,Cash generated by operating activities,Purchases of marketable securities,Proceeds from maturities of marketable securities,Proceeds from sales of marketable securities,Purchases of other long-term investments,"Business acquisitions, net of cash acquired",Cash payments for capital asset purchases,Payments for acquisition of intangible assets,Payments for (Proceeds from) Other Investing Activities,Cash used in investing activities,Proceeds from issuance of common stock,Excess tax benefits from stock-based compensation,Cash generated/used in financing activities,Increase/(decrease) in cash and cash equivalents,"Cash paid for income taxes, net"
2010-07-31,5479000000.0,4740000000.0,,,,259000000.0,480000000.0,,442000000.0,159000000.0,314000000.0,0.82,0.82,,,604000000.0,,,,,,320000000.0,2956000000.0,,382000000.0,1548000000.0,130000000.0,71000000.0,5174000000.0,,,,1619000000.0,,,,173000000.0,,241000000.0,-38000000.0,2280000000.0,5174000000.0,51000000.0,51000000.0,,16000000.0,,,2000000.0,,,,249000000.0,,,,,140000000.0,35000000.0,,-1000000.0,-174000000.0,,13000000.0,-411000000.0,-257000000.0,
2010-10-31,8348000000.0,7221000000.0,,,,389000000.0,738000000.0,,688000000.0,251000000.0,486000000.0,1.29,1.28,,,644000000.0,,,,,,324000000.0,3171000000.0,,361000000.0,1688000000.0,216000000.0,66000000.0,5538000000.0,,,,1807000000.0,,,,145000000.0,,410000000.0,-37000000.0,2485000000.0,5538000000.0,80000000.0,78000000.0,,-142000000.0,,,4000000.0,,,,564000000.0,,,,,358000000.0,53000000.0,,-6000000.0,-405000000.0,,13000000.0,-407000000.0,-217000000.0,
2011-01-31,11117000000.0,9632000000.0,,55000000.0,,527000000.0,958000000.0,,883000000.0,314000000.0,618000000.0,1.64,1.63,364000000.0,366000000.0,1367000000.0,,,116000000.0,96000000.0,,387000000.0,3849000000.0,,362000000.0,1678000000.0,211000000.0,71000000.0,6223000000.0,464000000.0,634000000.0,,1748000000.0,,,,135000000.0,,434000000.0,-33000000.0,2491000000.0,6223000000.0,111000000.0,102000000.0,,8000000.0,,,,,,,737000000.0,,,,,382000000.0,74000000.0,,-10000000.0,-446000000.0,,11000000.0,187000000.0,506000000.0,
2011-04-30,2688000000.0,2357000000.0,,,,101000000.0,230000000.0,,207000000.0,77000000.0,131000000.0,0.37,0.36,347000000.0,348000000.0,1282000000.0,,,,,,360000000.0,3845000000.0,,351000000.0,1659000000.0,200000000.0,84000000.0,6183000000.0,,,,1805000000.0,,,,135000000.0,,369000000.0,-7000000.0,2395000000.0,6183000000.0,28000000.0,24000000.0,,81000000.0,,,12000000.0,,,,154000000.0,,,,,,9000000.0,,-2000000.0,8000000.0,,,-242000000.0,-85000000.0,
2011-07-31,5284000000.0,4615000000.0,,,,230000000.0,439000000.0,,389000000.0,147000000.0,309000000.0,0.87,0.87,342000000.0,343000000.0,1336000000.0,,,,,,307000000.0,3767000000.0,,354000000.0,1674000000.0,196000000.0,91000000.0,6113000000.0,,,,2248000000.0,,,,143000000.0,,437000000.0,-3000000.0,2423000000.0,6113000000.0,55000000.0,43000000.0,,48000000.0,,,18000000.0,,,,210000000.0,,,,,26000000.0,30000000.0,,,19000000.0,,,-407000000.0,-31000000.0,
2011-10-31,8095000000.0,7110000000.0,,,,563000000.0,422000000.0,,343000000.0,191000000.0,220000000.0,0.63,0.63,338000000.0,339000000.0,1463000000.0,,,,,,309000000.0,3991000000.0,,349000000.0,1827000000.0,186000000.0,76000000.0,6463000000.0,,,,2698000000.0,,,,140000000.0,,326000000.0,-3000000.0,2326000000.0,6463000000.0,86000000.0,64000000.0,,93000000.0,,,21000000.0,,,,633000000.0,,,,,216000000.0,48000000.0,,1000000.0,-185000000.0,,,-454000000.0,96000000.0,
2012-01-31,10587000000.0,9606000000.0,,93000000.0,,670000000.0,311000000.0,,207000000.0,215000000.0,-161000000.0,-0.49,-0.49,336000000.0,336000000.0,1592000000.0,,,168000000.0,119000000.0,,439000000.0,4205000000.0,,348000000.0,1826000000.0,176000000.0,75000000.0,6667000000.0,487000000.0,1266000000.0,,3025000000.0,,,,162000000.0,,164000000.0,-11000000.0,2181000000.0,6667000000.0,114000000.0,84000000.0,,48000000.0,,,22000000.0,,,,772000000.0,,,,,218000000.0,65000000.0,,1000000.0,-203000000.0,,,-449000000.0,225000000.0,
2012-04-30,2782000000.0,2448000000.0,,,,126000000.0,208000000.0,,183000000.0,66000000.0,117000000.0,0.35,0.35,330000000.0,330000000.0,1167000000.0,,,,,,453000000.0,3791000000.0,,339000000.0,1826000000.0,166000000.0,75000000.0,6220000000.0,,,,2510000000.0,,,,146000000.0,,229000000.0,-1000000.0,2266000000.0,6220000000.0,27000000.0,24000000.0,,-3000000.0,,,,,,,-361000000.0,,,,,,8000000.0,,-1000000.0,-7000000.0,,,-57000000.0,-425000000.0,
2012-07-31,5630000000.0,4952000000.0,,,,279000000.0,399000000.0,,356000000.0,129000000.0,227000000.0,0.67,0.67,333000000.0,333000000.0,756000000.0,,,,,,430000000.0,3178000000.0,,324000000.0,1826000000.0,156000000.0,74000000.0,5580000000.0,,,,1781000000.0,,,,143000000.0,,296000000.0,-1000000.0,2359000000.0,5580000000.0,55000000.0,46000000.0,,-182000000.0,,,-1000000.0,,,,-161000000.0,,,,,,33000000.0,,,-30000000.0,,,-645000000.0,-836000000.0,
2012-10-31,8462000000.0,7429000000.0,,,,429000000.0,589000000.0,,530000000.0,193000000.0,339000000.0,1.0,1.0,334000000.0,334000000.0,531000000.0,,,,,,554000000.0,3062000000.0,,319000000.0,2195000000.0,214000000.0,76000000.0,5866000000.0,,,,1966000000.0,,,,148000000.0,,367000000.0,-1000000.0,2455000000.0,5866000000.0,85000000.0,67000000.0,,-271000000.0,,,1000000.0,,,,134000000.0,,,,,478000000.0,43000000.0,,,-517000000.0,,,-683000000.0,-1061000000.0,
2013-01-31,11173000000.0,9809000000.0,,64000000.0,,592000000.0,734000000.0,,658000000.0,135000000.0,525000000.0,1.54,1.54,333000000.0,333000000.0,736000000.0,,,192000000.0,7000000.0,,454000000.0,3079000000.0,,318000000.0,2195000000.0,190000000.0,79000000.0,5875000000.0,435000000.0,682000000.0,,1793000000.0,,25000000.0,,168000000.0,,510000000.0,-2000000.0,2618000000.0,5875000000.0,113000000.0,84000000.0,,-325000000.0,,,5000000.0,,,,345000000.0,,,,,483000000.0,48000000.0,,,-527000000.0,,,-722000000.0,-856000000.0,
2013-05-03,2707000000.0,2378000000.0,,,,154000000.0,142000000.0,,127000000.0,46000000.0,81000000.0,0.23,0.23,336000000.0,336000000.0,563000000.0,,,,,,393000000.0,3019000000.0,,315000000.0,2195000000.0,173000000.0,74000000.0,5790000000.0,,,,2017000000.0,,,,172000000.0,,182000000.0,-2000000.0,2304000000.0,5790000000.0,30000000.0,24000000.0,,174000000.0,,,-5000000.0,,,,-111000000.0,,,,,,19000000.0,,-2000000.0,8000000.0,,,-53000000.0,-173000000.0,
2013-08-02,5180000000.0,4594000000.0,,,266000000.0,,218000000.0,,190000000.0,64000000.0,123000000.0,0.36,0.36,337000000.0,341000000.0,462000000.0,,,,,,,2826000000.0,,280000000.0,2195000000.0,128000000.0,79000000.0,5521000000.0,,,,1669000000.0,,,,175000000.0,,182000000.0,-2000000.0,2345000000.0,5521000000.0,58000000.0,45000000.0,,114000000.0,,,,,,,106000000.0,,,,,,32000000.0,,-1000000.0,34000000.0,,,-399000000.0,-274000000.0,
2013-11-01,4486000000.0,3903000000.0,,,360000000.0,,69000000.0,,28000000.0,-12000000.0,120000000.0,1.39,1.39,84000000.0,84000000.0,814000000.0,,,,,,,2286000000.0,,473000000.0,1704000000.0,100000000.0,62000000.0,4635000000.0,,,,1240000000.0,,,,182000000.0,,150000000.0,-2000000.0,1883000000.0,4635000000.0,66000000.0,43000000.0,,139000000.0,,,,,,,78000000.0,,,,,1000000.0,31000000.0,,2000000.0,312000000.0,,,-419000000.0,79000000.0,
2014-01-31,5772000000.0,5006000000.0,,45000000.0,,442000000.0,164000000.0,,88000000.0,4000000.0,164000000.0,1.94,1.94,83000000.0,83000000.0,430000000.0,,,59000000.0,38000000.0,,256000000.0,1794000000.0,,483000000.0,1704000000.0,94000000.0,72000000.0,4162000000.0,218000000.0,395000000.0,,1009000000.0,,66000000.0,,227000000.0,,25000000.0,-6000000.0,1595000000.0,4162000000.0,81000000.0,55000000.0,,67000000.0,,,-19000000.0,,,,195000000.0,,,,,3000000.0,53000000.0,,-7000000.0,297000000.0,,,-894000000.0,-305000000.0,
2014-05-02,1320000000.0,1147000000.0,,,83000000.0,,89000000.0,,71000000.0,25000000.0,37000000.0,0.48,0.47,77000000.0,78000000.0,183000000.0,,,,,,,1571000000.0,,480000000.0,1704000000.0,88000000.0,112000000.0,3969000000.0,,,,1004000000.0,,,,230000000.0,,0.0,-6000000.0,1405000000.0,3969000000.0,19000000.0,11000000.0,,49000000.0,,,,,,,-8000000.0,,,,,,10000000.0,,0.0,-10000000.0,,,-233000000.0,-247000000.0,
2014-08-01,2618000000.0,2260000000.0,,,170000000.0,,-410000000.0,,-430000000.0,33000000.0,-438000000.0,-5.92,-5.92,75000000.0,75000000.0,358000000.0,,,,,,,1713000000.0,,372000000.0,1207000000.0,59000000.0,111000000.0,3481000000.0,,,,991000000.0,,,,204000000.0,,-463000000.0,-6000000.0,957000000.0,3481000000.0,34000000.0,23000000.0,,56000000.0,,,,,,,115000000.0,,,,,,22000000.0,,0.0,58000000.0,,,-256000000.0,-72000000.0,
2014-10-31,3894000000.0,3375000000.0,,,239000000.0,,-251000000.0,,-307000000.0,49000000.0,-367000000.0,-4.89,-4.89,75000000.0,75000000.0,418000000.0,,,,,,,1675000000.0,,360000000.0,1207000000.0,39000000.0,99000000.0,3398000000.0,,,,1001000000.0,,,,194000000.0,,-453000000.0,-6000000.0,976000000.0,3398000000.0,50000000.0,33000000.0,,-29000000.0,,,,,,,294000000.0,,,,,0.0,26000000.0,,0.0,54000000.0,,,-382000000.0,-12000000.0,
2015-01-30,5063000000.0,4392000000.0,,37000000.0,310000000.0,,-214000000.0,,-283000000.0,47000000.0,-323000000.0,-4.36,-4.36,74000000.0,74000000.0,443000000.0,,896000000.0,70000000.0,5000000.0,,273000000.0,1618000000.0,,308000000.0,1207000000.0,37000000.0,97000000.0,3281000000.0,244000000.0,327000000.0,,951000000.0,,21000000.0,,168000000.0,,-424000000.0,-11000000.0,998000000.0,3281000000.0,62000000.0,42000000.0,,-162000000.0,,,-2000000.0,,,,396000000.0,,,,,0.0,29000000.0,,0.0,51000000.0,,,-478000000.0,13000000.0,
2015-04-03,1246000000.0,1093000000.0,,,75000000.0,,38000000.0,,23000000.0,0.0,41000000.0,0.56,0.55,73000000.0,75000000.0,377000000.0,,,,,,,1651000000.0,,308000000.0,1207000000.0,35000000.0,95000000.0,3309000000.0,,,,987000000.0,,,,166000000.0,,-419000000.0,-12000000.0,1000000000.0,3309000000.0,12000000.0,6000000.0,,-17000000.0,,,,,,,-42000000.0,,,,,,3000000.0,,-1000000.0,-2000000.0,,,-57000000.0,-82000000.0,
2015-07-03,2503000000.0,2206000000.0,,,126000000.0,,102000000.0,,75000000.0,15000000.0,78000000.0,1.07,1.04,73000000.0,75000000.0,365000000.0,,,,,,,1692000000.0,,178000000.0,1207000000.0,32000000.0,88000000.0,3211000000.0,,,,996000000.0,,,,169000000.0,,-406000000.0,-11000000.0,919000000.0,3211000000.0,24000000.0,14000000.0,,-63000000.0,,,,,,,109000000.0,,,,,,8000000.0,,,-16000000.0,,,-206000000.0,-94000000.0,
2015-10-02,3805000000.0,3344000000.0,,,182000000.0,,196000000.0,,155000000.0,46000000.0,127000000.0,1.74,1.72,73000000.0,74000000.0,635000000.0,,,,,,,1729000000.0,,178000000.0,1207000000.0,26000000.0,155000000.0,3302000000.0,,,,1042000000.0,,,,164000000.0,,-380000000.0,-11000000.0,954000000.0,3302000000.0,35000000.0,23000000.0,,-145000000.0,,,,,,,378000000.0,,,,,,15000000.0,,,8000000.0,,,-229000000.0,176000000.0,33000000.0
2016-04-01,1312000000.0,1154000000.0,,,60000000.0,,89000000.0,,78000000.0,29000000.0,49000000.0,0.68,0.66,72000000.0,74000000.0,609000000.0,,,,,,,1803000000.0,,136000000.0,,,214000000.0,3391000000.0,,,,1005000000.0,,,,195000000.0,,-251000000.0,-6000000.0,1102000000.0,3391000000.0,8000000.0,8000000.0,,48000000.0,,,,,,,-18000000.0,,,,,,4000000.0,,0.0,-1000000.0,,,-27000000.0,-47000000.0,17000000.0
2016-07-01,2600000000.0,2295000000.0,,,117000000.0,,164000000.0,,138000000.0,44000000.0,94000000.0,1.31,1.27,73000000.0,74000000.0,670000000.0,,,,,,,1817000000.0,,131000000.0,,,218000000.0,3401000000.0,,,,990000000.0,,,,195000000.0,,-230000000.0,-4000000.0,1124000000.0,3401000000.0,17000000.0,16000000.0,,76000000.0,,,,,,,58000000.0,,,,,,7000000.0,,1000000.0,18000000.0,,,-61000000.0,14000000.0,38000000.0
2016-09-30,4468000000.0,3925000000.0,,,203000000.0,,265000000.0,,213000000.0,27000000.0,185000000.0,2.18,2.13,112000000.0,114000000.0,449000000.0,,1677000000.0,,,,,2556000000.0,,231000000.0,4874000000.0,1643000000.0,260000000.0,9579000000.0,,,,1980000000.0,,867000000.0,,174000000.0,,-188000000.0,-6000000.0,3116000000.0,9579000000.0,54000000.0,25000000.0,,-140000000.0,,,,,,,284000000.0,,,,,,20000000.0,,1000000.0,34000000.0,,,-524000000.0,-207000000.0,45000000.0
2016-12-30,,,,,,,,,,,,,,,,376000000.0,,1657000000.0,67000000.0,306000000.0,,348000000.0,2381000000.0,,259000000.0,4622000000.0,1589000000.0,265000000.0,9132000000.0,591000000.0,493000000.0,,2016000000.0,,540000000.0,,204000000.0,,-177000000.0,-4000000.0,3135000000.0,9132000000.0,,,,,,,,,,,,,,,,,,,,,,,,,
2017-03-31,2580000000.0,2270000000.0,,,144000000.0,,141000000.0,,108000000.0,34000000.0,72000000.0,0.48,0.47,150000000.0,153000000.0,206000000.0,,,,,,,2395000000.0,,238000000.0,4619000000.0,1520000000.0,353000000.0,9140000000.0,592000000.0,837000000.0,,1983000000.0,,564000000.0,,217000000.0,,-154000000.0,8000000.0,3177000000.0,9140000000.0,82000000.0,10000000.0,,190000000.0,,,,,,,-88000000.0,,,,,,7000000.0,,,-5000000.0,,,-77000000.0,-170000000.0,1000000.0
2017-06-30,5151000000.0,4503000000.0,,,287000000.0,,307000000.0,,243000000.0,71000000.0,170000000.0,1.13,1.11,151000000.0,153000000.0,262000000.0,,,,,,,2434000000.0,,215000000.0,4922000000.0,1006000000.0,292000000.0,8882000000.0,,,,1910000000.0,,362000000.0,,222000000.0,,-105000000.0,8000000.0,3224000000.0,8882000000.0,162000000.0,20000000.0,,179000000.0,,,,,,,89000000.0,,,,,,23000000.0,,0.0,-14000000.0,,,-189000000.0,-114000000.0,107000000.0
2017-09-29,7654000000.0,6692000000.0,,,428000000.0,,458000000.0,,359000000.0,108000000.0,252000000.0,1.67,1.65,152000000.0,154000000.0,287000000.0,,,,,,,2571000000.0,,212000000.0,4976000000.0,925000000.0,239000000.0,8923000000.0,,,,2021000000.0,,337000000.0,,215000000.0,,-72000000.0,31000000.0,3294000000.0,8923000000.0,254000000.0,32000000.0,,155000000.0,,,,,,,362000000.0,,,,,0.0,42000000.0,,0.0,-33000000.0,,,-364000000.0,-35000000.0,158000000.0
2017-12-29,10170000000.0,8923000000.0,,42000000.0,552000000.0,,559000000.0,,393000000.0,29000000.0,366000000.0,2.41,2.38,152000000.0,154000000.0,390000000.0,,1831000000.0,76000000.0,195000000.0,,453000000.0,2674000000.0,,232000000.0,4974000000.0,856000000.0,254000000.0,8990000000.0,557000000.0,747000000.0,,2202000000.0,,220000000.0,,129000000.0,,-7000000.0,33000000.0,3370000000.0,8990000000.0,336000000.0,43000000.0,,191000000.0,,,,,,,526000000.0,,,,,0.0,81000000.0,,-2000000.0,-71000000.0,,,-429000000.0,26000000.0,
2018-03-30,2443000000.0,2086000000.0,,,178000000.0,,159000000.0,,125000000.0,23000000.0,102000000.0,0.67,0.66,152000000.0,154000000.0,215000000.0,,,,,,,2635000000.0,,227000000.0,4976000000.0,806000000.0,269000000.0,8913000000.0,,,406000000.0,2103000000.0,,221000000.0,,148000000.0,,37000000.0,56000000.0,3431000000.0,8913000000.0,63000000.0,11000000.0,,84000000.0,,,,,,,22000000.0,,,,,81000000.0,15000000.0,,0.0,-96000000.0,,,-91000000.0,-165000000.0,2000000.0
2018-06-29,4972000000.0,4238000000.0,,,352000000.0,,358000000.0,,290000000.0,43000000.0,246000000.0,1.62,1.6,152000000.0,154000000.0,303000000.0,,,,,,,2639000000.0,,221000000.0,4887000000.0,749000000.0,274000000.0,8770000000.0,,,311000000.0,2015000000.0,,,,136000000.0,,133000000.0,23000000.0,3416000000.0,8770000000.0,129000000.0,23000000.0,,-36000000.0,,,,,,,293000000.0,,,,,81000000.0,28000000.0,,0.0,-109000000.0,,,-283000000.0,-99000000.0,55000000.0
2018-09-28,7547000000.0,6412000000.0,,,547000000.0,,561000000.0,,460000000.0,66000000.0,393000000.0,2.59,2.55,152000000.0,154000000.0,515000000.0,,,,,,,2881000000.0,,230000000.0,4881000000.0,702000000.0,214000000.0,8908000000.0,,,362000000.0,2093000000.0,,,,141000000.0,,231000000.0,13000000.0,3454000000.0,8908000000.0,193000000.0,33000000.0,,-2000000.0,,,,,,,664000000.0,,,,,81000000.0,53000000.0,,,-94000000.0,,,-417000000.0,153000000.0,68000000.0
2018-12-28,10194000000.0,8690000000.0,,46000000.0,729000000.0,,749000000.0,,610000000.0,28000000.0,581000000.0,3.85,3.8,151000000.0,153000000.0,327000000.0,,1877000000.0,,222000000.0,,543000000.0,2839000000.0,,237000000.0,4860000000.0,652000000.0,182000000.0,8770000000.0,547000000.0,650000000.0,276000000.0,2059000000.0,,170000000.0,,178000000.0,,372000000.0,-30000000.0,3308000000.0,8770000000.0,257000000.0,44000000.0,,58000000.0,,,,,,,768000000.0,,,,,81000000.0,73000000.0,,,-114000000.0,,,-707000000.0,-53000000.0,70000000.0
2019-03-29,2577000000.0,2221000000.0,,,166000000.0,,192000000.0,,246000000.0,57000000.0,189000000.0,1.3,1.29,145000000.0,147000000.0,536000000.0,,,,,,430000000.0,2860000000.0,,220000000.0,4871000000.0,613000000.0,390000000.0,9360000000.0,,,484000000.0,2322000000.0,,,,276000000.0,,562000000.0,-35000000.0,3294000000.0,9360000000.0,58000000.0,12000000.0,,21000000.0,,,,,,,288000000.0,,,,,0.0,30000000.0,,,237000000.0,,,-297000000.0,228000000.0,3000000.0
2019-06-28,5305000000.0,4569000000.0,,,341000000.0,,402000000.0,,425000000.0,98000000.0,325000000.0,2.26,2.23,144000000.0,146000000.0,660000000.0,,,,,,412000000.0,2914000000.0,,216000000.0,4861000000.0,571000000.0,382000000.0,9327000000.0,,,338000000.0,2246000000.0,,,,295000000.0,,652000000.0,-73000000.0,3359000000.0,9327000000.0,115000000.0,25000000.0,,-32000000.0,,,,,,,474000000.0,,,,,0.0,46000000.0,,,221000000.0,,,-361000000.0,334000000.0,89000000.0
2019-09-27,8052000000.0,7019000000.0,,,518000000.0,,651000000.0,,639000000.0,150000000.0,486000000.0,3.38,3.33,144000000.0,146000000.0,635000000.0,,,,,,514000000.0,2924000000.0,,228000000.0,4889000000.0,571000000.0,404000000.0,9410000000.0,,,444000000.0,2527000000.0,,,,203000000.0,,764000000.0,-108000000.0,3246000000.0,9410000000.0,174000000.0,38000000.0,,-68000000.0,,,,,,,823000000.0,,,,,94000000.0,67000000.0,,-1000000.0,119000000.0,,,-565000000.0,377000000.0,142000000.0
2020-01-03,10976000000.0,9546000000.0,,49000000.0,689000000.0,,912000000.0,,866000000.0,196000000.0,667000000.0,4.66,4.6,143000000.0,145000000.0,668000000.0,,1734000000.0,,291000000.0,,410000000.0,2812000000.0,,,4912000000.0,530000000.0,426000000.0,9367000000.0,592000000.0,822000000.0,400000000.0,2333000000.0,,,,182000000.0,,896000000.0,-70000000.0,3413000000.0,9367000000.0,234000000.0,52000000.0,18000000.0,-116000000.0,,,,,,,992000000.0,,,,,94000000.0,121000000.0,,-1000000.0,65000000.0,,,-709000000.0,348000000.0,142000000.0
2020-04-03,2864000000.0,2494000000.0,,,197000000.0,,192000000.0,,130000000.0,15000000.0,115000000.0,0.81,0.8,142000000.0,144000000.0,445000000.0,,,,,,630000000.0,2868000000.0,,490000000.0,5719000000.0,950000000.0,422000000.0,10988000000.0,,,420000000.0,4290000000.0,,,,219000000.0,,961000000.0,-185000000.0,3355000000.0,10988000000.0,61000000.0,15000000.0,2000000.0,-89000000.0,,,43000000.0,,,,372000000.0,,,,,1642000000.0,44000000.0,,-1000000.0,-1685000000.0,,,1161000000.0,-152000000.0,0.0
2020-07-03,5756000000.0,5025000000.0,,,383000000.0,,441000000.0,,322000000.0,53000000.0,268000000.0,1.89,1.86,142000000.0,144000000.0,588000000.0,,,294000000.0,,,381000000.0,3052000000.0,,569000000.0,6266000000.0,1260000000.0,437000000.0,12143000000.0,,,401000000.0,3429000000.0,,,,296000000.0,,1065000000.0,-127000000.0,3538000000.0,12143000000.0,132000000.0,30000000.0,-1000000.0,-226000000.0,,,-15000000.0,,,,794000000.0,,,,,2610000000.0,90000000.0,,-1000000.0,-2699000000.0,,,1870000000.0,-35000000.0,7000000.0
2020-10-02,8974000000.0,7799000000.0,,,583000000.0,,699000000.0,,536000000.0,104000000.0,431000000.0,3.04,2.99,142000000.0,144000000.0,512000000.0,,,292000000.0,,,523000000.0,3199000000.0,,577000000.0,6158000000.0,1335000000.0,435000000.0,12285000000.0,,,578000000.0,3398000000.0,,,,282000000.0,,1180000000.0,-98000000.0,3706000000.0,12285000000.0,214000000.0,45000000.0,-2000000.0,-140000000.0,,,-49000000.0,,,,1386000000.0,,,,,2610000000.0,120000000.0,,-6000000.0,-2714000000.0,,,1353000000.0,25000000.0,110000000.0
2021-01-01,12197000000.0,10560000000.0,,73000000.0,770000000.0,,998000000.0,,781000000.0,152000000.0,628000000.0,4.42,4.36,142000000.0,144000000.0,524000000.0,,2137000000.0,276000000.0,408000000.0,,402000000.0,3339000000.0,,,6313000000.0,1216000000.0,458000000.0,12511000000.0,731000000.0,939000000.0,481000000.0,2907000000.0,,,,291000000.0,,1328000000.0,-46000000.0,3862000000.0,12511000000.0,282000000.0,62000000.0,-4000000.0,127000000.0,,,-104000000.0,,,,1334000000.0,,,,,2655000000.0,183000000.0,,-6000000.0,-2815000000.0,,,1451000000.0,-30000000.0,140000000.0
2021-04-02,3291000000.0,2848000000.0,,,159000000.0,,308000000.0,,262000000.0,57000000.0,205000000.0,1.44,1.42,142000000.0,144000000.0,377000000.0,,,268000000.0,,,452000000.0,3257000000.0,,655000000.0,6456000000.0,1234000000.0,452000000.0,12638000000.0,,,433000000.0,2920000000.0,,,,275000000.0,8658000000.0,1484000000.0,-37000000.0,3933000000.0,12638000000.0,77000000.0,15000000.0,0.0,10000000.0,,,-5000000.0,,,,239000000.0,,,,,218000000.0,26000000.0,,0.0,-244000000.0,13000000.0,,-148000000.0,-153000000.0,8000000.0
2021-07-02,6708000000.0,5798000000.0,,,392000000.0,,577000000.0,,485000000.0,110000000.0,374000000.0,2.65,2.62,141000000.0,143000000.0,338000000.0,,,251000000.0,,,403000000.0,3263000000.0,,654000000.0,6707000000.0,1329000000.0,448000000.0,13035000000.0,,,320000000.0,3108000000.0,,,,285000000.0,8887000000.0,1605000000.0,-15000000.0,4099000000.0,13035000000.0,157000000.0,32000000.0,3000000.0,89000000.0,,,-91000000.0,,,,256000000.0,,,,,593000000.0,47000000.0,,0.0,-640000000.0,23000000.0,,165000000.0,-219000000.0,110000000.0
2021-10-01,10157000000.0,8740000000.0,,,625000000.0,,882000000.0,,745000000.0,162000000.0,579000000.0,4.11,4.05,141000000.0,143000000.0,587000000.0,,,268000000.0,,,426000000.0,3569000000.0,,662000000.0,6650000000.0,1321000000.0,441000000.0,13281000000.0,,,413000000.0,3347000000.0,,,,283000000.0,9115000000.0,1758000000.0,-40000000.0,4115000000.0,13281000000.0,244000000.0,49000000.0,4000000.0,103000000.0,,,-161000000.0,,,,821000000.0,,,,,622000000.0,71000000.0,,0.0,-693000000.0,33000000.0,,-44000000.0,84000000.0,179000000.0
2021-12-31,,,,,,,,,,,,,,,,727000000.0,,2189000000.0,274000000.0,418000000.0,,429000000.0,3619000000.0,,,6744000000.0,1177000000.0,439000000.0,13261000000.0,692000000.0,1053000000.0,364000000.0,3229000000.0,,,,267000000.0,8917000000.0,1880000000.0,-12000000.0,4291000000.0,13261000000.0,,,,,,,,,,,,,,,,,,,,,,,,,
2022-04-01,3478000000.0,2982000000.0,,,236000000.0,,271000000.0,,222000000.0,45000000.0,175000000.0,1.26,1.25,139000000.0,140000000.0,297000000.0,,,279000000.0,,,492000000.0,3487000000.0,,674000000.0,6742000000.0,1109000000.0,418000000.0,13030000000.0,,,382000000.0,3494000000.0,,,,195000000.0,9022000000.0,2007000000.0,20000000.0,3955000000.0,13030000000.0,85000000.0,16000000.0,-61000000.0,232000000.0,,,28000000.0,,,,93000000.0,,,,,2000000.0,28000000.0,,,-21000000.0,12000000.0,,-519000000.0,-447000000.0,8000000.0
2022-07-01,7045000000.0,6041000000.0,,,494000000.0,,542000000.0,,447000000.0,98000000.0,346000000.0,2.51,2.49,138000000.0,139000000.0,339000000.0,,,286000000.0,,,478000000.0,3526000000.0,,669000000.0,6673000000.0,1038000000.0,367000000.0,12887000000.0,,,312000000.0,3906000000.0,,,,198000000.0,8830000000.0,2128000000.0,-79000000.0,4004000000.0,12887000000.0,168000000.0,35000000.0,-136000000.0,238000000.0,,,-73000000.0,,,,133000000.0,,,,,2000000.0,49000000.0,,-1000000.0,-29000000.0,22000000.0,,-513000000.0,-409000000.0,127000000.0
2022-09-30,10624000000.0,9136000000.0,,,727000000.0,,823000000.0,,668000000.0,155000000.0,508000000.0,3.71,3.68,137000000.0,138000000.0,807000000.0,,,286000000.0,,,464000000.0,3841000000.0,,671000000.0,6618000000.0,977000000.0,399000000.0,13099000000.0,,,450000000.0,4141000000.0,,,,229000000.0,8960000000.0,2239000000.0,-135000000.0,4086000000.0,13099000000.0,249000000.0,53000000.0,-221000000.0,138000000.0,,,-132000000.0,,,,881000000.0,,,,,2000000.0,76000000.0,,-2000000.0,-55000000.0,35000000.0,,-730000000.0,96000000.0,166000000.0
2022-12-30,14287000000.0,12312000000.0,,116000000.0,950000000.0,,1088000000.0,,886000000.0,193000000.0,685000000.0,5.0,4.96,137000000.0,138000000.0,516000000.0,,2350000000.0,287000000.0,627000000.0,,490000000.0,3643000000.0,,,6696000000.0,952000000.0,388000000.0,13071000000.0,733000000.0,772000000.0,380000000.0,3947000000.0,,,,233000000.0,8718000000.0,2367000000.0,-73000000.0,4299000000.0,13071000000.0,333000000.0,73000000.0,-211000000.0,174000000.0,,,-160000000.0,,,,986000000.0,,,,,192000000.0,129000000.0,,13000000.0,-313000000.0,,,-865000000.0,-192000000.0,217000000.0
2023-03-31,3679000000.0,3204000000.0,,,233000000.0,,265000000.0,,207000000.0,43000000.0,162000000.0,1.18,1.17,137000000.0,138000000.0,379000000.0,,,300000000.0,,,468000000.0,3665000000.0,,,6703000000.0,902000000.0,399000000.0,13132000000.0,,,352000000.0,3161000000.0,,,,256000000.0,8668000000.0,2479000000.0,-64000000.0,4409000000.0,13132000000.0,82000000.0,18000000.0,-43000000.0,166000000.0,,,9000000.0,,,,-98000000.0,,,,,0.0,39000000.0,,,-39000000.0,,,-57000000.0,-192000000.0,135000000.0
2023-06-30,7492000000.0,6475000000.0,,,470000000.0,,596000000.0,,481000000.0,107000000.0,369000000.0,2.69,2.67,137000000.0,138000000.0,329000000.0,,,310000000.0,,,459000000.0,3576000000.0,,,6701000000.0,851000000.0,436000000.0,13026000000.0,,,305000000.0,2855000000.0,,,,279000000.0,8373000000.0,2636000000.0,-63000000.0,4597000000.0,13026000000.0,166000000.0,37000000.0,-88000000.0,123000000.0,,,-49000000.0,,,,66000000.0,,,,,4000000.0,79000000.0,,0.0,-83000000.0,,,-221000000.0,-235000000.0,279000000.0
2023-09-29,11389000000.0,9809000000.0,,,709000000.0,,-336000000.0,,-388000000.0,115000000.0,-399000000.0,-2.91,-2.91,137000000.0,137000000.0,750000000.0,,,295000000.0,,,494000000.0,3991000000.0,,,6079000000.0,713000000.0,527000000.0,12757000000.0,,,449000000.0,3040000000.0,,,,314000000.0,8554000000.0,2186000000.0,-95000000.0,4146000000.0,12757000000.0,248000000.0,57000000.0,-192000000.0,109000000.0,,,-141000000.0,,,,861000000.0,,,,,6000000.0,129000000.0,,0.0,-135000000.0,,,-470000000.0,256000000.0,325000000.0
2023-12-29,15339000000.0,13194000000.0,,128000000.0,942000000.0,,621000000.0,,403000000.0,195000000.0,199000000.0,1.45,1.44,137000000.0,138000000.0,777000000.0,,2429000000.0,310000000.0,99000000.0,,489000000.0,4005000000.0,,,6112000000.0,667000000.0,438000000.0,12695000000.0,736000000.0,826000000.0,442000000.0,2990000000.0,,,,264000000.0,8437000000.0,2364000000.0,-48000000.0,4201000000.0,12695000000.0,331000000.0,77000000.0,-109000000.0,65000000.0,,,-140000000.0,,,,1165000000.0,,,,,6000000.0,207000000.0,,0.0,-211000000.0,,,-715000000.0,245000000.0,435000000.0
2024-03-29,3951000000.0,3337000000.0,,,226000000.0,,415000000.0,,368000000.0,85000000.0,284000000.0,2.09,2.07,136000000.0,137000000.0,633000000.0,,,318000000.0,,,486000000.0,4150000000.0,,,6099000000.0,629000000.0,474000000.0,12817000000.0,,,414000000.0,3084000000.0,,,,289000000.0,8504000000.0,2595000000.0,-72000000.0,4258000000.0,12817000000.0,69000000.0,20000000.0,-25000000.0,281000000.0,,,35000000.0,,,,63000000.0,,,,,,17000000.0,,-5000000.0,-12000000.0,,,-228000000.0,-181000000.0,2000000.0
2024-06-28,8058000000.0,6764000000.0,,,457000000.0,,890000000.0,,794000000.0,187000000.0,606000000.0,4.49,4.42,135000000.0,137000000.0,823000000.0,,,333000000.0,,,458000000.0,4229000000.0,,,6102000000.0,592000000.0,522000000.0,12909000000.0,,,296000000.0,3505000000.0,,,,299000000.0,8399000000.0,2866000000.0,-65000000.0,4455000000.0,12909000000.0,140000000.0,40000000.0,-67000000.0,185000000.0,,,-7000000.0,,,,437000000.0,,,,,0.0,40000000.0,,-5000000.0,-33000000.0,,,-387000000.0,13000000.0,163000000.0
2024-09-27,12227000000.0,10192000000.0,,,704000000.0,,1406000000.0,,1264000000.0,295000000.0,970000000.0,7.19,7.13,135000000.0,136000000.0,1185000000.0,,,323000000.0,,,451000000.0,4665000000.0,,,6123000000.0,558000000.0,541000000.0,13338000000.0,,,353000000.0,3782000000.0,,,,341000000.0,8671000000.0,3179000000.0,-34000000.0,4614000000.0,13338000000.0,211000000.0,59000000.0,-96000000.0,260000000.0,,,-102000000.0,,,,1093000000.0,,,,,0.0,63000000.0,,-5000000.0,-56000000.0,,,-644000000.0,398000000.0,276000000.0
,,,,,,,,,,,,,,,,,,,,,,,,,,,,,,,,,,,,,,,,,,,,,,,,,,,,,,,,,,,,,,,,,,,
,,,,,,,,,,,,,,,,,,,,,,,,,,,,,,,,,,,,,,,,,,,,,,,,,,,,,,,,,,,,,,,,,,,
