Date,Net sales,Cost of sales,Gross margin,Research and development,"Selling, general and administrative",Total operating expenses,Operating income,"Other income/(expense), net",Income before provision for income taxes,Provision for income taxes,Net income,Earnings per share basic,Earnings per share diluted,Weighted-average basic,Weighted-average diluted,Cash and cash equivalents,Short-term marketable securities,"Accounts receivable, net",Inventories,Deferred tax assets,Vendor non-trade receivables,Other current assets,Total current assets,Long-term marketable securities,"Property, Plant and Equipment, Net",Goodwill,"Acquired intangible assets, net","Other Assets, Noncurrent",Total assets,accounts payable,Accrued expenses,Deferred revenue,Total current liabilities,Deferred revenue - non-current,deferred tax liabilities,long term taxes payable,Total other non-current liabilities,Total liabilities,Retained Earnings (Accumulated Deficit),Accumulated other comprehensive (loss)/income,Total shareholders equity,Total liabilities and shareholders' equity,"Depreciation, amortization and accretion",Stock-based compensation expense,Deferred income tax expense,"Increase (Decrease) in Accounts receivable, net",Increase (Decrease) in Inventories,Increase (Decrease) in Other Receivables,Increase (Decrease) in Other Operating Assets,Increase (Decrease) in Accounts Payable,Increase (Decrease) in Deferred Revenue,Increase (Decrease) Other liabilities,Cash generated by operating activities,Purchases of marketable securities,Proceeds from maturities of marketable securities,Proceeds from sales of marketable securities,Purchases of other long-term investments,"Business acquisitions, net of cash acquired",Cash payments for capital asset purchases,Payments for acquisition of intangible assets,Payments for (Proceeds from) Other Investing Activities,Cash used in investing activities,Proceeds from issuance of common stock,Excess tax benefits from stock-based compensation,Cash generated/used in financing activities,Increase/(decrease) in cash and cash equivalents,"Cash paid for income taxes, net"
2009-12-31,4694700000.0,2723800000.0,1970900000.0,,958900000.0,,935900000.0,,,329000000.0,543300000.0,5.06,4.98,,,148500000.0,,574200000.0,90000000.0,42800000.0,,,935600000.0,,500800000.0,1897100000.0,1342200000.0,90700000.0,4837800000.0,183100000.0,275700000.0,,1018400000.0,,,,158400000.0,2731700000.0,2927900000.0,61500000.0,2106100000.0,4837800000.0,195100000.0,36400000.0,9600000.0,74000000.0,-4300000.0,,,22800000.0,,,862400000.0,,,,,212600000.0,114700000.0,0.0,,-334000000.0,,500000.0,-600900000.0,-71200000.0,
2010-03-31,1193600000.0,686700000.0,506900000.0,,246000000.0,,234200000.0,,,86900000.0,132700000.0,1.27,1.25,,,172200000.0,,614300000.0,82500000.0,37700000.0,,,981000000.0,,488400000.0,1911100000.0,1382100000.0,102400000.0,4934200000.0,169300000.0,347100000.0,,886400000.0,,,,161300000.0,2755600000.0,3002700000.0,78200000.0,2158400000.0,4934200000.0,50000000.0,8700000.0,10000000.0,-38400000.0,7700000.0,,,-14800000.0,,,232000000.0,,,,,32200000.0,24500000.0,,,-56500000.0,,900000.0,-152900000.0,23700000.0,
2010-09-30,3708500000.0,2140300000.0,1568200000.0,9400000.0,761900000.0,,740000000.0,,,263200000.0,426400000.0,4.12,4.05,103400000.0,105400000.0,96900000.0,,631000000.0,88200000.0,63900000.0,,,948700000.0,,504600000.0,2034700000.0,1382200000.0,97500000.0,5047600000.0,177100000.0,348800000.0,,951300000.0,,,,142500000.0,2757400000.0,3114800000.0,78200000.0,2270200000.0,5047600000.0,150700000.0,29500000.0,-2100000.0,-49000000.0,2300000.0,,,-8900000.0,,,624400000.0,,,,,219700000.0,93300000.0,400000.0,,-322500000.0,,2400000.0,-353600000.0,-51600000.0,265200000.0
2011-03-31,1368400000.0,800000000.0,568400000.0,,282800000.0,,235800000.0,,,83100000.0,127100000.0,1.27,1.23,100300000.0,103200000.0,195400000.0,,717300000.0,98000000.0,65100000.0,,,1147600000.0,,579500000.0,2613000000.0,1676700000.0,102200000.0,6201600000.0,215400000.0,435200000.0,,1199700000.0,,,,155200000.0,3780000000.0,3203700000.0,104600000.0,2400400000.0,6201600000.0,58100000.0,13100000.0,-1000000.0,-68500000.0,5600000.0,,,-42600000.0,,,215300000.0,,,,,15400000.0,29400000.0,,,-44500000.0,,3800000.0,-207100000.0,-35300000.0,7500000.0
2011-06-30,2771700000.0,1615100000.0,1156600000.0,,605500000.0,,461500000.0,,,163700000.0,250000000.0,2.49,2.44,100600000.0,102800000.0,118900000.0,,714800000.0,106800000.0,78700000.0,,,1083600000.0,,586400000.0,2644300000.0,1676000000.0,98600000.0,6168300000.0,212500000.0,444700000.0,,1025700000.0,,,,166400000.0,3567100000.0,3326600000.0,109300000.0,2579800000.0,6168300000.0,115900000.0,25500000.0,-19500000.0,-58400000.0,-2700000.0,,,-57300000.0,,,400200000.0,,,,,45000000.0,75200000.0,0.0,,-117300000.0,,9600000.0,-394900000.0,-111800000.0,148400000.0
2011-09-30,4176200000.0,2451100000.0,1725100000.0,,889300000.0,,700900000.0,,,246200000.0,384300000.0,3.82,3.76,100600000.0,102300000.0,85800000.0,,718700000.0,103800000.0,85900000.0,,,1072600000.0,,577400000.0,2641400000.0,1592700000.0,93700000.0,6053200000.0,222900000.0,404300000.0,,982200000.0,,,,169000000.0,3490300000.0,3402200000.0,70100000.0,2543300000.0,6053200000.0,173600000.0,37200000.0,-11000000.0,65900000.0,900000.0,,,-40800000.0,,,577000000.0,,,,,46300000.0,115600000.0,0.0,,-159000000.0,,9800000.0,-561600000.0,-144900000.0,225400000.0
2011-12-31,5542300000.0,3267600000.0,2274700000.0,,1159600000.0,,948400000.0,,,333000000.0,519700000.0,5.2,5.11,100000000.0,101800000.0,159300000.0,,699800000.0,110800000.0,-404600000.0,,,1084800000.0,,578300000.0,2681800000.0,1620700000.0,94200000.0,6136600000.0,257800000.0,404100000.0,,797400000.0,5900000.0,,,227300000.0,3612900000.0,3387200000.0,45500000.0,2503500000.0,6136600000.0,231400000.0,48900000.0,2200000.0,37100000.0,6100000.0,,,-8700000.0,,,855600000.0,,,,,137300000.0,145700000.0,0.0,,-280300000.0,,10400000.0,-645000000.0,-71400000.0,309400000.0
2012-03-31,1423300000.0,847200000.0,576100000.0,,271200000.0,,287100000.0,,,107600000.0,161600000.0,1.66,1.63,97200000.0,99100000.0,129900000.0,,751700000.0,107000000.0,23500000.0,,,1081900000.0,,577200000.0,2680300000.0,1616600000.0,94700000.0,6130600000.0,225700000.0,407500000.0,,769200000.0,,,,235700000.0,3512400000.0,3469600000.0,59900000.0,2597600000.0,6130600000.0,56700000.0,11800000.0,20600000.0,50500000.0,-3900000.0,,,-32300000.0,,,197100000.0,,,,,0.0,34200000.0,1000000.0,,-36200000.0,,5000000.0,-191600000.0,-29400000.0,8400000.0
2012-06-30,2846700000.0,1691100000.0,1155600000.0,,550700000.0,,563100000.0,,,210000000.0,314900000.0,3.25,3.19,96800000.0,98600000.0,124400000.0,,735800000.0,114000000.0,21000000.0,,,1063300000.0,,576200000.0,2694400000.0,1588600000.0,96800000.0,6098300000.0,234500000.0,349600000.0,,718500000.0,,,,227000000.0,3446300000.0,3522700000.0,49400000.0,2631800000.0,6098300000.0,112800000.0,23700000.0,33300000.0,35000000.0,3300000.0,,,-23300000.0,,,383400000.0,,,,,25200000.0,68300000.0,2000000.0,,-101600000.0,,5700000.0,-316700000.0,-34900000.0,163700000.0
2012-09-30,4266100000.0,2554400000.0,1711700000.0,,835800000.0,,808200000.0,,,288500000.0,462900000.0,4.81,4.72,96300000.0,98100000.0,466000000.0,,768900000.0,118900000.0,23800000.0,,,1455800000.0,,612200000.0,2877400000.0,1672500000.0,115700000.0,6814300000.0,247400000.0,386900000.0,,1119400000.0,,,,223400000.0,4076700000.0,3587500000.0,69600000.0,2716700000.0,6814300000.0,170400000.0,34800000.0,44900000.0,49200000.0,4300000.0,,,-19400000.0,,,587200000.0,,,,,283100000.0,112400000.0,2100000.0,,-412300000.0,,7600000.0,129900000.0,306700000.0,232600000.0
2012-12-31,5671400000.0,3421700000.0,2249700000.0,,1114600000.0,,1023500000.0,,,359400000.0,583100000.0,6.09,5.99,95700000.0,97400000.0,466800000.0,,718500000.0,121000000.0,-489100000.0,,,1391800000.0,,630800000.0,2901700000.0,1667700000.0,124900000.0,6795000000.0,236900000.0,311600000.0,,1028500000.0,5400000.0,,,307400000.0,4056900000.0,3588500000.0,69400000.0,2717400000.0,6795000000.0,229800000.0,40700000.0,53300000.0,-600000.0,6300000.0,,,-30000000.0,,,841400000.0,,,,,332200000.0,173800000.0,2500000.0,,-534200000.0,,8200000.0,-800000.0,307500000.0,306200000.0
2013-12-31,5808300000.0,3585100000.0,2223200000.0,,1128800000.0,,990900000.0,-75300000.0,,340200000.0,573800000.0,6.36,6.25,90200000.0,91800000.0,404000000.0,,784700000.0,136500000.0,-539000000.0,,,1432100000.0,,707400000.0,3022800000.0,1572000000.0,143100000.0,6965900000.0,304500000.0,310000000.0,,735700000.0,4000000.0,,,266500000.0,4455200000.0,3373500000.0,66200000.0,2491300000.0,6965900000.0,230100000.0,37300000.0,56200000.0,67500000.0,15300000.0,,,60800000.0,,,818700000.0,,,,,159500000.0,202200000.0,0.0,,-359600000.0,,11000000.0,-518300000.0,-62800000.0,301500000.0
2014-03-31,1430700000.0,913900000.0,516800000.0,,284900000.0,,203300000.0,-15600000.0,,74200000.0,113100000.0,1.33,1.31,85200000.0,86600000.0,338900000.0,,822000000.0,134800000.0,,,,1420900000.0,,733100000.0,3067100000.0,1538400000.0,145600000.0,6992400000.0,281900000.0,358000000.0,,753600000.0,,,,254000000.0,4472500000.0,3408900000.0,45500000.0,2501300000.0,6992400000.0,60700000.0,11700000.0,10100000.0,39200000.0,-2900000.0,,,-27100000.0,,,142300000.0,,,,,65700000.0,56500000.0,,,-108100000.0,,600000.0,-98000000.0,-65100000.0,8600000.0
2014-06-30,2947100000.0,1861700000.0,1085400000.0,,582800000.0,,450000000.0,29800000.0,,165000000.0,254400000.0,3.0,2.94,84900000.0,86400000.0,479500000.0,,832600000.0,134500000.0,4100000.0,,,1565900000.0,,741200000.0,3069200000.0,1545800000.0,126200000.0,7144800000.0,280600000.0,362600000.0,,740800000.0,,,,249800000.0,4469100000.0,3553000000.0,58500000.0,2656400000.0,7144800000.0,123500000.0,23600000.0,-1100000.0,48000000.0,-3400000.0,,,-25700000.0,,,349700000.0,,,,,65700000.0,104600000.0,,,-147200000.0,,2200000.0,-123400000.0,75500000.0,111100000.0
2014-09-30,4498900000.0,2842300000.0,1656600000.0,,888500000.0,,691400000.0,-52200000.0,,246500000.0,391600000.0,4.61,4.53,84900000.0,86500000.0,575700000.0,,841600000.0,138800000.0,5400000.0,,,1687800000.0,,754700000.0,3066400000.0,1489400000.0,138800000.0,7231800000.0,286200000.0,365200000.0,,749000000.0,,,,223900000.0,4442600000.0,3685600000.0,40300000.0,2770800000.0,7231800000.0,182000000.0,35100000.0,-3500000.0,59700000.0,1300000.0,,,-16200000.0,,,525300000.0,,,,,65300000.0,157200000.0,,,-202800000.0,,5500000.0,-141800000.0,171700000.0,211100000.0
2014-12-31,6011600000.0,3808500000.0,2203100000.0,,1198200000.0,,910400000.0,-83700000.0,,314100000.0,511200000.0,6.03,5.91,84800000.0,86400000.0,580000000.0,,815700000.0,139500000.0,-511200000.0,,,1692700000.0,,786500000.0,3099400000.0,1475800000.0,154800000.0,7301800000.0,282300000.0,341400000.0,,976300000.0,3400000.0,,,274200000.0,4463600000.0,3786100000.0,-10500000.0,2820500000.0,7301800000.0,245500000.0,45700000.0,27700000.0,31100000.0,300000.0,,,-21200000.0,,,739000000.0,,,,,159400000.0,203500000.0,0.0,,-350100000.0,,5900000.0,-200600000.0,176000000.0,284100000.0
2015-03-31,1793200000.0,1176300000.0,596000000.0,,415100000.0,,130200000.0,-99900000.0,,29300000.0,700000.0,0.01,0.01,91900000.0,93800000.0,446400000.0,,1187000000.0,186500000.0,24500000.0,,,2328500000.0,,1597200000.0,6282200000.0,3603300000.0,250500000.0,14150600000.0,420800000.0,488900000.0,153900000.0,1412200000.0,,,,338400000.0,9616800000.0,3786800000.0,-131100000.0,4517600000.0,14150600000.0,104700000.0,26300000.0,17400000.0,40300000.0,-4200000.0,,,-48900000.0,14100000.0,,-86900000.0,,,,,3622200000.0,33800000.0,,,-3651300000.0,,2500000.0,3629700000.0,-133600000.0,23100000.0
2015-06-30,4062300000.0,2593200000.0,1397800000.0,,832800000.0,,452400000.0,-156900000.0,,125200000.0,169700000.0,1.76,1.73,100700000.0,102500000.0,619000000.0,,1201400000.0,182000000.0,32800000.0,,,2586000000.0,,1831800000.0,6136600000.0,3644800000.0,197400000.0,14465200000.0,438800000.0,567700000.0,142500000.0,1823100000.0,,,,370100000.0,9679000000.0,3955800000.0,-99800000.0,4769700000.0,14465200000.0,223100000.0,54000000.0,-4900000.0,53800000.0,-9500000.0,,,-33800000.0,2600000.0,,309800000.0,,,,,3684400000.0,102900000.0,,,-3783600000.0,,3900000.0,3510900000.0,39000000.0,90600000.0
2015-09-30,6379600000.0,4098200000.0,2162700000.0,,1217100000.0,,759500000.0,-213500000.0,,222500000.0,322600000.0,3.29,3.24,101100000.0,102900000.0,713000000.0,,1235200000.0,181600000.0,37200000.0,,,2707100000.0,,1806800000.0,6068600000.0,3561000000.0,217000000.0,14422300000.0,445000000.0,583000000.0,141700000.0,1844400000.0,,,,351100000.0,9493300000.0,4108700000.0,-168500000.0,4913500000.0,14422300000.0,344500000.0,77700000.0,-16000000.0,89900000.0,-9600000.0,,,-24300000.0,1700000.0,,597800000.0,,,,,3692700000.0,170700000.0,,,-3866300000.0,,10100000.0,3424200000.0,133000000.0,176000000.0
2015-12-31,8680100000.0,5602400000.0,2903300000.0,,1622000000.0,,1002900000.0,-270800000.0,,294100000.0,436900000.0,4.42,4.34,98800000.0,100600000.0,716400000.0,,1217900000.0,191000000.0,310400000.0,,,2663000000.0,,1747400000.0,6227700000.0,3323500000.0,201900000.0,14221700000.0,497400000.0,633100000.0,146100000.0,1701500000.0,2500000.0,,,323100000.0,9262400000.0,4223000000.0,-287000000.0,4944400000.0,14221700000.0,457800000.0,102100000.0,-33400000.0,71800000.0,200000.0,,,30700000.0,5400000.0,,982400000.0,,,,,3736000000.0,255800000.0,0.0,,-3994900000.0,,13100000.0,3184600000.0,136400000.0,249400000.0
2016-03-31,2368000000.0,1517900000.0,777300000.0,,411900000.0,,301900000.0,-45900000.0,,95500000.0,160200000.0,1.58,1.55,101600000.0,103600000.0,696300000.0,,1328500000.0,188200000.0,,,,2744900000.0,,1771700000.0,6252400000.0,3410400000.0,167500000.0,14410400000.0,466000000.0,584900000.0,166400000.0,1642700000.0,,,,322700000.0,9228100000.0,4383200000.0,-258300000.0,5166500000.0,14410400000.0,122400000.0,31800000.0,18200000.0,105800000.0,-2400000.0,,,-34100000.0,19800000.0,,123000000.0,,,,,93300000.0,71400000.0,,,-151600000.0,,4600000.0,3900000.0,-20100000.0,32900000.0
2016-06-30,4798700000.0,3073100000.0,1604100000.0,,819900000.0,,668800000.0,-99500000.0,,210300000.0,358400000.0,3.52,3.46,101900000.0,103900000.0,639600000.0,,1314400000.0,189600000.0,,,,2644100000.0,,1741900000.0,6218300000.0,3357900000.0,173100000.0,14199000000.0,443500000.0,565400000.0,175300000.0,1271600000.0,,,,320300000.0,8870100000.0,4581400000.0,-357400000.0,5313000000.0,14199000000.0,247800000.0,57600000.0,43300000.0,99600000.0,-600000.0,,,-54300000.0,32700000.0,,466600000.0,,,,,144100000.0,138400000.0,,,-258400000.0,,10500000.0,-297900000.0,-76800000.0,164900000.0
2016-09-30,7213400000.0,4657400000.0,2392500000.0,,1224200000.0,,989000000.0,-160100000.0,,280300000.0,547700000.0,5.36,5.25,102300000.0,104900000.0,567600000.0,,1346600000.0,198800000.0,,,,2654900000.0,,1730600000.0,6389000000.0,3457200000.0,189000000.0,14483000000.0,454800000.0,589700000.0,169500000.0,1912200000.0,,,,330700000.0,8944000000.0,4770700000.0,-378000000.0,5523400000.0,14483000000.0,368900000.0,81900000.0,5200000.0,109200000.0,4800000.0,,,-56300000.0,23400000.0,,727000000.0,,,,,396800000.0,204600000.0,,,-576100000.0,,0.0,-301700000.0,-148800000.0,260900000.0
2016-12-31,9641800000.0,6256700000.0,3180500000.0,,1630200000.0,,1312400000.0,-206900000.0,,372300000.0,732100000.0,7.14,7.02,102500000.0,104300000.0,433600000.0,,1328700000.0,205200000.0,366100000.0,,,2478700000.0,,1718600000.0,6424400000.0,3400500000.0,165100000.0,14247000000.0,508400000.0,593700000.0,176000000.0,1827600000.0,,,,392000000.0,8726000000.0,4955800000.0,-581100000.0,5505800000.0,14247000000.0,499200000.0,109600000.0,54700000.0,85500000.0,9600000.0,,,-8700000.0,29900000.0,,1175900000.0,,,,,548600000.0,278900000.0,,,-795700000.0,,0.0,-649800000.0,-282800000.0,345700000.0
2017-03-31,2447000000.0,1604500000.0,803600000.0,,419400000.0,,332700000.0,-53000000.0,,87200000.0,192200000.0,1.87,1.84,102500000.0,104300000.0,365500000.0,,1356900000.0,199800000.0,,,,2486000000.0,,1720000000.0,6502100000.0,3469300000.0,190400000.0,14428000000.0,484900000.0,564700000.0,184400000.0,1753200000.0,,,,394300000.0,8761800000.0,5148000000.0,-527100000.0,5650700000.0,14428000000.0,128100000.0,27700000.0,18700000.0,27900000.0,-4900000.0,,,-28000000.0,8300000.0,,233800000.0,,,,,151800000.0,72200000.0,1200000.0,,-245500000.0,,,-59800000.0,-68100000.0,11100000.0
2017-06-30,4989900000.0,3241100000.0,1665400000.0,,854700000.0,,668700000.0,-103900000.0,,183400000.0,380800000.0,3.71,3.66,102400000.0,,299900000.0,,1379300000.0,209900000.0,,,,2515700000.0,,1717900000.0,6641400000.0,3621200000.0,337000000.0,14902500000.0,491700000.0,617000000.0,177200000.0,1805500000.0,,,,401000000.0,9008500000.0,5336600000.0,-384300000.0,5878100000.0,14902500000.0,255100000.0,52700000.0,-4600000.0,35400000.0,700000.0,,,-29000000.0,1100000.0,,544500000.0,,,,,568000000.0,141500000.0,2300000.0,,-736900000.0,,,46900000.0,-133700000.0,127900000.0
2017-09-30,7645100000.0,4956200000.0,2548200000.0,,1320000000.0,,1010000000.0,-164100000.0,,281100000.0,561400000.0,5.48,5.4,102400000.0,103900000.0,409300000.0,,1556600000.0,217200000.0,,,,2900600000.0,,1736200000.0,7325100000.0,4415300000.0,247800000.0,16691800000.0,595400000.0,610100000.0,313600000.0,1537200000.0,,,,403400000.0,10539000000.0,5517200000.0,-342500000.0,6125900000.0,16691800000.0,388200000.0,85800000.0,-100000.0,83000000.0,6400000.0,,,29600000.0,10000000.0,,895400000.0,,,,,1799300000.0,216800000.0,2300000.0,,-2050400000.0,,,1111300000.0,-24300000.0,263700000.0
2017-12-31,10441400000.0,6741900000.0,3464000000.0,,1812400000.0,,1364200000.0,-229300000.0,,-139100000.0,1268200000.0,12.39,12.21,102400000.0,103900000.0,316700000.0,,1481300000.0,227600000.0,235300000.0,,,2682600000.0,,1748900000.0,7530000000.0,4340800000.0,205400000.0,16568000000.0,663000000.0,632900000.0,332700000.0,2046100000.0,,,,378200000.0,9717200000.0,6224000000.0,-335700000.0,6830000000.0,16568000000.0,533200000.0,109700000.0,-525800000.0,2100000.0,16400000.0,,,85600000.0,19000000.0,,1459400000.0,,,,,1882600000.0,312900000.0,2500000.0,,-2228700000.0,,0.0,631900000.0,-116900000.0,348000000.0
2018-03-31,2848300000.0,2069300000.0,779000000.0,,397000000.0,,305400000.0,-63900000.0,,69000000.0,173200000.0,1.7,1.67,101900000.0,103400000.0,361800000.0,,1613000000.0,226200000.0,,,,2896600000.0,,1749900000.0,7615500000.0,4297500000.0,212100000.0,16831700000.0,519100000.0,749100000.0,418100000.0,2104000000.0,,,,372800000.0,9827500000.0,6369300000.0,-281200000.0,6984000000.0,16831700000.0,142800000.0,25800000.0,36000000.0,53600000.0,-1400000.0,,,-59800000.0,26200000.0,,154700000.0,,,,,0.0,72500000.0,0.0,,-74300000.0,,,-40000000.0,45100000.0,24600000.0
2018-06-30,5714600000.0,4100500000.0,1614100000.0,,792200000.0,,674600000.0,-120400000.0,,147600000.0,407000000.0,3.99,3.94,101900000.0,103300000.0,221400000.0,,1520300000.0,230700000.0,,,,3021200000.0,,1710900000.0,7423300000.0,4049500000.0,239000000.0,16504500000.0,488100000.0,739900000.0,393300000.0,2121500000.0,,,,371800000.0,9446800000.0,6603100000.0,-407000000.0,7037700000.0,16504500000.0,281300000.0,52000000.0,36000000.0,-13200000.0,4700000.0,,,-91300000.0,8300000.0,,522000000.0,,,,,79100000.0,159700000.0,0.0,,-196300000.0,,,-413000000.0,-95200000.0,148600000.0
2018-09-30,8545900000.0,6141900000.0,2404000000.0,,1174000000.0,,1018000000.0,156200000.0,,328100000.0,725800000.0,7.13,7.04,101800000.0,103100000.0,892600000.0,,1536100000.0,233000000.0,,,,3274300000.0,,1734300000.0,7362700000.0,3990900000.0,239400000.0,16661400000.0,497500000.0,901500000.0,289400000.0,2106200000.0,,,,343000000.0,9392900000.0,6921900000.0,-407800000.0,7248100000.0,16661400000.0,414400000.0,70800000.0,12100000.0,8500000.0,8800000.0,,,-79900000.0,-94400000.0,,819000000.0,,,,,79100000.0,257600000.0,0.0,,353600000.0,,,-587000000.0,576000000.0,235000000.0
2018-12-31,11333400000.0,8157000000.0,3176400000.0,,1570900000.0,,1325700000.0,-57400000.0,,384400000.0,883700000.0,8.71,8.61,101400000.0,102600000.0,426800000.0,,1467900000.0,237300000.0,221700000.0,,,2835400000.0,,1784700000.0,7360300000.0,3911100000.0,231600000.0,16185300000.0,634600000.0,870000000.0,356400000.0,1878900000.0,,,,334000000.0,9194800000.0,7079800000.0,-463100000.0,6971400000.0,16185300000.0,552100000.0,91600000.0,22200000.0,-50200000.0,18900000.0,,,43300000.0,-33800000.0,,1305400000.0,,,,,117800000.0,379800000.0,0.0,,206700000.0,,-48000000.0,-1389900000.0,110200000.0,349700000.0
2019-03-31,2791200000.0,2001500000.0,789700000.0,,393800000.0,,318200000.0,-63500000.0,,68800000.0,185600000.0,1.88,1.86,98600000.0,99500000.0,348800000.0,,1563000000.0,233700000.0,,,,2885300000.0,,2457900000.0,7385900000.0,3884900000.0,288200000.0,16970800000.0,592200000.0,797300000.0,364600000.0,2526900000.0,,,,307300000.0,9840000000.0,7265400000.0,-439500000.0,7111300000.0,16970800000.0,137300000.0,25500000.0,17100000.0,90800000.0,-3400000.0,,,-28800000.0,5600000.0,,165800000.0,,,,,47300000.0,94200000.0,,,-140500000.0,,,-103200000.0,-78000000.0,-2200000.0
2019-06-30,5672900000.0,4058400000.0,1614500000.0,,809100000.0,,653900000.0,-129200000.0,,148100000.0,376000000.0,3.82,3.79,98400000.0,99100000.0,265400000.0,,1576100000.0,219700000.0,,,,2848600000.0,,2544200000.0,7843700000.0,4015900000.0,403600000.0,17744400000.0,531600000.0,820300000.0,404200000.0,2495800000.0,,,,368600000.0,10580000000.0,7455800000.0,-411900000.0,7144400000.0,17744400000.0,277100000.0,52000000.0,15200000.0,91100000.0,1700000.0,,,-109000000.0,-5000000.0,,419300000.0,,,,,703700000.0,179400000.0,,,-891300000.0,,,311700000.0,-161400000.0,119600000.0
2019-09-30,8601400000.0,6169600000.0,2431800000.0,,1210600000.0,,993800000.0,-181800000.0,,214400000.0,596700000.0,6.08,6.04,98100000.0,98800000.0,361100000.0,,1617200000.0,234900000.0,,,,2987800000.0,,2462800000.0,7815300000.0,4021300000.0,458900000.0,17847800000.0,607800000.0,830300000.0,403800000.0,2554900000.0,,,,348300000.0,10597000000.0,7676500000.0,-502200000.0,7231100000.0,17847800000.0,421400000.0,83500000.0,23300000.0,144300000.0,14500000.0,,,-28200000.0,-1000000.0,,874900000.0,,,,,852900000.0,272000000.0,,,-1131000000.0,,,196700000.0,-65700000.0,181600000.0
2019-12-31,11554800000.0,8302300000.0,3252500000.0,,1624500000.0,,1330200000.0,-225300000.0,,280000000.0,823800000.0,8.42,8.35,97900000.0,98600000.0,337500000.0,,1543900000.0,244700000.0,447900000.0,,,2981200000.0,,2636600000.0,7865000000.0,4034500000.0,435400000.0,18046400000.0,632300000.0,942400000.0,451000000.0,2655800000.0,,,,383200000.0,10459300000.0,7903600000.0,-372400000.0,7567000000.0,18046400000.0,577200000.0,107000000.0,29200000.0,64100000.0,21900000.0,,,-12800000.0,38100000.0,,1444700000.0,,,,,876000000.0,400200000.0,0.0,,-1283100000.0,,-40600000.0,-252700000.0,-89300000.0,216800000.0
2020-03-31,2823800000.0,2095800000.0,728000000.0,,395500000.0,,-192600000.0,-75100000.0,,49200000.0,-317200000.0,-3.27,-3.27,97200000.0,97200000.0,323600000.0,,1482200000.0,254000000.0,,,,2891100000.0,,2609600000.0,7388500000.0,3905100000.0,430600000.0,17298400000.0,568700000.0,828100000.0,432900000.0,2458000000.0,,,,369400000.0,10259800000.0,7529000000.0,-517900000.0,7020100000.0,17298400000.0,144600000.0,17900000.0,5100000.0,-46700000.0,10600000.0,,,-56500000.0,-11200000.0,,203800000.0,,,,,0.0,106600000.0,,,-106600000.0,,,-102800000.0,-13900000.0,5800000.0
2020-06-30,5592600000.0,4104100000.0,1488500000.0,,791800000.0,,297700000.0,-75800000.0,,114600000.0,231600000.0,2.38,2.37,97300000.0,97700000.0,557000000.0,,1661000000.0,342300000.0,,,,3413200000.0,,2627700000.0,7422700000.0,3877200000.0,431100000.0,17849100000.0,534100000.0,1032700000.0,473300000.0,3034400000.0,,,,415600000.0,10476900000.0,7760600000.0,-449000000.0,7352700000.0,17849100000.0,288500000.0,57700000.0,-29400000.0,124200000.0,98400000.0,,,-88900000.0,28900000.0,,574500000.0,,,,,11300000.0,205100000.0,,,-230000000.0,,,-119700000.0,219500000.0,15100000.0
2020-09-30,9488700000.0,6440800000.0,3047900000.0,,1211300000.0,,1152200000.0,-175700000.0,,358000000.0,703400000.0,7.22,7.17,97400000.0,98100000.0,667200000.0,,2095200000.0,392500000.0,,,,4085600000.0,,2608600000.0,7613800000.0,3920500000.0,437000000.0,18739600000.0,639500000.0,1297800000.0,494800000.0,3009900000.0,,,,473200000.0,10480600000.0,8464000000.0,-314600000.0,8239100000.0,18739600000.0,440800000.0,84900000.0,-48500000.0,546900000.0,147500000.0,,,17300000.0,44100000.0,,1360700000.0,,,,,208800000.0,282300000.0,,,-515200000.0,,,-516400000.0,329700000.0,217500000.0
2020-12-31,13978500000.0,9025700000.0,4952800000.0,,1729300000.0,,2445400000.0,-226300000.0,,662100000.0,1556100000.0,15.99,15.88,97300000.0,98000000.0,1320800000.0,,2479800000.0,423200000.0,511800000.0,,,5125400000.0,,2729600000.0,7751500000.0,3961100000.0,410000000.0,20071700000.0,638900000.0,1357700000.0,506500000.0,3078500000.0,,,,526400000.0,10691300000.0,9402300000.0,-161900000.0,9359700000.0,20071700000.0,624700000.0,111700000.0,-47000000.0,913400000.0,196600000.0,,,-5300000.0,48400000.0,,2135300000.0,,,,,267600000.0,381700000.0,,,-643200000.0,,-34500000.0,-517400000.0,983300000.0,500000000.0
2021-03-31,4161500000.0,2562500000.0,1599000000.0,,429800000.0,,1057900000.0,-36100000.0,,251700000.0,769600000.0,7.88,7.82,97600000.0,98500000.0,1890800000.0,,2323500000.0,427500000.0,,,,5638100000.0,,2697000000.0,7720500000.0,3834000000.0,422300000.0,20417100000.0,621300000.0,1508100000.0,540300000.0,3368700000.0,,,,486900000.0,10374700000.0,10171900000.0,-226500000.0,10021500000.0,20417100000.0,183900000.0,28700000.0,-27800000.0,-146700000.0,4700000.0,,,-16900000.0,31800000.0,,1157600000.0,,,,,34100000.0,95400000.0,,,-132400000.0,,,-450100000.0,570000000.0,40800000.0
2021-06-30,8002200000.0,5138400000.0,2863800000.0,,888500000.0,,1762000000.0,-89600000.0,,434300000.0,1237000000.0,12.69,12.58,97500000.0,98400000.0,1963200000.0,,2210100000.0,421300000.0,,,,5693500000.0,,2701800000.0,7744500000.0,3753800000.0,417700000.0,20417100000.0,599900000.0,1317900000.0,546700000.0,2667100000.0,,,,502900000.0,10151000000.0,10417400000.0,-181200000.0,10245100000.0,20417100000.0,371000000.0,52600000.0,-85500000.0,-265000000.0,17500000.0,,,-44300000.0,37700000.0,,1644800000.0,,,,,34100000.0,192600000.0,,,-222800000.0,,,-775500000.0,642400000.0,591600000.0
2021-09-30,12064800000.0,7815500000.0,4249300000.0,,1408400000.0,,2528900000.0,-88300000.0,,614700000.0,1824300000.0,18.79,18.63,97100000.0,97900000.0,2036500000.0,,2335400000.0,410700000.0,,,,6020500000.0,,2692200000.0,7906800000.0,3755100000.0,406000000.0,20866500000.0,669400000.0,1423800000.0,593900000.0,2888400000.0,,,,494000000.0,10321400000.0,10786600000.0,-270900000.0,10524500000.0,20866500000.0,557100000.0,111600000.0,-102000000.0,-135600000.0,6500000.0,,,34600000.0,83800000.0,,2412100000.0,,,,,326000000.0,310400000.0,,,-630100000.0,,,-1057200000.0,715700000.0,789900000.0
2021-12-31,16120900000.0,10496600000.0,5624300000.0,,1952100000.0,,3259500000.0,,,747100000.0,2377300000.0,24.6,24.39,96700000.0,97500000.0,1472700000.0,,2261500000.0,401400000.0,490900000.0,,,5330500000.0,,2815400000.0,7958900000.0,3735500000.0,462600000.0,20385400000.0,621300000.0,1404100000.0,558500000.0,2782900000.0,,,,402000000.0,10091400000.0,10456800000.0,-191900000.0,10273400000.0,20385400000.0,745100000.0,153700000.0,-78000000.0,-222000000.0,-2800000.0,,,-10200000.0,45000000.0,,3109600000.0,,,,,496900000.0,460400000.0,,,-884600000.0,,-47400000.0,-2065800000.0,151900000.0,1000000000.0
2022-03-31,3899600000.0,2666700000.0,1232900000.0,,464100000.0,,687900000.0,,,148000000.0,491600000.0,5.27,5.23,93200000.0,94000000.0,1233500000.0,,2239600000.0,440700000.0,,,,5229500000.0,,2807600000.0,8165800000.0,3972500000.0,462600000.0,20728400000.0,623600000.0,1260400000.0,556000000.0,2641500000.0,,,,489800000.0,9986700000.0,10948400000.0,-264900000.0,10721100000.0,20728400000.0,161500000.0,38200000.0,-19000000.0,-20400000.0,37400000.0,,,-5500000.0,-2900000.0,,356000000.0,,,,,455100000.0,117200000.0,,,-573100000.0,,,-17700000.0,-239200000.0,28900000.0
2022-06-30,7596500000.0,5240900000.0,2355600000.0,,950100000.0,,1213800000.0,,,265500000.0,850200000.0,9.17,9.11,92700000.0,93300000.0,1068800000.0,,2216400000.0,436300000.0,,,,5030800000.0,,2870200000.0,8114000000.0,3864900000.0,436800000.0,20403100000.0,754700000.0,1139800000.0,544200000.0,2642900000.0,,,,484500000.0,9982400000.0,10897900000.0,-505500000.0,10400700000.0,20403100000.0,320600000.0,77600000.0,-35500000.0,-21400000.0,35700000.0,,,131900000.0,-6200000.0,,928500000.0,,,,,554900000.0,260500000.0,,,-815600000.0,,,-497400000.0,-403900000.0,291500000.0
2022-09-30,11202600000.0,7787300000.0,3415300000.0,,1460100000.0,,1683200000.0,,,333900000.0,1203000000.0,13.09,13.02,91900000.0,92400000.0,409900000.0,,2164200000.0,467700000.0,,,,4371800000.0,,2884700000.0,8217600000.0,3807800000.0,451000000.0,19826000000.0,765500000.0,1040800000.0,530900000.0,2522300000.0,,,,433900000.0,9714900000.0,10845000000.0,-761000000.0,10092200000.0,19826000000.0,477700000.0,113900000.0,-51600000.0,-51800000.0,47500000.0,,,135100000.0,-10700000.0,,1302300000.0,,,,,1013600000.0,364000000.0,,,-1378900000.0,,,-949600000.0,-1062800000.0,422500000.0
2022-12-31,14876800000.0,10491700000.0,4385100000.0,,1996600000.0,,1773900000.0,,,302000000.0,1279100000.0,14.05,13.97,91100000.0,91600000.0,430000000.0,,2222000000.0,470600000.0,598500000.0,,,4625000000.0,,2956200000.0,8121000000.0,3946900000.0,432700000.0,20155100000.0,934800000.0,1068800000.0,582100000.0,3078500000.0,,,,422800000.0,10039600000.0,10581700000.0,-493200000.0,10096600000.0,20155100000.0,633900000.0,144100000.0,7200000.0,-15900000.0,45500000.0,,,307100000.0,35300000.0,,1955900000.0,,,,,1164000000.0,481900000.0,,,-1652200000.0,,,-1322200000.0,-1042700000.0,504700000.0
2023-03-31,3777900000.0,2803200000.0,974700000.0,,553600000.0,,341000000.0,,,64500000.0,212900000.0,2.41,2.39,88400000.0,89000000.0,393900000.0,,2344800000.0,481400000.0,,,,4695000000.0,,2944100000.0,8116000000.0,3912300000.0,459100000.0,20200000000.0,880700000.0,929500000.0,586700000.0,2885600000.0,,,,413600000.0,9839200000.0,10729900000.0,-444200000.0,10341500000.0,20200000000.0,165900000.0,40600000.0,1800000.0,117500000.0,10000000.0,,,-56400000.0,2500000.0,,121200000.0,,,,,-200000.0,93900000.0,,,-99700000.0,,,-60600000.0,-36100000.0,33000000.0
2023-06-30,6071500000.0,4379200000.0,1692300000.0,,963000000.0,,596100000.0,,,113700000.0,401800000.0,4.53,4.51,88700000.0,89000000.0,1930600000.0,,1904800000.0,487800000.0,,,,5120900000.0,,2762100000.0,6182200000.0,3154100000.0,425800000.0,17718700000.0,713100000.0,657800000.0,349700000.0,2183300000.0,,,,418500000.0,8913900000.0,8836200000.0,-153700000.0,8785000000.0,17718700000.0,285000000.0,67300000.0,16200000.0,107600000.0,16100000.0,,,-160300000.0,34800000.0,,472600000.0,,,,,136900000.0,181500000.0,,,-353300000.0,,,1484400000.0,1610000000.0,133300000.0
2023-09-30,9128300000.0,6584800000.0,2543500000.0,,1488500000.0,,848400000.0,,,168800000.0,585100000.0,6.66,6.63,87900000.0,88300000.0,727900000.0,,1957000000.0,461100000.0,,,,3954200000.0,,2820500000.0,6331900000.0,3275600000.0,456600000.0,16886000000.0,690600000.0,689700000.0,360800000.0,2900800000.0,,,,423000000.0,8993500000.0,8069500000.0,-208800000.0,7873100000.0,16886000000.0,430900000.0,101700000.0,-18200000.0,173600000.0,-9700000.0,,,-188600000.0,50700000.0,,748100000.0,,,,,516700000.0,286400000.0,,,-840900000.0,,,387200000.0,297900000.0,181200000.0
2023-12-31,12161600000.0,8796700000.0,3364900000.0,,2021400000.0,,725600000.0,,,188500000.0,418000000.0,4.8,4.77,87100000.0,87600000.0,536800000.0,,1913300000.0,474600000.0,644900000.0,,,3765400000.0,,2911800000.0,6142500000.0,3342000000.0,536500000.0,16725100000.0,827500000.0,804000000.0,421700000.0,3225200000.0,,,,409300000.0,8834600000.0,7888200000.0,-59300000.0,7875000000.0,16725100000.0,577300000.0,128700000.0,-78100000.0,103800000.0,700000.0,,,-42400000.0,105500000.0,,1327700000.0,,,,,671500000.0,453600000.0,,,-1171500000.0,,,-59300000.0,106800000.0,206800000.0
2024-03-31,3176600000.0,2279300000.0,897300000.0,,508400000.0,,321300000.0,,,69100000.0,228000000.0,2.71,2.69,84100000.0,84700000.0,99300000.0,,2083700000.0,475000000.0,,,,3456500000.0,,2897800000.0,6218900000.0,3394100000.0,546000000.0,16531000000.0,695500000.0,649300000.0,377500000.0,3941500000.0,,,,468200000.0,8556200000.0,8055300000.0,-185400000.0,7959600000.0,16531000000.0,154500000.0,31600000.0,-19500000.0,187100000.0,600000.0,,,-121100000.0,-41600000.0,,-29800000.0,,,,,259200000.0,133800000.0,,,-393100000.0,,,-11700000.0,-437500000.0,21500000.0
2024-06-30,6397500000.0,4573800000.0,1823700000.0,,1066200000.0,,616100000.0,,,131200000.0,433300000.0,5.15,5.13,84100000.0,84500000.0,265100000.0,,2088900000.0,441800000.0,,,,3571300000.0,,2932500000.0,6220200000.0,3332000000.0,638800000.0,16712300000.0,760600000.0,707500000.0,388300000.0,4064700000.0,,,,483900000.0,8691500000.0,8177600000.0,-192000000.0,8005800000.0,16712300000.0,311400000.0,62400000.0,-39100000.0,192200000.0,-27700000.0,,,-51700000.0,-30800000.0,,531300000.0,,,,,293100000.0,262000000.0,,,-578100000.0,,,-221700000.0,-271700000.0,153000000.0
2024-09-30,9679500000.0,6951400000.0,2728100000.0,,1634800000.0,,870200000.0,,,172200000.0,602600000.0,7.17,7.13,84000000.0,84500000.0,1517300000.0,,2058500000.0,483100000.0,,,,4909900000.0,,3050000000.0,6482400000.0,3540700000.0,612600000.0,18612500000.0,660900000.0,757500000.0,403100000.0,3412000000.0,,,,528200000.0,10427100000.0,8275800000.0,-113200000.0,8170200000.0,18612500000.0,472900000.0,89400000.0,-58600000.0,143200000.0,-2000000.0,,,-138200000.0,-27900000.0,,808600000.0,,,,,751200000.0,377800000.0,,,-1157200000.0,,,1326600000.0,980500000.0,194500000.0
,,,,,,,,,,,,,,,,,,,,,,,,,,,,,,,,,,,,,,,,,,,,,,,,,,,,,,,,,,,,,,,,,,,
,,,,,,,,,,,,,,,,,,,,,,,,,,,,,,,,,,,,,,,,,,,,,,,,,,,,,,,,,,,,,,,,,,,
