Date,Net sales,Cost of sales,Gross margin,Research and development,"Selling, general and administrative",Total operating expenses,Operating income,"Other income/(expense), net",Income before provision for income taxes,Provision for income taxes,Net income,Earnings per share basic,Earnings per share diluted,Weighted-average basic,Weighted-average diluted,Cash and cash equivalents,Short-term marketable securities,"Accounts receivable, net",Inventories,Deferred tax assets,Vendor non-trade receivables,Other current assets,Total current assets,Long-term marketable securities,"Property, Plant and Equipment, Net",Goodwill,"Acquired intangible assets, net","Other Assets, Noncurrent",Total assets,accounts payable,Accrued expenses,Deferred revenue,Total current liabilities,Deferred revenue - non-current,deferred tax liabilities,long term taxes payable,Total other non-current liabilities,Total liabilities,Retained Earnings (Accumulated Deficit),Accumulated other comprehensive (loss)/income,Total shareholders equity,Total liabilities and shareholders' equity,"Depreciation, amortization and accretion",Stock-based compensation expense,Deferred income tax expense,"Increase (Decrease) in Accounts receivable, net",Increase (Decrease) in Inventories,Increase (Decrease) in Other Receivables,Increase (Decrease) in Other Operating Assets,Increase (Decrease) in Accounts Payable,Increase (Decrease) in Deferred Revenue,Increase (Decrease) Other liabilities,Cash generated by operating activities,Purchases of marketable securities,Proceeds from maturities of marketable securities,Proceeds from sales of marketable securities,Purchases of other long-term investments,"Business acquisitions, net of cash acquired",Cash payments for capital asset purchases,Payments for acquisition of intangible assets,Payments for (Proceeds from) Other Investing Activities,Cash used in investing activities,Proceeds from issuance of common stock,Excess tax benefits from stock-based compensation,Cash generated/used in financing activities,Increase/(decrease) in cash and cash equivalents,"Cash paid for income taxes, net"
2010-01-01,2420700000.0,1590700000.0,,,,427800000.0,,,366000000.0,122000000.0,244000000.0,1.86,1.85,131300000.0,131600000.0,310200000.0,,,672200000.0,142700000.0,,66100000.0,1874600000.0,,521500000.0,1576800000.0,315400000.0,148700000.0,4529700000.0,284400000.0,,,1010700000.0,,,,189600000.0,,1436600000.0,-14700000.0,2013500000.0,4529700000.0,,21200000.0,1100000.0,,-72000000.0,,,,,,321400000.0,,,,,33700000.0,38500000.0,,,-76100000.0,,,-218700000.0,29000000.0,
2010-04-02,3750200000.0,2410700000.0,,,,672800000.0,,,612300000.0,202100000.0,410200000.0,3.13,3.12,131000000.0,131300000.0,405700000.0,,,647200000.0,144300000.0,,58100000.0,1911900000.0,,584300000.0,1576800000.0,306400000.0,154600000.0,4627700000.0,341500000.0,,,1013100000.0,,,,185300000.0,,1537300000.0,-12000000.0,2116900000.0,4627700000.0,,28800000.0,-600000.0,,-46900000.0,,,,,,635300000.0,,,,,40200000.0,129900000.0,,,-176400000.0,,,-336600000.0,124500000.0,
2010-07-02,5206100000.0,3334400000.0,1871700000.0,,,958900000.0,,-1900000.0,840300000.0,278700000.0,561600000.0,4.31,4.28,,130000000.0,455200000.0,,,615300000.0,145300000.0,,37500000.0,1995700000.0,,609700000.0,1576200000.0,297800000.0,147600000.0,4734700000.0,329400000.0,,,1042900000.0,,,,192700000.0,,1621400000.0,-20400000.0,2189600000.0,4734700000.0,,35300000.0,-10200000.0,,13900000.0,,,,,,802700000.0,,,,,52100000.0,189900000.0,,,-250100000.0,,,-380900000.0,174000000.0,
2010-10-01,1405400000.0,881100000.0,,,,255200000.0,,-400000.0,251500000.0,87600000.0,163900000.0,1.28,1.27,126800000.0,127700000.0,341400000.0,,,670800000.0,148500000.0,,63300000.0,1933300000.0,,672200000.0,1936200000.0,412900000.0,187900000.0,5206700000.0,390700000.0,,,1418300000.0,,,,188200000.0,,1715100000.0,-10900000.0,2293700000.0,5206700000.0,,16000000.0,,,20300000.0,,,,,,294900000.0,,,,,518000000.0,37100000.0,,,-569400000.0,,,159000000.0,-113800000.0,
2010-12-31,2843900000.0,1821600000.0,,,,510400000.0,,-1300000.0,473400000.0,158400000.0,315000000.0,2.46,2.44,126300000.0,127300000.0,740800000.0,,,651900000.0,153400000.0,,64900000.0,2370400000.0,,706900000.0,1935300000.0,396300000.0,198400000.0,5667400000.0,362700000.0,,,1069300000.0,,,,206700000.0,,1795900000.0,-3100000.0,2387900000.0,5667400000.0,,26100000.0,,,1500000.0,,,,,,389300000.0,,,,,518000000.0,101000000.0,,,-636200000.0,,,529500000.0,285600000.0,
2011-04-01,4257200000.0,2717900000.0,,,,796000000.0,,-1600000.0,679800000.0,225600000.0,454500000.0,3.57,3.54,125900000.0,126900000.0,885100000.0,,,693900000.0,156500000.0,,70700000.0,2633000000.0,,758800000.0,1963400000.0,416000000.0,214600000.0,6029300000.0,382600000.0,,,1310100000.0,,,,212600000.0,,1864800000.0,17600000.0,2484500000.0,6029300000.0,,36500000.0,,,44600000.0,,,,,,556800000.0,,,,,548400000.0,186100000.0,,,-754600000.0,,,622600000.0,429900000.0,
2011-07-01,5924600000.0,3810500000.0,,,,1143900000.0,,-1900000.0,880700000.0,293600000.0,588000000.0,4.63,4.6,,126300000.0,366900000.0,,,720800000.0,171000000.0,,64300000.0,2216800000.0,,872800000.0,2381400000.0,502400000.0,193700000.0,6172800000.0,450800000.0,,,1430500000.0,,,,222200000.0,,1889000000.0,18700000.0,2502000000.0,6172800000.0,,46100000.0,29600000.0,,64700000.0,,,,,,833100000.0,,,,,1082600000.0,311300000.0,,,-1417500000.0,,,492800000.0,-88300000.0,
2011-09-30,1460300000.0,966700000.0,,,,290900000.0,,700000.0,176300000.0,55200000.0,121600000.0,1.01,1.01,118800000.0,119400000.0,305400000.0,,,690500000.0,163900000.0,,85500000.0,2182200000.0,,906000000.0,2363300000.0,477700000.0,171800000.0,6131000000.0,409100000.0,,,1725700000.0,,23100000.0,,207500000.0,,1666400000.0,-18600000.0,2159500000.0,6131000000.0,,9300000.0,,,-32200000.0,,,,,,78700000.0,,,,,0.0,77400000.0,,,-81900000.0,,,-55800000.0,-61500000.0,
2011-12-30,2906700000.0,1900600000.0,,,,577300000.0,,3600000.0,377300000.0,123900000.0,254700000.0,2.17,2.16,116100000.0,116500000.0,387000000.0,,,701300000.0,154400000.0,,73500000.0,2227800000.0,,894400000.0,2358900000.0,472100000.0,182700000.0,6172200000.0,348100000.0,,,1661100000.0,,20900000.0,,238500000.0,,1754200000.0,-28900000.0,2243800000.0,6172200000.0,,16600000.0,,,-21500000.0,,,,,,278000000.0,,,,,14000000.0,111300000.0,0.0,,-136500000.0,,,-120300000.0,20100000.0,
2012-03-30,4372300000.0,2823300000.0,,,,864100000.0,,11700000.0,-202900000.0,183000000.0,-353200000.0,-3.15,-3.15,114900000.0,115500000.0,299000000.0,,,743000000.0,155700000.0,,73200000.0,2208600000.0,,701700000.0,1990600000.0,453000000.0,164500000.0,5648900000.0,346900000.0,,,1503900000.0,,0.0,,247700000.0,,1343600000.0,11500000.0,1893400000.0,5648900000.0,,26400000.0,,,18700000.0,,,,,,483200000.0,,,,,14000000.0,157400000.0,0.0,,-190300000.0,,,-362700000.0,-67900000.0,
2012-06-29,374300000.0,3569300000.0,,,,940900000.0,,11500000.0,841900000.0,286000000.0,30600000.0,0.26,0.26,,114800000.0,356000000.0,,,617800000.0,160500000.0,,71200000.0,2600400000.0,,659400000.0,1695300000.0,421700000.0,135700000.0,5592800000.0,381000000.0,,,1414400000.0,,,,239800000.0,,1416600000.0,-22600000.0,1938900000.0,5592800000.0,260300000.0,34700000.0,12100000.0,,25200000.0,,,,,,852900000.0,,,,1000000.0,14100000.0,209900000.0,,,-248900000.0,,,-609800000.0,-10900000.0,
2012-09-28,1261500000.0,848300000.0,,,,198200000.0,,0.0,187600000.0,59300000.0,-85800000.0,-0.77,-0.76,111900000.0,112600000.0,326800000.0,,,646800000.0,173900000.0,,83100000.0,2358400000.0,,668600000.0,1709500000.0,405900000.0,139500000.0,5354300000.0,298100000.0,,,1255300000.0,,,,256400000.0,,1251300000.0,14800000.0,1846400000.0,5354300000.0,,6000000.0,,,43600000.0,,,,,,120500000.0,,,,800000.0,,39900000.0,,,-36600000.0,,,-116100000.0,-29200000.0,
2012-12-28,2548400000.0,1693700000.0,,,,411300000.0,,-1100000.0,387800000.0,121000000.0,48500000.0,0.43,0.43,112300000.0,112900000.0,328100000.0,,,624500000.0,174400000.0,,77700000.0,2259200000.0,,666600000.0,1709200000.0,380300000.0,144100000.0,5241300000.0,299000000.0,,,1163200000.0,,,,269500000.0,,1222200000.0,10100000.0,1822800000.0,5241300000.0,,15000000.0,,,9900000.0,,,,,,279500000.0,,,,800000.0,0.0,79900000.0,,,-71600000.0,,,-238800000.0,-27900000.0,
2013-03-29,3752100000.0,2497200000.0,,,,613800000.0,,-1600000.0,558200000.0,166800000.0,94800000.0,0.85,0.85,111500000.0,112100000.0,459000000.0,,,646300000.0,152400000.0,,89800000.0,2125300000.0,,666900000.0,1693100000.0,357800000.0,163500000.0,5076300000.0,298400000.0,,,1441600000.0,,,,282200000.0,,1163700000.0,-43300000.0,1673400000.0,5076300000.0,,25600000.0,,,31700000.0,,,,,,513200000.0,,,,800000.0,0.0,124900000.0,,,27000000.0,,,-438300000.0,103000000.0,
2013-06-28,420300000.0,3385000000.0,,,,914500000.0,,-40700000.0,664600000.0,202700000.0,113000000.0,1.01,1.01,,111200000.0,321000000.0,,,668700000.0,121200000.0,,77200000.0,1948100000.0,,653200000.0,1692000000.0,308100000.0,132200000.0,4858400000.0,339500000.0,,,1297400000.0,,,,325900000.0,,1079900000.0,-58600000.0,1561300000.0,4858400000.0,220600000.0,32900000.0,-19500000.0,,54100000.0,,,,,,833000000.0,,,,800000.0,0.0,164800000.0,,,-19700000.0,,,-839700000.0,-35000000.0,
2013-09-27,1191900000.0,774500000.0,,,,207800000.0,,1300000.0,187800000.0,60400000.0,125800000.0,1.17,1.16,106400000.0,107300000.0,337200000.0,,,656300000.0,115300000.0,,78700000.0,1889500000.0,,651900000.0,1703100000.0,297300000.0,143600000.0,4780700000.0,315100000.0,,,1136500000.0,,,,343300000.0,,1090200000.0,-34200000.0,1630300000.0,4780700000.0,,8400000.0,,,-12400000.0,,,,,,172600000.0,,,,0.0,,33400000.0,,,-6400000.0,,,-153900000.0,16200000.0,
2013-12-27,2415100000.0,1569900000.0,,,,412500000.0,,4500000.0,391100000.0,126600000.0,262000000.0,2.44,2.42,106300000.0,107300000.0,334400000.0,,,688800000.0,119100000.0,,92200000.0,1972400000.0,,668900000.0,1702100000.0,285800000.0,155400000.0,4884100000.0,341500000.0,,,1150800000.0,,,,352500000.0,,1146900000.0,-38900000.0,1713600000.0,4884100000.0,,18500000.0,,,20000000.0,,,,,,279500000.0,,,,0.0,,85000000.0,,,-58000000.0,,,-206900000.0,13400000.0,
2014-03-28,3682600000.0,2410900000.0,,,,615700000.0,,4700000.0,592100000.0,190500000.0,403400000.0,3.77,3.73,106300000.0,107400000.0,349600000.0,,,674000000.0,113400000.0,,89800000.0,2053300000.0,,685500000.0,1703600000.0,270800000.0,157500000.0,4958600000.0,355500000.0,,,1175900000.0,,,,324600000.0,,1199000000.0,-32100000.0,1795400000.0,4958600000.0,,28500000.0,,,5300000.0,,,,,,454000000.0,,,,0.0,,139700000.0,3300000.0,,-116000000.0,,,-300500000.0,28600000.0,
2014-06-27,5012000000.0,3310500000.0,,,,819600000.0,,4300000.0,795400000.0,256200000.0,534800000.0,5.0,4.95,,107300000.0,561000000.0,,,618700000.0,112200000.0,,105200000.0,1991300000.0,,728100000.0,1711200000.0,257500000.0,155800000.0,4931200000.0,324300000.0,,,1114600000.0,,,,331600000.0,,1226300000.0,-14900000.0,1826000000.0,4931200000.0,204300000.0,35400000.0,19800000.0,,-50100000.0,,,,,,849200000.0,,,,0.0,0.0,209300000.0,3300000.0,,-162600000.0,,,-448100000.0,240000000.0,
2014-09-26,1155400000.0,762600000.0,,,,195200000.0,,0.0,175500000.0,50400000.0,125100000.0,1.19,1.18,104600000.0,105800000.0,449100000.0,,,648300000.0,112900000.0,,96600000.0,1924600000.0,,730500000.0,1698800000.0,240500000.0,158500000.0,4836600000.0,302900000.0,,,1082200000.0,,,,302100000.0,,1231400000.0,-35600000.0,1796100000.0,4836600000.0,,8000000.0,,,29700000.0,,,,,,80100000.0,,,,,,41000000.0,,,-34000000.0,,,-150100000.0,-111900000.0,
2015-01-02,2361700000.0,1570400000.0,,,,382700000.0,,200000.0,364700000.0,100100000.0,264600000.0,2.52,2.5,104300000.0,105300000.0,469500000.0,,,649600000.0,116300000.0,,107000000.0,1946000000.0,,724500000.0,1676500000.0,223900000.0,158400000.0,4798200000.0,292100000.0,,,1027900000.0,,,,305800000.0,,1286500000.0,-77900000.0,1811600000.0,4798200000.0,,17400000.0,,,30900000.0,,,,,,222200000.0,,,,,,79100000.0,,,-72100000.0,,,-219500000.0,-91500000.0,
2015-04-03,3548300000.0,2323800000.0,,,,603500000.0,,500000.0,543700000.0,153500000.0,390300000.0,3.73,3.69,104100000.0,105200000.0,487700000.0,,,635700000.0,116800000.0,,113800000.0,2022100000.0,,705500000.0,1665000000.0,207200000.0,163500000.0,4834500000.0,279600000.0,,,1047600000.0,,,,296700000.0,,1363100000.0,-139100000.0,1840700000.0,4834500000.0,,26000000.0,,,17000000.0,,,,,,395200000.0,,,,,,102300000.0,0.0,,-95300000.0,,,-335900000.0,-73300000.0,
2015-07-03,5083000000.0,3362000000.0,,,,1008000000.0,,-108000000.0,477000000.0,143000000.0,334000000.0,3.15,3.11,,106800000.0,481000000.0,,,1015000000.0,341000000.0,,165000000.0,3524000000.0,,1165000000.0,6348000000.0,1775000000.0,154000000.0,13129000000.0,581000000.0,,,2281000000.0,,,7000000.0,372000000.0,,1258000000.0,-16000000.0,3397000000.0,13129000000.0,244000000.0,37000000.0,-28000000.0,,-20000000.0,,,,,,854000000.0,,,,0.0,3186000000.0,148000000.0,0.0,,-3284000000.0,,,2373000000.0,-80000000.0,
2015-10-02,1811000000.0,1220000000.0,,,,329000000.0,,1000000.0,216000000.0,68000000.0,148000000.0,1.2,1.18,123500000.0,124700000.0,320000000.0,,,1107000000.0,346000000.0,,132000000.0,3053000000.0,,1150000000.0,6321000000.0,1729000000.0,146000000.0,12564000000.0,455000000.0,,,1871000000.0,,14000000.0,,372000000.0,,1342000000.0,-48000000.0,3462000000.0,12564000000.0,,10000000.0,,,108000000.0,,,,,,64000000.0,,,,,,26000000.0,,,-24000000.0,,,-192000000.0,-161000000.0,
2016-01-01,3654000000.0,2501000000.0,,,,568000000.0,,1000000.0,127000000.0,114000000.0,-152000000.0,-1.23,-1.23,123800000.0,124700000.0,511000000.0,,,1070000000.0,0.0,,122000000.0,2835000000.0,,1102000000.0,5989000000.0,1643000000.0,152000000.0,12097000000.0,558000000.0,,,2139000000.0,,11000000.0,,449000000.0,,1127000000.0,-66000000.0,3251000000.0,12097000000.0,,19000000.0,,,91000000.0,,,,,,387000000.0,,,,,,51000000.0,,,-49000000.0,,,-295000000.0,30000000.0,
2016-04-01,5563000000.0,3813000000.0,,,,877000000.0,,-1000000.0,368000000.0,185000000.0,168000000.0,1.35,1.34,124000000.0,125100000.0,302000000.0,,,992000000.0,,,139000000.0,2866000000.0,,1007000000.0,5940000000.0,1576000000.0,149000000.0,11900000000.0,529000000.0,,,2012000000.0,,8000000.0,,478000000.0,,1232000000.0,-70000000.0,3366000000.0,11900000000.0,,29000000.0,,,22000000.0,,,,,,507000000.0,,,,,,84000000.0,,,-112000000.0,,,-560000000.0,-179000000.0,
2016-07-01,7467000000.0,5132000000.0,,,,1186000000.0,,10000000.0,611000000.0,266000000.0,324000000.0,2.61,2.59,,125000000.0,487000000.0,,,964000000.0,,,144000000.0,2608000000.0,,1015000000.0,5975000000.0,1542000000.0,258000000.0,11996000000.0,602000000.0,,,1964000000.0,,,9000000.0,550000000.0,,1330000000.0,-495000000.0,3056000000.0,11996000000.0,361000000.0,39000000.0,285000000.0,,28000000.0,,,,,,924000000.0,,,,,0.0,154000000.0,0.0,,-1000000.0,,,-893000000.0,6000000.0,
2016-09-30,1754000000.0,1175000000.0,,,,311000000.0,,0.0,225000000.0,65000000.0,160000000.0,1.29,1.27,123900000.0,125500000.0,284000000.0,,,962000000.0,,,182000000.0,2425000000.0,,988000000.0,5994000000.0,1501000000.0,260000000.0,11778000000.0,508000000.0,,,1856000000.0,,5000000.0,,577000000.0,,1384000000.0,-497000000.0,3053000000.0,11778000000.0,,11000000.0,,,-2000000.0,,,,,,43000000.0,,,,,,21000000.0,,,-46000000.0,,,-201000000.0,-203000000.0,
2016-12-30,3378000000.0,2258000000.0,,,,572000000.0,,2000000.0,463000000.0,139000000.0,337000000.0,2.71,2.68,123800000.0,126000000.0,361000000.0,,,1001000000.0,,,133000000.0,2612000000.0,,908000000.0,5848000000.0,1437000000.0,263000000.0,11618000000.0,540000000.0,,,1665000000.0,,4000000.0,,560000000.0,,1495000000.0,-523000000.0,3157000000.0,11618000000.0,,22000000.0,,,50000000.0,,,,,,295000000.0,,,,,,49000000.0,,,-74000000.0,,,-341000000.0,-126000000.0,
2017-03-31,4358000000.0,2792000000.0,,,,768000000.0,,2000000.0,671000000.0,199000000.0,422000000.0,3.41,3.37,123300000.0,125000000.0,302000000.0,,,894000000.0,,,106000000.0,2876000000.0,,895000000.0,5367000000.0,1136000000.0,221000000.0,11107000000.0,428000000.0,,,1732000000.0,,5000000.0,,522000000.0,,1554000000.0,-461000000.0,2914000000.0,11107000000.0,,33000000.0,,,26000000.0,,,,,,489000000.0,,,,,,79000000.0,,,271000000.0,,,-942000000.0,-185000000.0,
2017-06-30,5900000000.0,3811000000.0,,,,1016000000.0,,2000000.0,905000000.0,267000000.0,,4.5,4.44,122600000.0,124300000.0,484000000.0,,,841000000.0,375000000.0,,101000000.0,2073000000.0,,904000000.0,5366000000.0,1104000000.0,234000000.0,10090000000.0,540000000.0,,,1926000000.0,,34000000.0,,507000000.0,,1343000000.0,-276000000.0,2928000000.0,10090000000.0,311000000.0,42000000.0,135000000.0,,-28000000.0,,,,,,569000000.0,,,,,0.0,119000000.0,,,870000000.0,,,-1438000000.0,-3000000.0,
2017-09-29,1413000000.0,898000000.0,,,,243000000.0,272000000.0,0.0,231000000.0,64000000.0,161000000.0,1.35,1.32,119100000.0,121200000.0,388000000.0,,,896000000.0,,,113000000.0,2127000000.0,,890000000.0,5376000000.0,1077000000.0,220000000.0,10099000000.0,452000000.0,,,1918000000.0,,35000000.0,,527000000.0,,1387000000.0,-250000000.0,2987000000.0,10099000000.0,,11000000.0,,83000000.0,56000000.0,,,-88000000.0,,,95000000.0,,,,,,23000000.0,,,-23000000.0,,,-174000000.0,-96000000.0,
2017-12-29,2948000000.0,1897000000.0,,,,507000000.0,544000000.0,-2000000.0,460000000.0,154000000.0,300000000.0,2.52,2.47,118800000.0,121100000.0,422000000.0,,,942000000.0,,,102000000.0,2132000000.0,,878000000.0,5374000000.0,1048000000.0,215000000.0,9856000000.0,462000000.0,,,1741000000.0,,34000000.0,,494000000.0,,1424000000.0,-254000000.0,2994000000.0,9856000000.0,,24000000.0,,19000000.0,102000000.0,,,-78000000.0,,,373000000.0,,,,,,43000000.0,,,-45000000.0,,,-394000000.0,-62000000.0,
2018-03-30,4516000000.0,2904000000.0,,,,812000000.0,800000000.0,-2000000.0,675000000.0,166000000.0,501000000.0,4.21,4.13,118700000.0,121100000.0,443000000.0,,,963000000.0,,,116000000.0,2414000000.0,,879000000.0,5377000000.0,1019000000.0,232000000.0,10070000000.0,494000000.0,,,2146000000.0,,49000000.0,,479000000.0,,1543000000.0,-249000000.0,3137000000.0,10070000000.0,,50000000.0,,120000000.0,122000000.0,,,-46000000.0,,,230000000.0,,,,,,79000000.0,,,-81000000.0,,,-196000000.0,-41000000.0,
2018-06-29,6182000000.0,3931000000.0,,,,1129000000.0,1122000000.0,-28000000.0,926000000.0,205000000.0,718000000.0,6.04,5.92,118600000.0,121100000.0,288000000.0,,,925000000.0,26000000.0,,101000000.0,2223000000.0,,900000000.0,5372000000.0,989000000.0,239000000.0,9839000000.0,622000000.0,,,1788000000.0,,,,517000000.0,,1692000000.0,-202000000.0,3322000000.0,9839000000.0,259000000.0,82000000.0,345000000.0,112000000.0,84000000.0,,,82000000.0,,,751000000.0,,,,,,136000000.0,,3000000.0,-141000000.0,,,-805000000.0,-196000000.0,
2018-09-28,1542000000.0,1010000000.0,,,,279000000.0,,47000000.0,257000000.0,41000000.0,213000000.0,1.81,1.77,117900000.0,120600000.0,305000000.0,,,413000000.0,,,117000000.0,2288000000.0,,898000000.0,5373000000.0,960000000.0,253000000.0,9889000000.0,480000000.0,,410000000.0,1956000000.0,,,,521000000.0,,1680000000.0,-202000000.0,3244000000.0,9889000000.0,,38000000.0,,-34000000.0,3000000.0,,,-141000000.0,38000000.0,,117000000.0,,,,,,31000000.0,,,-31000000.0,,,-69000000.0,17000000.0,
2018-12-28,3208000000.0,2105000000.0,,,,583000000.0,,94000000.0,528000000.0,87000000.0,438000000.0,3.71,3.64,117800000.0,120300000.0,343000000.0,,,425000000.0,,,118000000.0,2311000000.0,,901000000.0,5370000000.0,930000000.0,241000000.0,9852000000.0,521000000.0,,479000000.0,1822000000.0,,,,512000000.0,,1824000000.0,-211000000.0,3412000000.0,9852000000.0,,70000000.0,,28000000.0,14000000.0,,,-101000000.0,107000000.0,,469000000.0,,,,,,67000000.0,,,-67000000.0,,,-342000000.0,55000000.0,
2019-03-29,4936000000.0,3244000000.0,,,,893000000.0,,140000000.0,811000000.0,127000000.0,681000000.0,5.77,5.65,117900000.0,120300000.0,334000000.0,,,433000000.0,,,107000000.0,2285000000.0,,904000000.0,5371000000.0,902000000.0,239000000.0,9792000000.0,523000000.0,,466000000.0,1606000000.0,,,,507000000.0,,1986000000.0,-217000000.0,3607000000.0,9792000000.0,,107000000.0,,-13000000.0,22000000.0,,,-99000000.0,94000000.0,,874000000.0,,,,,,104000000.0,,,-104000000.0,,,-722000000.0,46000000.0,
2019-06-28,6801000000.0,4467000000.0,,,,1242000000.0,,188000000.0,1113000000.0,160000000.0,,8.03,7.86,118000000.0,120500000.0,530000000.0,,,360000000.0,161000000.0,,100000000.0,2578000000.0,,894000000.0,5340000000.0,870000000.0,262000000.0,10117000000.0,525000000.0,,496000000.0,2268000000.0,,,,537000000.0,,2173000000.0,-707000000.0,3363000000.0,10117000000.0,258000000.0,141000000.0,38000000.0,9000000.0,1000000.0,,,-84000000.0,124000000.0,,1185000000.0,,,,,,161000000.0,,-2000000.0,-159000000.0,,,-781000000.0,242000000.0,137000000.0
2019-09-27,4431000000.0,3242000000.0,,,,999000000.0,,79000000.0,440000000.0,5000000.0,429000000.0,1.93,1.9,222600000.0,225400000.0,1001000000.0,,,1339000000.0,,,496000000.0,7027000000.0,,2073000000.0,20749000000.0,7516000000.0,524000000.0,38947000000.0,1423000000.0,,1210000000.0,4718000000.0,,,,829000000.0,,2019000000.0,-756000000.0,22773000000.0,38947000000.0,,143000000.0,0.0,-31000000.0,-75000000.0,,,0.0,-7000000.0,,81000000.0,,,,,,84000000.0,,,1414000000.0,,,-1014000000.0,471000000.0,
2020-04-03,4626000000.0,3298000000.0,,,815000000.0,,,95000000.0,221000000.0,26000000.0,217000000.0,1.0,0.99,217300000.0,219300000.0,663000000.0,,1278000000.0,990000000.0,,,400000000.0,7211000000.0,,2032000000.0,19265000000.0,8171000000.0,530000000.0,38105000000.0,1422000000.0,,1138000000.0,5123000000.0,,,,786000000.0,,2151000000.0,-651000000.0,21898000000.0,38105000000.0,,87000000.0,-35000000.0,164000000.0,-40000000.0,,,253000000.0,-47000000.0,,533000000.0,,,,,,48000000.0,,10000000.0,-58000000.0,,,-612000000.0,-161000000.0,
2020-07-03,9071000000.0,6473000000.0,,,1719000000.0,,,200000000.0,557000000.0,84000000.0,500000000.0,2.3,2.28,216700000.0,218700000.0,1947000000.0,,1148000000.0,859000000.0,,,400000000.0,6926000000.0,,2015000000.0,19015000000.0,8336000000.0,550000000.0,37852000000.0,1094000000.0,,1106000000.0,4587000000.0,,,,863000000.0,,2250000000.0,-624000000.0,22102000000.0,37852000000.0,,40000000.0,-109000000.0,59000000.0,-175000000.0,,,-116000000.0,-80000000.0,,1335000000.0,,,,,,108000000.0,,10000000.0,845000000.0,,,-1042000000.0,1123000000.0,
2020-10-02,13534000000.0,9625000000.0,,,2484000000.0,,,296000000.0,1075000000.0,171000000.0,926000000.0,4.3,4.26,215500000.0,217300000.0,1341000000.0,,1128000000.0,894000000.0,,,383000000.0,6393000000.0,,2047000000.0,18992000000.0,8172000000.0,547000000.0,37145000000.0,1207000000.0,,1089000000.0,4666000000.0,,,,1057000000.0,,2383000000.0,-590000000.0,21313000000.0,37145000000.0,,71000000.0,-142000000.0,35000000.0,-139000000.0,,,-2000000.0,-94000000.0,,2092000000.0,,,,,,194000000.0,,10000000.0,798000000.0,,,-2373000000.0,517000000.0,
2021-01-01,18194000000.0,12886000000.0,,,3315000000.0,,,401000000.0,1322000000.0,234000000.0,1119000000.0,5.23,5.19,214000000.0,215900000.0,1276000000.0,,1344000000.0,973000000.0,1277000000.0,,307000000.0,6667000000.0,,2102000000.0,18876000000.0,7908000000.0,522000000.0,36960000000.0,1406000000.0,,1198000000.0,4240000000.0,,,,1094000000.0,,2347000000.0,-839000000.0,20724000000.0,36960000000.0,1032000000.0,94000000.0,-224000000.0,250000000.0,-60000000.0,,,173000000.0,14000000.0,,2790000000.0,,,,,,368000000.0,,12000000.0,751000000.0,,,-3112000000.0,452000000.0,394000000.0
2021-04-02,4567000000.0,3213000000.0,,,801000000.0,,,117000000.0,527000000.0,60000000.0,468000000.0,2.26,2.25,206700000.0,208500000.0,976000000.0,,1096000000.0,904000000.0,,,,7538000000.0,,2136000000.0,18252000000.0,7265000000.0,499000000.0,36590000000.0,1373000000.0,,1189000000.0,4231000000.0,,,,1045000000.0,,2529000000.0,-854000000.0,20367000000.0,36590000000.0,,33000000.0,-22000000.0,-213000000.0,-61000000.0,,,15000000.0,9000000.0,,661000000.0,,,,,,64000000.0,,-3000000.0,-61000000.0,,,-900000000.0,-300000000.0,
2021-07-02,9235000000.0,6464000000.0,,,1692000000.0,,,203000000.0,1109000000.0,229000000.0,881000000.0,4.29,4.25,205200000.0,207100000.0,2029000000.0,,1197000000.0,872000000.0,,,249000000.0,7589000000.0,,2026000000.0,18234000000.0,6958000000.0,477000000.0,36064000000.0,1406000000.0,,1205000000.0,4464000000.0,,,,1096000000.0,,2633000000.0,-835000000.0,19863000000.0,36064000000.0,,67000000.0,-151000000.0,-62000000.0,-46000000.0,,,69000000.0,86000000.0,,1381000000.0,,,,,,128000000.0,,-1000000.0,1307000000.0,,,-1937000000.0,753000000.0,
2021-10-01,13464000000.0,9385000000.0,,,2485000000.0,,,314000000.0,1695000000.0,336000000.0,1362000000.0,6.7,6.64,203300000.0,205200000.0,1126000000.0,,1027000000.0,1024000000.0,,,280000000.0,6626000000.0,,2044000000.0,18207000000.0,6796000000.0,478000000.0,35018000000.0,1608000000.0,,1174000000.0,4313000000.0,,,,1116000000.0,,2743000000.0,-303000000.0,19484000000.0,35018000000.0,,100000000.0,-102000000.0,-233000000.0,108000000.0,,,270000000.0,56000000.0,,1865000000.0,,,,,,207000000.0,,-2000000.0,1400000000.0,,,-3413000000.0,-150000000.0,
2021-12-31,,,,,,,,,,,,,,,,941000000.0,,1045000000.0,982000000.0,886000000.0,,224000000.0,6359000000.0,,,18189000000.0,6640000000.0,566000000.0,34709000000.0,1767000000.0,,1297000000.0,4551000000.0,,,,1065000000.0,,2917000000.0,-146000000.0,19213000000.0,34709000000.0,,,,,,,,,,,,,,,,,,,,,,,,,
2022-04-01,4103000000.0,2892000000.0,,,713000000.0,,,106000000.0,536000000.0,61000000.0,475000000.0,2.46,2.44,193200000.0,195100000.0,402000000.0,,1283000000.0,1090000000.0,,,249000000.0,6249000000.0,,,18194000000.0,6486000000.0,571000000.0,34444000000.0,1723000000.0,,1275000000.0,4737000000.0,,,,1056000000.0,,3128000000.0,-150000000.0,19260000000.0,34444000000.0,,28000000.0,,239000000.0,108000000.0,,,-43000000.0,-16000000.0,,39000000.0,,,,,,55000000.0,,9000000.0,-64000000.0,,,-513000000.0,-539000000.0,
2022-07-01,8238000000.0,5767000000.0,,,1489000000.0,,,214000000.0,1061000000.0,116000000.0,946000000.0,4.91,4.86,192600000.0,194500000.0,420000000.0,,1191000000.0,1241000000.0,,,233000000.0,6188000000.0,,,18143000000.0,6321000000.0,580000000.0,34138000000.0,1721000000.0,,1270000000.0,4884000000.0,,,,1057000000.0,,3312000000.0,-232000000.0,19086000000.0,34138000000.0,,69000000.0,,146000000.0,259000000.0,,,-44000000.0,-21000000.0,,788000000.0,,,,,,117000000.0,,-2000000.0,-121000000.0,,,-1174000000.0,-521000000.0,
2022-09-30,12484000000.0,8819000000.0,,,2231000000.0,,,313000000.0,740000000.0,96000000.0,646000000.0,3.36,,192200000.0,194000000.0,529000000.0,,1138000000.0,1339000000.0,,,224000000.0,6431000000.0,,,17260000000.0,6148000000.0,604000000.0,33381000000.0,2078000000.0,,1158000000.0,5853000000.0,,,,1155000000.0,,2768000000.0,-366000000.0,18337000000.0,33381000000.0,243000000.0,92000000.0,,93000000.0,357000000.0,,,312000000.0,-133000000.0,,1376000000.0,,,,,,181000000.0,,-7000000.0,-188000000.0,,,-1566000000.0,-412000000.0,
2022-12-30,17062000000.0,12135000000.0,,,2998000000.0,,1826000000.0,425000000.0,1273000000.0,212000000.0,1062000000.0,5.54,5.49,191800000.0,193500000.0,880000000.0,,1251000000.0,1291000000.0,1435000000.0,,258000000.0,6754000000.0,,,17283000000.0,6001000000.0,553000000.0,33524000000.0,1945000000.0,,1400000000.0,5776000000.0,,,,1177000000.0,,2943000000.0,-288000000.0,18523000000.0,33524000000.0,938000000.0,109000000.0,-601000000.0,210000000.0,310000000.0,,,180000000.0,121000000.0,,2158000000.0,,,,,,252000000.0,,-12000000.0,-250000000.0,,,-1951000000.0,-61000000.0,309000000.0
2023-03-31,4471000000.0,3305000000.0,,,773000000.0,,,82000000.0,373000000.0,34000000.0,337000000.0,1.77,1.76,190200000.0,191200000.0,545000000.0,,1231000000.0,1541000000.0,,,307000000.0,7000000000.0,,,18291000000.0,6688000000.0,565000000.0,35507000000.0,2054000000.0,,1525000000.0,6151000000.0,,,,1215000000.0,17099000000.0,2998000000.0,-288000000.0,18306000000.0,35507000000.0,85000000.0,23000000.0,,-48000000.0,86000000.0,,,90000000.0,97000000.0,,350000000.0,,,,,1973000000.0,71000000.0,,-1000000.0,-2048000000.0,,,1361000000.0,-335000000.0,
2023-06-30,9164000000.0,6763000000.0,,,1556000000.0,,,,745000000.0,55000000.0,686000000.0,3.61,3.6,189700000.0,190700000.0,366000000.0,,1383000000.0,1555000000.0,,,334000000.0,6850000000.0,,,18417000000.0,6401000000.0,699000000.0,35362000000.0,2029000000.0,,1648000000.0,6309000000.0,,,,1305000000.0,16831000000.0,3111000000.0,-263000000.0,18428000000.0,35362000000.0,168000000.0,45000000.0,,105000000.0,99000000.0,,,23000000.0,220000000.0,,764000000.0,,,,,1973000000.0,164000000.0,,-1000000.0,-2074000000.0,,,794000000.0,-514000000.0,
2023-09-29,14079000000.0,10371000000.0,,,2384000000.0,,,,1145000000.0,73000000.0,1069000000.0,5.64,5.61,189600000.0,190600000.0,499000000.0,,1381000000.0,1638000000.0,,,463000000.0,7501000000.0,,,20736000000.0,9050000000.0,961000000.0,42293000000.0,2112000000.0,,1940000000.0,8482000000.0,,,,1479000000.0,23577000000.0,3278000000.0,-321000000.0,18616000000.0,42293000000.0,270000000.0,67000000.0,,-53000000.0,195000000.0,,,-18000000.0,202000000.0,,1307000000.0,,,,,6688000000.0,312000000.0,,-2000000.0,-6938000000.0,,,5254000000.0,-381000000.0,
2023-12-29,19419000000.0,14306000000.0,,,3262000000.0,,1426000000.0,,1221000000.0,23000000.0,1227000000.0,6.47,6.44,189600000.0,190600000.0,560000000.0,,1230000000.0,1472000000.0,1951000000.0,,491000000.0,8055000000.0,,,19979000000.0,8540000000.0,2160000000.0,41687000000.0,2106000000.0,,1900000000.0,8004000000.0,,,,2879000000.0,22858000000.0,3220000000.0,-198000000.0,18765000000.0,41687000000.0,1166000000.0,89000000.0,-421000000.0,-124000000.0,182000000.0,,,87000000.0,195000000.0,,2096000000.0,,,,,6688000000.0,449000000.0,,11000000.0,-7021000000.0,,,4594000000.0,-320000000.0,715000000.0
2024-03-29,5211000000.0,3863000000.0,,,970000000.0,,378000000.0,,290000000.0,5000000.0,283000000.0,1.49,1.48,189800000.0,190800000.0,477000000.0,,1209000000.0,1476000000.0,,,466000000.0,8266000000.0,,,20070000000.0,8340000000.0,2191000000.0,41816000000.0,2112000000.0,,1777000000.0,8437000000.0,,,,2826000000.0,23086000000.0,3239000000.0,-234000000.0,18666000000.0,41816000000.0,103000000.0,26000000.0,,-7000000.0,21000000.0,,,9000000.0,-152000000.0,,-104000000.0,,,,,0.0,115000000.0,,1000000.0,-116000000.0,,,144000000.0,-83000000.0,
2024-06-28,10510000000.0,7802000000.0,,,1854000000.0,,854000000.0,,680000000.0,28000000.0,649000000.0,3.42,3.4,189800000.0,190800000.0,547000000.0,,1230000000.0,1432000000.0,,,502000000.0,8047000000.0,,,20367000000.0,8080000000.0,2229000000.0,41657000000.0,1896000000.0,,1889000000.0,8981000000.0,,,,2796000000.0,22753000000.0,3368000000.0,-234000000.0,18840000000.0,41657000000.0,639000000.0,53000000.0,,25000000.0,-6000000.0,,,-200000000.0,-138000000.0,,650000000.0,,,,,0.0,212000000.0,,4000000.0,-58000000.0,,,-600000000.0,-13000000.0,
2024-09-27,15802000000.0,11675000000.0,,,2778000000.0,,1349000000.0,,1110000000.0,54000000.0,1049000000.0,5.53,5.5,189700000.0,190700000.0,539000000.0,,1042000000.0,1399000000.0,,,462000000.0,8302000000.0,,,20433000000.0,7874000000.0,2366000000.0,41889000000.0,2049000000.0,1549000000.0,1878000000.0,7973000000.0,,,,2876000000.0,22827000000.0,3515000000.0,-194000000.0,18998000000.0,41889000000.0,963000000.0,76000000.0,,-163000000.0,-46000000.0,,,-45000000.0,-150000000.0,,1430000000.0,,,,,0.0,290000000.0,,19000000.0,-151000000.0,,,-1309000000.0,-21000000.0,
