Date,Net sales,Cost of sales,Gross margin,Research and development,"Selling, general and administrative",Total operating expenses,Operating income,"Other income/(expense), net",Income before provision for income taxes,Provision for income taxes,Net income,Earnings per share basic,Earnings per share diluted,Weighted-average basic,Weighted-average diluted,Cash and cash equivalents,Short-term marketable securities,"Accounts receivable, net",Inventories,Deferred tax assets,Vendor non-trade receivables,Other current assets,Total current assets,Long-term marketable securities,"Property, Plant and Equipment, Net",Goodwill,"Acquired intangible assets, net","Other Assets, Noncurrent",Total assets,accounts payable,Accrued expenses,Deferred revenue,Total current liabilities,Deferred revenue - non-current,deferred tax liabilities,long term taxes payable,Total other non-current liabilities,Total liabilities,Retained Earnings (Accumulated Deficit),Accumulated other comprehensive (loss)/income,Total shareholders equity,Total liabilities and shareholders' equity,"Depreciation, amortization and accretion",Stock-based compensation expense,Deferred income tax expense,"Increase (Decrease) in Accounts receivable, net",Increase (Decrease) in Inventories,Increase (Decrease) in Other Receivables,Increase (Decrease) in Other Operating Assets,Increase (Decrease) in Accounts Payable,Increase (Decrease) in Deferred Revenue,Increase (Decrease) Other liabilities,Cash generated by operating activities,Purchases of marketable securities,Proceeds from maturities of marketable securities,Proceeds from sales of marketable securities,Purchases of other long-term investments,"Business acquisitions, net of cash acquired",Cash payments for capital asset purchases,Payments for acquisition of intangible assets,Payments for (Proceeds from) Other Investing Activities,Cash used in investing activities,Proceeds from issuance of common stock,Excess tax benefits from stock-based compensation,Cash generated/used in financing activities,Increase/(decrease) in cash and cash equivalents,"Cash paid for income taxes, net"
2010-06-30,1188197000.0,643641000.0,544556000.0,,150766000.0,,159538000.0,,145406000.0,55517000.0,91842000.0,0.64,0.63,142842000.0,145496000.0,190477000.0,,,412507000.0,30027000.0,,,800533000.0,,293493000.0,950621000.0,,20927000.0,2130742000.0,52405000.0,25004000.0,9555000.0,195650000.0,,52830000.0,,25040000.0,,461301000.0,-4976000.0,1289898000.0,2130742000.0,20011000.0,5112000.0,,-1484000.0,-24672000.0,,,-393000.0,,,101191000.0,,,,,13742000.0,20847000.0,,,-22361000.0,,5953000.0,2508000.0,81571000.0,39697000.0
2010-09-30,1795818000.0,989838000.0,805980000.0,,228437000.0,,224745000.0,,203701000.0,77911000.0,127743000.0,0.89,0.88,143258000.0,145798000.0,168678000.0,,,444617000.0,29924000.0,,,821500000.0,,306820000.0,990589000.0,,21832000.0,2205449000.0,70413000.0,25992000.0,9672000.0,225292000.0,,53179000.0,,32478000.0,,497202000.0,-3476000.0,1336911000.0,2205449000.0,30389000.0,7713000.0,,-1433000.0,-43818000.0,,,11307000.0,,,144563000.0,,,,,70281000.0,36982000.0,,,-94294000.0,,9375000.0,9276000.0,59772000.0,65709000.0
2010-12-31,2469881000.0,1376401000.0,1093480000.0,,310228000.0,,297877000.0,-27752000.0,270125000.0,103007000.0,169071000.0,1.18,1.16,,,95689000.0,,,492688000.0,32506000.0,,,836876000.0,,331312000.0,1032973000.0,,29046000.0,2299509000.0,76437000.0,25832000.0,9224000.0,225321000.0,,66059000.0,,45902000.0,,538530000.0,4378000.0,1414161000.0,2299509000.0,41428000.0,9974000.0,,12309000.0,67795000.0,,,10156000.0,-201000.0,,159183000.0,,,,,143578000.0,61438000.0,,,-191583000.0,,15000000.0,18962000.0,-13217000.0,88294000.0
2011-03-31,786648000.0,443002000.0,343646000.0,,89761000.0,,107371000.0,-11648000.0,95723000.0,37541000.0,58182000.0,0.4,0.39,145611000.0,147920000.0,64517000.0,,,514894000.0,34135000.0,,,852117000.0,,342181000.0,1057406000.0,,35803000.0,2355379000.0,75377000.0,32989000.0,9245000.0,208272000.0,,67582000.0,,49704000.0,,596712000.0,8993000.0,1485370000.0,2355379000.0,11926000.0,3342000.0,,19039000.0,-2678000.0,,,-9658000.0,,,77315000.0,,,,,43517000.0,18093000.0,,,-61519000.0,,2460000.0,-46987000.0,-31172000.0,3313000.0
2011-06-30,1546332000.0,880450000.0,665882000.0,,181156000.0,,185857000.0,-14322000.0,171535000.0,66647000.0,104888000.0,0.72,0.71,145917000.0,148131000.0,42256000.0,,,556541000.0,35039000.0,,,890376000.0,,358443000.0,1063507000.0,,37172000.0,2417714000.0,77951000.0,36829000.0,8869000.0,193469000.0,,64827000.0,,52875000.0,,643418000.0,5267000.0,1535702000.0,2417714000.0,24797000.0,,,24769000.0,19578000.0,,,-4525000.0,,,101080000.0,,,,,95591000.0,42540000.0,,,-137969000.0,,4053000.0,-16533000.0,-53433000.0,51238000.0
2011-09-30,2330230000.0,1330026000.0,1000204000.0,,274142000.0,,271345000.0,-19792000.0,251553000.0,97434000.0,154119000.0,1.06,1.04,146325000.0,148402000.0,45112000.0,,,605665000.0,35184000.0,,,936590000.0,,371160000.0,1121754000.0,,38024000.0,2538012000.0,84496000.0,41927000.0,8713000.0,227526000.0,,61832000.0,,55240000.0,,692649000.0,-7339000.0,1579723000.0,2538012000.0,38308000.0,,,18048000.0,51301000.0,,,1770000.0,,,159182000.0,,,,,180512000.0,61294000.0,,,-240328000.0,,5626000.0,30722000.0,-50577000.0,83655000.0
2011-12-31,3269862000.0,1877869000.0,1391993000.0,,391942000.0,,361483000.0,-25712000.0,335771000.0,125507000.0,210264000.0,1.44,1.42,146126000.0,148375000.0,48247000.0,,,736846000.0,-44667000.0,,,1149735000.0,,424098000.0,1476063000.0,,40898000.0,3199704000.0,210875000.0,59543000.0,,397693000.0,,88796000.0,,60796000.0,,748794000.0,-8961000.0,1644085000.0,3199704000.0,54505000.0,,,18074000.0,90091000.0,,,28589000.0,35000.0,,211772000.0,,,,,486934000.0,86416000.0,,,-571607000.0,,7973000.0,311411000.0,-47442000.0,113433000.0
2012-03-31,1031777000.0,584394000.0,447383000.0,,121714000.0,,133608000.0,-5511000.0,128097000.0,47106000.0,80991000.0,0.55,0.54,147139000.0,149671000.0,55169000.0,,,736641000.0,45257000.0,,,1174278000.0,,430777000.0,1499382000.0,,47358000.0,3260001000.0,212538000.0,79214000.0,,457074000.0,,89160000.0,,67183000.0,,829785000.0,-104000.0,1745085000.0,3260001000.0,16257000.0,,,22694000.0,-13000000.0,,,-2557000.0,,,110155000.0,,,,,24930000.0,21329000.0,,,-46026000.0,,2561000.0,-57747000.0,6922000.0,5710000.0
2012-06-30,2038308000.0,1168994000.0,869314000.0,,243412000.0,,242175000.0,-12879000.0,229296000.0,84307000.0,144989000.0,0.98,0.97,147645000.0,150076000.0,59353000.0,,,798807000.0,46596000.0,,,1253007000.0,,443565000.0,1578605000.0,,44655000.0,3425409000.0,224276000.0,80801000.0,,445322000.0,,88777000.0,,74320000.0,,893783000.0,-9616000.0,1813728000.0,3425409000.0,33446000.0,,,22662000.0,30763000.0,,,3802000.0,,,121012000.0,,,,,120315000.0,41615000.0,,,-161458000.0,,7219000.0,51461000.0,11106000.0,70698000.0
2012-09-30,3055015000.0,1775996000.0,1279019000.0,,364461000.0,,333609000.0,-21061000.0,312548000.0,113511000.0,199037000.0,0.67,0.66,296437000.0,301172000.0,69214000.0,,,826354000.0,47307000.0,,,1296349000.0,,453272000.0,1597936000.0,,46321000.0,3502575000.0,219098000.0,85256000.0,,464519000.0,,89486000.0,,78909000.0,,947831000.0,-676000.0,1888641000.0,3502575000.0,51574000.0,,,12394000.0,47669000.0,,,-7892000.0,,,182072000.0,,,,,133123000.0,60636000.0,,,-193067000.0,,11071000.0,31280000.0,20967000.0,110911000.0
2012-12-31,4122930000.0,2398790000.0,1724140000.0,,495591000.0,,437953000.0,-28786000.0,409167000.0,147942000.0,261225000.0,0.88,0.87,295810000.0,300693000.0,59770000.0,,,900803000.0,53485000.0,,,1384351000.0,,494379000.0,1690284000.0,,47727000.0,3723456000.0,219335000.0,90422000.0,,487944000.0,,102275000.0,,74627000.0,,1010019000.0,759000.0,1964094000.0,3723456000.0,70165000.0,,4222000.0,12813000.0,95042000.0,,,-15097000.0,,,206190000.0,,,,,265336000.0,88255000.0,,,-352534000.0,,15737000.0,157072000.0,11523000.0,146478000.0
2013-03-31,1195997000.0,694048000.0,501949000.0,,137056000.0,,141588000.0,-9820000.0,131768000.0,47176000.0,84592000.0,0.28,0.28,298226000.0,302937000.0,62997000.0,,,883443000.0,52862000.0,,,1399562000.0,,492479000.0,1674844000.0,,54185000.0,3722699000.0,202084000.0,99703000.0,,504739000.0,,101902000.0,,81910000.0,,1094611000.0,-17489000.0,2041229000.0,3722699000.0,19040000.0,,,47973000.0,-9580000.0,,,-7911000.0,,,106433000.0,,,,,13264000.0,21461000.0,,,-34293000.0,,3002000.0,-67913000.0,3227000.0,5365000.0
2013-06-30,2447745000.0,1435923000.0,1011822000.0,,283068000.0,,272966000.0,-24760000.0,248206000.0,87892000.0,160314000.0,0.54,0.53,299159000.0,303657000.0,161590000.0,,,972926000.0,53328000.0,,,1658490000.0,,515353000.0,1826128000.0,,69573000.0,4218315000.0,263565000.0,117772000.0,,559110000.0,,118044000.0,,87100000.0,,1170333000.0,-18064000.0,2137653000.0,4218315000.0,39711000.0,,,50320000.0,6227000.0,,,14361000.0,,,209490000.0,,,,,308579000.0,40151000.0,,,-347479000.0,,10902000.0,241152000.0,101820000.0,53459000.0
2013-09-30,3745839000.0,2216110000.0,1529729000.0,,436614000.0,,396361000.0,-39110000.0,357251000.0,123492000.0,233759000.0,0.78,0.77,300223000.0,304685000.0,107337000.0,,,1018169000.0,53129000.0,,,1675651000.0,,531897000.0,1920916000.0,,78166000.0,4361059000.0,284900000.0,146641000.0,,642513000.0,,118693000.0,,89605000.0,,1243778000.0,11075000.0,2254106000.0,4361059000.0,61868000.0,,,35287000.0,18207000.0,,,1641000.0,,,340929000.0,,,,,395974000.0,61126000.0,,,-464777000.0,,15998000.0,169319000.0,47567000.0,82536000.0
2013-12-31,5062528000.0,2987126000.0,2075402000.0,,597052000.0,,530180000.0,-54353000.0,475827000.0,164204000.0,311623000.0,,,299574000.0,304131000.0,150488000.0,,,1076952000.0,63938000.0,,,1799817000.0,,546651000.0,1937444000.0,,81123000.0,4518774000.0,349069000.0,140074000.0,,677953000.0,,133822000.0,,88820000.0,,1321642000.0,20011000.0,2350745000.0,4518774000.0,86463000.0,,4279000.0,44670000.0,69222000.0,,,49641000.0,,,428056000.0,,,,,408384000.0,90186000.0,,,-505606000.0,,18348000.0,165941000.0,90718000.0,110862000.0
2014-03-31,1625777000.0,973893000.0,651884000.0,,184530000.0,,173834000.0,-15124000.0,158710000.0,54021000.0,104653000.0,,,301406000.0,305514000.0,113246000.0,,,1255804000.0,73822000.0,,,2093481000.0,,593867000.0,2197255000.0,,95873000.0,5209828000.0,384102000.0,169033000.0,,775915000.0,,161998000.0,,105261000.0,,1426295000.0,20204000.0,2471027000.0,5209828000.0,27846000.0,,,49615000.0,19021000.0,,,-9336000.0,,,97009000.0,,,,,486736000.0,33716000.0,,,-521287000.0,,6813000.0,386213000.0,-37242000.0,14539000.0
2014-06-30,3334909000.0,2011966000.0,1322943000.0,,371115000.0,,347430000.0,-29055000.0,318375000.0,108362000.0,209535000.0,,,302030000.0,305837000.0,109564000.0,,,1346723000.0,74092000.0,,,2240726000.0,,621600000.0,2308943000.0,,97147000.0,5498845000.0,392659000.0,127119000.0,,750208000.0,,160452000.0,,105832000.0,,1531177000.0,36510000.0,2602516000.0,5498845000.0,58893000.0,,,71779000.0,40773000.0,,,-20549000.0,,,152204000.0,,,,,635332000.0,67331000.0,,,-702322000.0,,9747000.0,506471000.0,-40924000.0,98938000.0
2014-09-30,5055933000.0,3068579000.0,1987354000.0,,563344000.0,,503618000.0,-45443000.0,458175000.0,155926000.0,301050000.0,,,302724000.0,306206000.0,244646000.0,,,1341325000.0,73997000.0,,,2345538000.0,,612292000.0,2257153000.0,,98546000.0,5534578000.0,403587000.0,127838000.0,,771388000.0,,159270000.0,,111093000.0,,1622692000.0,-2032000.0,2667694000.0,5534578000.0,90647000.0,,,69680000.0,55266000.0,,,1433000.0,,,322642000.0,,,,,650614000.0,100191000.0,,,-749871000.0,,14455000.0,523410000.0,94158000.0,135447000.0
2014-12-31,6740064000.0,4088151000.0,2651913000.0,,762888000.0,,649868000.0,-61980000.0,587888000.0,204264000.0,381519000.0,,,302343000.0,306045000.0,114605000.0,,,1433847000.0,81744000.0,,,2317417000.0,,629987000.0,2288895000.0,,91668000.0,5573492000.0,400202000.0,164148000.0,,750696000.0,,181662000.0,,119430000.0,,1703161000.0,-40225000.0,2720657000.0,5573492000.0,125437000.0,,6242000.0,61739000.0,122590000.0,,,-5474000.0,,,370897000.0,,,,,775921000.0,140950000.0,,4123000.0,-920994000.0,,17814000.0,519003000.0,-35883000.0,176955000.0
2015-03-31,1773912000.0,1074433000.0,699479000.0,,203241000.0,,185926000.0,-16825000.0,169101000.0,60098000.0,107095000.0,,,304003000.0,306961000.0,175492000.0,,,1358056000.0,78340000.0,,,2337179000.0,,621571000.0,2235043000.0,,96821000.0,5522466000.0,397623000.0,171145000.0,,772314000.0,,177373000.0,,120540000.0,,1810256000.0,-94624000.0,2779907000.0,5522466000.0,30669000.0,,,62329000.0,-43823000.0,,,11233000.0,,-2704000.0,180145000.0,,,,,864000.0,26096000.0,,7316000.0,-34276000.0,,5201000.0,-80412000.0,60887000.0,10999000.0
2015-06-30,3611982000.0,2188559000.0,1423423000.0,,409037000.0,,386211000.0,-31544000.0,354667000.0,124780000.0,226817000.0,,,304286000.0,307247000.0,143423000.0,,,1402399000.0,77968000.0,,,2372621000.0,,650053000.0,2286518000.0,,96770000.0,5634542000.0,392951000.0,183423000.0,,726365000.0,,178523000.0,,123497000.0,,1929978000.0,-49217000.0,2954093000.0,5634542000.0,61714000.0,,,48995000.0,-38399000.0,,,-18597000.0,,-7948000.0,282699000.0,,,,,37208000.0,66763000.0,,5209000.0,-109180000.0,,6737000.0,-144921000.0,28818000.0,102747000.0
2015-09-30,5443714000.0,3307512000.0,2136202000.0,,616924000.0,,552956000.0,-43338000.0,509618000.0,177255000.0,328163000.0,,,305059000.0,307728000.0,137086000.0,,,1464627000.0,77401000.0,,,2387143000.0,,652780000.0,2348092000.0,,96385000.0,5704032000.0,416341000.0,185072000.0,,797698000.0,,175310000.0,,124255000.0,,2031324000.0,-82088000.0,3036713000.0,5704032000.0,94688000.0,,,6304000.0,-22345000.0,,,-11139000.0,,14732000.0,491323000.0,,,,,157357000.0,99573000.0,,-3174000.0,-253756000.0,,13672000.0,-212945000.0,22481000.0,138192000.0
2015-12-31,7192633000.0,4359104000.0,2833529000.0,,828333000.0,,704627000.0,-55597000.0,649030000.0,219703000.0,423223000.0,,,304722000.0,307496000.0,87397000.0,,,1556552000.0,126496000.0,,,2340712000.0,,696567000.0,2319246000.0,,76195000.0,5647837000.0,415588000.0,124466000.0,,751970000.0,,127239000.0,,125278000.0,,2126384000.0,-105470000.0,3114682000.0,5647837000.0,128192000.0,,22388000.0,-14704000.0,83188000.0,,,-4222000.0,,,529837000.0,,,,,160517000.0,170490000.0,,-1014000.0,-329993000.0,,14445000.0,-224092000.0,-27208000.0,180126000.0
2016-03-31,1921476000.0,1161039000.0,760437000.0,,218318000.0,,185672000.0,-20011000.0,165661000.0,57567000.0,107732000.0,,,306157000.0,308369000.0,229220000.0,,,1782797000.0,,,,2993887000.0,,758641000.0,3075293000.0,,81306000.0,7356857000.0,597826000.0,233288000.0,,1049410000.0,,179404000.0,,150437000.0,,2234116000.0,-104751000.0,3234409000.0,7356857000.0,33166000.0,,,78373000.0,-18973000.0,,,20514000.0,,-28139000.0,130207000.0,,,,,603735000.0,50393000.0,,-10762000.0,-625024000.0,,4637000.0,637803000.0,141823000.0,7715000.0
2016-06-30,4372169000.0,2689785000.0,1682384000.0,,472471000.0,,428856000.0,-47731000.0,381125000.0,132441000.0,248469000.0,,,306718000.0,308898000.0,273203000.0,,,1890536000.0,,,,3298428000.0,,1055046000.0,3059488000.0,,142622000.0,8185944000.0,735138000.0,228656000.0,,1168382000.0,,225338000.0,,209956000.0,,2374853000.0,-181502000.0,3307639000.0,8185944000.0,90882000.0,,,83515000.0,-42548000.0,,,31004000.0,,-17428000.0,355230000.0,,,,,1268841000.0,102319000.0,,-11313000.0,-1341505000.0,,6685000.0,1177965000.0,185806000.0,115346000.0
2016-09-30,6758999000.0,4193203000.0,2565796000.0,,735843000.0,,631854000.0,-71511000.0,560343000.0,182751000.0,377644000.0,1.23,1.22,307190000.0,310036000.0,271851000.0,,,1912568000.0,,,,3295541000.0,,1023707000.0,3117150000.0,,148308000.0,8203952000.0,682719000.0,238302000.0,,1149208000.0,,226682000.0,,211440000.0,,2504028000.0,-190666000.0,3427277000.0,8203952000.0,150370000.0,,,46376000.0,-27070000.0,,,-12412000.0,,-8360000.0,524151000.0,,,,,1301127000.0,152746000.0,,-10841000.0,-1424690000.0,,,1088482000.0,184454000.0,184719000.0
2016-12-31,8584031000.0,5232328000.0,3351703000.0,,986380000.0,,763398000.0,-86117000.0,677281000.0,220566000.0,463975000.0,1.51,1.5,306897000.0,309784000.0,227400000.0,,,1935237000.0,177094000.0,,,3567594000.0,,811576000.0,3054769000.0,,101562000.0,8303199000.0,633773000.0,169553000.0,,1210785000.0,,199657000.0,,174146000.0,,2590359000.0,-267175000.0,3442949000.0,8303199000.0,198334000.0,,-11646000.0,,,,,,,,635014000.0,,,,,1349339000.0,207074000.0,,171857000.0,-1709928000.0,,,1225737000.0,147119000.0,
2017-03-31,2342843000.0,1412750000.0,930093000.0,,267227000.0,,235692000.0,-22942000.0,212750000.0,72155000.0,136278000.0,0.44,0.44,308028000.0,310300000.0,264614000.0,,,1978465000.0,,,,3318126000.0,,809208000.0,3120844000.0,,112355000.0,8122246000.0,651117000.0,243018000.0,,1159701000.0,,221504000.0,,200893000.0,,2726637000.0,-245636000.0,3606871000.0,8122246000.0,50604000.0,,,,,,,,,,172293000.0,,,,,77056000.0,44398000.0,,-1314000.0,181157000.0,,,-326386000.0,30098000.0,13746000.0
2017-06-30,4801254000.0,2906152000.0,1895102000.0,,546169000.0,,480265000.0,-41730000.0,438535000.0,148017000.0,287192000.0,0.93,0.93,308407000.0,310396000.0,303544000.0,,,2063462000.0,,,,3500735000.0,,841608000.0,3191613000.0,,119657000.0,8430942000.0,724201000.0,246747000.0,,1221660000.0,,225262000.0,,236627000.0,,2877551000.0,-154270000.0,3856685000.0,8430942000.0,106606000.0,,,,,,,,,,362097000.0,,,,,100728000.0,91545000.0,,-4712000.0,113736000.0,,,-423076000.0,69028000.0,150555000.0
2017-09-30,7267054000.0,4415076000.0,2851978000.0,,836804000.0,,679364000.0,-62932000.0,616432000.0,206206000.0,409573000.0,1.33,1.32,308909000.0,310779000.0,275077000.0,,,2236376000.0,,,,3668373000.0,,867972000.0,3392363000.0,,133560000.0,8863938000.0,749852000.0,253241000.0,,1302338000.0,,241544000.0,,257302000.0,,2999932000.0,-97612000.0,4041037000.0,8863938000.0,166508000.0,,,,,,,,,,449243000.0,,,,,252667000.0,135537000.0,,-2750000.0,-84157000.0,,,-347063000.0,40561000.0,218332000.0
2017-12-31,9736909000.0,5937286000.0,3799623000.0,,1131214000.0,,847318000.0,-80691000.0,766627000.0,235560000.0,533744000.0,1.73,1.72,308607000.0,310649000.0,279766000.0,,,2380783000.0,111299000.0,,,3822134000.0,,913089000.0,3536511000.0,743769000.0,142965000.0,9366872000.0,788613000.0,218600000.0,,1322724000.0,,252359000.0,,307516000.0,,3124103000.0,-70476000.0,4198169000.0,9366872000.0,230203000.0,,-46537000.0,,,,,,,,518900000.0,,,,,513088000.0,179090000.0,,-13950000.0,-384595000.0,,,-112567000.0,45250000.0,
2018-03-31,2720764000.0,1666793000.0,1053971000.0,,766891000.0,,226568000.0,-25633000.0,200935000.0,49584000.0,152960000.0,0.49,0.49,309517000.0,311347000.0,245679000.0,,,2401309000.0,,,,4039143000.0,,929756000.0,3572198000.0,740804000.0,146067000.0,9636178000.0,812661000.0,267364000.0,,1474788000.0,,242226000.0,,329395000.0,,3271718000.0,-14618000.0,4406587000.0,9636178000.0,61066000.0,,,130520000.0,-5016000.0,,,23924000.0,,,145163000.0,,,,,2966000.0,62189000.0,,-534000.0,-64621000.0,,,-117506000.0,-34087000.0,15464000.0
2018-06-30,5751515000.0,3535665000.0,2215850000.0,,1592935000.0,,483362000.0,64332000.0,419030000.0,110359000.0,309967000.0,1.0,0.99,312556000.0,314012000.0,345202000.0,,,2718158000.0,,,,4593606000.0,,1188464000.0,4421976000.0,973031000.0,168901000.0,11548631000.0,981643000.0,312702000.0,,1788308000.0,,332602000.0,,389570000.0,,3428725000.0,-116061000.0,4719472000.0,11548631000.0,129504000.0,,,112178000.0,12777000.0,,,-25380000.0,,,328669000.0,,,,,1135970000.0,115421000.0,,2174000.0,-1249217000.0,,,1054343000.0,65436000.0,110745000.0
2018-09-30,8873893000.0,5460845000.0,3413048000.0,,2472085000.0,,718095000.0,-98233000.0,619862000.0,156427000.0,444069000.0,1.42,1.41,318082000.0,319402000.0,341346000.0,,,2794894000.0,,,,4593060000.0,,1201003000.0,4475266000.0,953372000.0,205226000.0,11585336000.0,941747000.0,358212000.0,,1735680000.0,,325537000.0,,376566000.0,,3562827000.0,-134791000.0,4840460000.0,11585336000.0,210977000.0,,,70797000.0,71058000.0,,,-71997000.0,,,521167000.0,,,,,1206067000.0,171763000.0,,-7970000.0,-1371516000.0,,,979314000.0,61580000.0,158740000.0
2018-12-31,11876674000.0,7301817000.0,4574857000.0,,3352731000.0,,882241000.0,-138810000.0,743431000.0,191395000.0,480118000.0,1.53,1.52,314428000.0,315849000.0,331761000.0,,,2836075000.0,128608000.0,,,4520949000.0,,1220162000.0,4381458000.0,928752000.0,162912000.0,11393402000.0,942398000.0,288425000.0,,1690348000.0,,311434000.0,,364194000.0,,3598876000.0,-174950000.0,4782298000.0,11393402000.0,294077000.0,,-2180000.0,-241000.0,127153000.0,,,-77621000.0,,,710739000.0,,,,,1214995000.0,250027000.0,,-1733000.0,-1458939000.0,,,882995000.0,57484000.0,200098000.0
2019-03-31,3100303000.0,1892039000.0,1208264000.0,,896532000.0,,222400000.0,-32238000.0,190162000.0,51550000.0,98048000.0,0.31,0.31,315046000.0,316018000.0,316066000.0,,,2692006000.0,,,,4644770000.0,,1206342000.0,4354306000.0,889609000.0,157073000.0,12665910000.0,952688000.0,317826000.0,,1971488000.0,,305770000.0,,329298000.0,,3696924000.0,-190854000.0,4799482000.0,12665910000.0,76207000.0,,,205029000.0,-71811000.0,,,23291000.0,,,177225000.0,,,,,5000000.0,53016000.0,,-17000.0,-57784000.0,,,-132731000.0,-15803000.0,11775000.0
2019-06-30,6348476000.0,3893025000.0,2455451000.0,,1794900000.0,,458511000.0,-62389000.0,396122000.0,107375000.0,248609000.0,0.79,0.79,313460000.0,314360000.0,375967000.0,,,2650138000.0,,,,4631849000.0,,1206690000.0,4409925000.0,880123000.0,147954000.0,12704236000.0,1031952000.0,309734000.0,,2106946000.0,,303179000.0,,342185000.0,,3847485000.0,-188553000.0,4840489000.0,12704236000.0,152361000.0,,,149052000.0,-131229000.0,,,96888000.0,,,638404000.0,,,,,14767000.0,101268000.0,,735000.0,-116770000.0,,,-471988000.0,49544000.0,88001000.0
2019-09-30,9496249000.0,5840469000.0,3655780000.0,,2687024000.0,,689875000.0,-88426000.0,601449000.0,165122000.0,400872000.0,1.29,1.28,311360000.0,312204000.0,433391000.0,,,2582188000.0,,,,4483858000.0,,1184188000.0,4309822000.0,837272000.0,149281000.0,12411690000.0,997874000.0,326634000.0,,2054051000.0,,296199000.0,,322205000.0,,3999748000.0,-260746000.0,4817767000.0,12411690000.0,230239000.0,,,102381000.0,-148237000.0,,,90879000.0,,,965171000.0,,,,,14517000.0,165551000.0,,-7368000.0,-160089000.0,,,-689694000.0,105686000.0,134998000.0
2019-12-31,12506109000.0,7654315000.0,4851794000.0,,3580300000.0,,896643000.0,-105621000.0,791022000.0,215330000.0,541260000.0,1.75,1.74,310155000.0,310969000.0,,,,2772777000.0,429783000.0,,,4687819000.0,,1234400000.0,4406535000.0,850338000.0,153110000.0,12779956000.0,942795000.0,289683000.0,,2178512000.0,,310129000.0,,365672000.0,,4140136000.0,-200885000.0,5008876000.0,12779956000.0,314406000.0,,7109000.0,-26419000.0,-15460000.0,,,3712000.0,,,1064033000.0,,,,,27296000.0,265730000.0,,-1253000.0,-264853000.0,,,-600669000.0,197607000.0,181306000.0
2020-03-31,3000935000.0,1787059000.0,1213876000.0,,899811000.0,,241849000.0,-35060000.0,206789000.0,60411000.0,145136000.0,0.47,0.47,306238000.0,306757000.0,,,,2718630000.0,,,,4442664000.0,,1202329000.0,4334725000.0,819335000.0,139878000.0,12354070000.0,893807000.0,341671000.0,,1938968000.0,,300117000.0,,326432000.0,,4282753000.0,-313903000.0,4957835000.0,12354070000.0,71379000.0,,,63938000.0,7522000.0,,,-27170000.0,,,194563000.0,,,,,7220000.0,44538000.0,,405000.0,-44872000.0,,,-334739000.0,-196794000.0,22014000.0
2020-06-30,5627258000.0,3402378000.0,2224880000.0,,1637180000.0,,422302000.0,-52502000.0,369800000.0,102280000.0,263928000.0,0.86,0.86,305123000.0,305477000.0,,,,2288293000.0,,,,4106973000.0,,1196505000.0,4377350000.0,798799000.0,146486000.0,12035299000.0,756846000.0,258490000.0,,1949768000.0,,,,343691000.0,,4401545000.0,-279763000.0,5118506000.0,12035299000.0,144309000.0,,,5111000.0,-445493000.0,,,-172140000.0,,,913052000.0,,,,,5465000.0,77301000.0,,3917000.0,-75971000.0,,,-890154000.0,-58431000.0,24452000.0
2020-09-30,8674942000.0,5251520000.0,3423422000.0,,2451073000.0,,718304000.0,-80176000.0,638128000.0,180790000.0,457411000.0,1.5,1.5,304837000.0,305171000.0,,,,2245846000.0,,,,4102508000.0,,1204766000.0,4473576000.0,799460000.0,150154000.0,12161212000.0,847733000.0,356858000.0,,1926495000.0,,,,358402000.0,,4595028000.0,-209722000.0,5388188000.0,12161212000.0,220636000.0,,,28622000.0,-535348000.0,,,-105719000.0,,,1134641000.0,,,,,7107000.0,109949000.0,,0.0,-106433000.0,,,-1150783000.0,-113475000.0,210952000.0
2020-12-31,11628830000.0,7035559000.0,4593271000.0,,3266065000.0,,985577000.0,-100582000.0,884995000.0,249498000.0,638423000.0,2.1,2.09,304640000.0,305006000.0,,,,2414612000.0,487822000.0,,,4034032000.0,,1248703000.0,4591569000.0,814219000.0,163662000.0,12360533000.0,932406000.0,334890000.0,,1988491000.0,,,,374640000.0,,4776040000.0,-99009000.0,5655718000.0,12360533000.0,299497000.0,,-33827000.0,-93588000.0,-433072000.0,,,-64032000.0,,,1443870000.0,,,,,7363000.0,172695000.0,,0.0,-165887000.0,,,-1512551000.0,-222703000.0,248083000.0
2021-03-31,3170786000.0,1877072000.0,1293714000.0,,848565000.0,,371448000.0,-17966000.0,353482000.0,92969000.0,265913000.0,0.88,0.88,303043000.0,303765000.0,,,,2392714000.0,,,,4453946000.0,,1204643000.0,4515634000.0,777372000.0,169895000.0,12665457000.0,1228524000.0,356126000.0,,2436626000.0,,,,369546000.0,,5041953000.0,-126122000.0,5842626000.0,12665457000.0,71597000.0,,,197594000.0,13469000.0,,,331383000.0,,,522512000.0,,,,,2385000.0,41779000.0,,,-33443000.0,,,-208495000.0,278040000.0,116135000.0
2021-06-30,6605900000.0,3896477000.0,2709423000.0,,1750232000.0,,816122000.0,-53391000.0,762731000.0,200688000.0,570537000.0,1.89,1.89,301805000.0,302609000.0,,,,2394147000.0,,,,4168534000.0,,1207156000.0,4568087000.0,768471000.0,189201000.0,12438059000.0,1191250000.0,363891000.0,,2278156000.0,,,,380427000.0,,5346577000.0,-101090000.0,5877924000.0,12438059000.0,142340000.0,,,161334000.0,-7284000.0,,,284472000.0,,,933090000.0,,,,,29480000.0,87854000.0,,3502000.0,-109016000.0,,,-808707000.0,16546000.0,226400000.0
2021-09-30,9902511000.0,5849696000.0,4052815000.0,,2648128000.0,,1194276000.0,-65930000.0,1128346000.0,290028000.0,854592000.0,2.86,2.85,299184000.0,300006000.0,,,,2423853000.0,,,,4259398000.0,,1192357000.0,4525474000.0,755426000.0,208731000.0,12460860000.0,1262976000.0,332046000.0,,2322259000.0,,,,378385000.0,,5630632000.0,-148575000.0,5901809000.0,12460860000.0,212690000.0,,,133767000.0,52854000.0,,,378170000.0,,,1362028000.0,,,,,66771000.0,132705000.0,,17543000.0,-200842000.0,,,-1065811000.0,90549000.0,337149000.0
2021-12-31,13088504000.0,7766069000.0,5322435000.0,,3567732000.0,,1474372000.0,-75242000.0,1399130000.0,330591000.0,1090873000.0,3.68,3.66,296836000.0,297722000.0,,,,2610515000.0,517302000.0,,,4254368000.0,,1298740000.0,4539896000.0,746149000.0,224972000.0,12606154000.0,1176015000.0,271406000.0,,2165446000.0,,,,364373000.0,,5793515000.0,-153130000.0,5771744000.0,12606154000.0,284003000.0,,-27079000.0,16234000.0,234514000.0,,,283185000.0,,,1367047000.0,,,,,123898000.0,293466000.0,,20959000.0,-418758000.0,,,-985135000.0,-38020000.0,422739000.0
2022-03-31,3348000000.0,1991000000.0,1357000000.0,,924000000.0,,371000000.0,-15000000.0,356000000.0,89000000.0,273000000.0,0.96,0.95,285700000.0,286800000.0,327000000.0,,,2573000000.0,,,,4682000000.0,,1256000000.0,4426000000.0,715000000.0,219000000.0,12778000000.0,1370000000.0,330000000.0,,2495000000.0,,,,349000000.0,,5995000000.0,-206000000.0,5784000000.0,12778000000.0,65000000.0,,,230000000.0,98000000.0,,,309000000.0,,,409000000.0,,,,,,59000000.0,,6000000.0,-63000000.0,,,278000000.0,53000000.0,28000000.0
2022-06-30,6689000000.0,3965000000.0,2724000000.0,,1822000000.0,,930000000.0,-31000000.0,899000000.0,216000000.0,693000000.0,2.44,2.44,283500000.0,284500000.0,265000000.0,,,2650000000.0,,,,4331000000.0,,1217000000.0,4290000000.0,669000000.0,205000000.0,12134000000.0,1457000000.0,337000000.0,,2485000000.0,,,,324000000.0,,6344000000.0,-355000000.0,5590000000.0,12134000000.0,133000000.0,,,186000000.0,259000000.0,,,412000000.0,,,737000000.0,,,,,5000000.0,99000000.0,,6000000.0,265000000.0,,,-985000000.0,-9000000.0,145000000.0
2022-09-30,9793000000.0,5793000000.0,4000000000.0,,2683000000.0,,1288000000.0,-42000000.0,1246000000.0,304000000.0,955000000.0,3.41,3.4,280200000.0,281200000.0,269000000.0,,,2635000000.0,,,,4202000000.0,,1169000000.0,4132000000.0,626000000.0,198000000.0,11666000000.0,1356000000.0,309000000.0,,2351000000.0,,,,312000000.0,,6536000000.0,-539000000.0,5262000000.0,11666000000.0,197000000.0,,,118000000.0,349000000.0,,,378000000.0,,,1010000000.0,,,,,4000000.0,148000000.0,,8000000.0,244000000.0,,,-1217000000.0,-5000000.0,250000000.0
2022-12-31,12794000000.0,7571000000.0,5223000000.0,,3544000000.0,,1581000000.0,-63000000.0,1518000000.0,385000000.0,1149000000.0,4.15,4.13,277100000.0,278000000.0,278000000.0,,,2752000000.0,452000000.0,,,4258000000.0,,1236000000.0,4319000000.0,653000000.0,204000000.0,12038000000.0,1339000000.0,294000000.0,,2271000000.0,,,,283000000.0,,6656000000.0,-323000000.0,5453000000.0,12038000000.0,264000000.0,,6000000.0,16000000.0,342000000.0,,,269000000.0,,,1250000000.0,,,,,4000000.0,222000000.0,,10000000.0,172000000.0,,,-1394000000.0,4000000.0,346000000.0
2023-03-31,3349000000.0,1977000000.0,1372000000.0,,931000000.0,,365000000.0,-4000000.0,361000000.0,94000000.0,270000000.0,1.01,1.01,267400000.0,268300000.0,342000000.0,,,2733000000.0,,,,4623000000.0,,1265000000.0,4366000000.0,651000000.0,198000000.0,12508000000.0,1371000000.0,324000000.0,,2412000000.0,,,,289000000.0,,6852000000.0,-280000000.0,5691000000.0,12508000000.0,65000000.0,,,236000000.0,-57000000.0,,,22000000.0,,,223000000.0,,,,,25000000.0,70000000.0,,5000000.0,-97000000.0,,,-66000000.0,64000000.0,34000000.0
2023-06-30,6797000000.0,4011000000.0,2786000000.0,,1869000000.0,,772000000.0,-22000000.0,750000000.0,203000000.0,552000000.0,2.06,2.06,267600000.0,268300000.0,1904000000.0,,,2681000000.0,,,,6156000000.0,,1298000000.0,4400000000.0,648000000.0,221000000.0,14155000000.0,1475000000.0,343000000.0,,3028000000.0,,,,283000000.0,,7059000000.0,-235000000.0,5953000000.0,14155000000.0,135000000.0,,,223000000.0,-132000000.0,,,104000000.0,,,703000000.0,,,,,52000000.0,136000000.0,,3000000.0,-185000000.0,,,1099000000.0,1626000000.0,184000000.0
2023-09-30,10365000000.0,6189000000.0,4176000000.0,,2848000000.0,,1080000000.0,-67000000.0,1013000000.0,263000000.0,760000000.0,2.84,2.83,267800000.0,268400000.0,401000000.0,,,2998000000.0,,,,5286000000.0,,1427000000.0,5548000000.0,1176000000.0,265000000.0,15168000000.0,1723000000.0,363000000.0,,3559000000.0,,,,289000000.0,,7194000000.0,-372000000.0,5958000000.0,15168000000.0,219000000.0,,,154000000.0,-128000000.0,,,122000000.0,,,1144000000.0,,,,,2199000000.0,233000000.0,,14000000.0,-2389000000.0,,,1391000000.0,146000000.0,227000000.0
2023-12-31,13866000000.0,8291000000.0,5575000000.0,,3870000000.0,,1357000000.0,-122000000.0,1235000000.0,306000000.0,938000000.0,3.5,3.49,267600000.0,268300000.0,299000000.0,,,3121000000.0,507000000.0,,,4868000000.0,,1516000000.0,5600000000.0,1313000000.0,287000000.0,15079000000.0,1648000000.0,309000000.0,,3318000000.0,,,,314000000.0,,7290000000.0,-240000000.0,6167000000.0,15079000000.0,319000000.0,,13000000.0,-5000000.0,-71000000.0,,,-5000000.0,,,1356000000.0,,,,,2225000000.0,358000000.0,,29000000.0,-2442000000.0,,,1102000000.0,21000000.0,305000000.0
2024-03-31,3703000000.0,2251000000.0,1452000000.0,,1044000000.0,,289000000.0,-58000000.0,231000000.0,71000000.0,158000000.0,0.59,0.59,267100000.0,267700000.0,344000000.0,,,3123000000.0,,,,5202000000.0,,1493000000.0,5526000000.0,1271000000.0,301000000.0,15270000000.0,1840000000.0,354000000.0,,3059000000.0,,,,313000000.0,,7367000000.0,-298000000.0,6159000000.0,15270000000.0,100000000.0,,,249000000.0,52000000.0,,,220000000.0,,,253000000.0,,,,,17000000.0,66000000.0,,5000000.0,-88000000.0,,,-113000000.0,45000000.0,27000000.0
2024-06-30,7414000000.0,4521000000.0,2893000000.0,,2020000000.0,,618000000.0,-121000000.0,497000000.0,153000000.0,344000000.0,1.29,1.29,266200000.0,266700000.0,276000000.0,,,3064000000.0,,,,5085000000.0,,1509000000.0,5530000000.0,1233000000.0,333000000.0,15211000000.0,1764000000.0,353000000.0,,2904000000.0,,,,306000000.0,,7472000000.0,-313000000.0,6129000000.0,15211000000.0,200000000.0,,,225000000.0,37000000.0,,,180000000.0,,,466000000.0,,,,,30000000.0,146000000.0,,2000000.0,-178000000.0,,,-276000000.0,2000000.0,167000000.0
2024-09-30,10998000000.0,6712000000.0,4286000000.0,,2991000000.0,,928000000.0,-179000000.0,749000000.0,216000000.0,536000000.0,2.02,2.01,264900000.0,265300000.0,353000000.0,,,3132000000.0,,,,5145000000.0,,1574000000.0,5629000000.0,1228000000.0,350000000.0,15466000000.0,1814000000.0,397000000.0,,2990000000.0,,,,320000000.0,,7584000000.0,-195000000.0,6234000000.0,15466000000.0,300000000.0,,,173000000.0,48000000.0,,,175000000.0,,,886000000.0,,,,,46000000.0,225000000.0,,29000000.0,-300000000.0,,,-516000000.0,71000000.0,219000000.0
,,,,,,,,,,,,,,,,,,,,,,,,,,,,,,,,,,,,,,,,,,,,,,,,,,,,,,,,,,,,,,,,,,,
,,,,,,,,,,,,,,,,,,,,,,,,,,,,,,,,,,,,,,,,,,,,,,,,,,,,,,,,,,,,,,,,,,,
