Date,Net sales,Cost of sales,Gross margin,Research and development,"Selling, general and administrative",Total operating expenses,Operating income,"Other income/(expense), net",Income before provision for income taxes,Provision for income taxes,Net income,Earnings per share basic,Earnings per share diluted,Weighted-average basic,Weighted-average diluted,Cash and cash equivalents,Short-term marketable securities,"Accounts receivable, net",Inventories,Deferred tax assets,Vendor non-trade receivables,Other current assets,Total current assets,Long-term marketable securities,"Property, Plant and Equipment, Net",Goodwill,"Acquired intangible assets, net","Other Assets, Noncurrent",Total assets,accounts payable,Accrued expenses,Deferred revenue,Total current liabilities,Deferred revenue - non-current,deferred tax liabilities,long term taxes payable,Total other non-current liabilities,Total liabilities,Retained Earnings (Accumulated Deficit),Accumulated other comprehensive (loss)/income,Total shareholders equity,Total liabilities and shareholders' equity,"Depreciation, amortization and accretion",Stock-based compensation expense,Deferred income tax expense,"Increase (Decrease) in Accounts receivable, net",Increase (Decrease) in Inventories,Increase (Decrease) in Other Receivables,Increase (Decrease) in Other Operating Assets,Increase (Decrease) in Accounts Payable,Increase (Decrease) in Deferred Revenue,Increase (Decrease) Other liabilities,Cash generated by operating activities,Purchases of marketable securities,Proceeds from maturities of marketable securities,Proceeds from sales of marketable securities,Purchases of other long-term investments,"Business acquisitions, net of cash acquired",Cash payments for capital asset purchases,Payments for acquisition of intangible assets,Payments for (Proceeds from) Other Investing Activities,Cash used in investing activities,Proceeds from issuance of common stock,Excess tax benefits from stock-based compensation,Cash generated/used in financing activities,Increase/(decrease) in cash and cash equivalents,"Cash paid for income taxes, net"
2009-12-31,21836000000.0,,,4326500000.0,6892500000.0,,,,5357800000.0,1029000000.0,4328800000.0,,,,,4462900000.0,,3343300000.0,2849900000.0,271000000.0,,,12486500000.0,,8197400000.0,,,1921400000.0,27460900000.0,968100000.0,2683900000.0,,6568100000.0,,84800000.0,1088400000.0,1224900000.0,,9830400000.0,-2471900000.0,,27460900000.0,-1297800000.0,-368500000.0,,,-179000000.0,,-84900000.0,,,,4335500000.0,,,,432300000.0,0.0,,,94500000.0,142800000.0,,,-5533700000.0,-1033800000.0,
2010-03-31,5485500000.0,,,1039100000.0,1614400000.0,,,,1707800000.0,459700000.0,1248100000.0,,,,,4725200000.0,,3194300000.0,2471100000.0,275200000.0,,,12252400000.0,,7987000000.0,,,1827600000.0,27197800000.0,964000000.0,2773100000.0,,5657600000.0,,81200000.0,1138300000.0,1172900000.0,,11077200000.0,-2776900000.0,,27197800000.0,-299400000.0,-73700000.0,,,,,,,,,958000000.0,,,,57200000.0,,,,10500000.0,-52600000.0,,,-547000000.0,262300000.0,
2010-09-30,16889000000.0,,,3446100000.0,5064700000.0,,,34400000.0,5115600000.0,1215700000.0,3899900000.0,,,,,5908800000.0,,3336000000.0,2679600000.0,297800000.0,,,14184300000.0,,7941900000.0,,,2129400000.0,29904300000.0,1034700000.0,2583700000.0,,6097400000.0,,84500000.0,1303800000.0,1213300000.0,,12647100000.0,-2529800000.0,,29904300000.0,989700000.0,175200000.0,,,,,,,,,4628700000.0,,,,518200000.0,328700000.0,,419000000.0,79800000.0,-1595300000.0,,,-1472300000.0,1445900000.0,
2010-12-31,23076000000.0,,,4884200000.0,7053400000.0,,,5000000.0,6525200000.0,1455700000.0,5069500000.0,4.58,4.58,1105788000.0,1105813000.0,5993200000.0,,3493800000.0,2517700000.0,-199900000.0,,,14840000000.0,,7940700000.0,1423900000.0,,1622400000.0,31001400000.0,1072200000.0,2651300000.0,,7101400000.0,,,1234800000.0,1594500000.0,,12732600000.0,-2670100000.0,,31001400000.0,1328200000.0,231000000.0,542300000.0,,157000000.0,,340500000.0,,,,6856800000.0,,,,1067200000.0,609400000.0,,442400000.0,219300000.0,-3159800000.0,,,-2021900000.0,1530300000.0,861000000.0
2011-03-31,5839200000.0,,,1124000000.0,1785700000.0,,,-11200000.0,1273900000.0,218000000.0,1055900000.0,,,,,6506400000.0,,3694300000.0,2767200000.0,,,,15354300000.0,,7967700000.0,,,1743300000.0,31695300000.0,1183200000.0,2600000000.0,,7651800000.0,,,1224300000.0,1886200000.0,,13785300000.0,-2188800000.0,,31695300000.0,340900000.0,37900000.0,,,,,,,,,1176100000.0,,,,238300000.0,,,29600000.0,34300000.0,-40700000.0,,,-713800000.0,513200000.0,
2011-06-30,12092000000.0,,,2384600000.0,3828700000.0,,,-68800000.0,2805200000.0,552000000.0,2253200000.0,,,,,6113500000.0,,3833600000.0,2870200000.0,,,,14950300000.0,,7953700000.0,,,1976900000.0,32779300000.0,1187600000.0,2786700000.0,,8620500000.0,,,1283000000.0,1550100000.0,,13888200000.0,-2009900000.0,,32779300000.0,696500000.0,74200000.0,,,,,,,,,3216400000.0,,,,1636100000.0,0.0,,432800000.0,31400000.0,-1939300000.0,,,-1278100000.0,120300000.0,
2011-09-30,18239900000.0,,,3665500000.0,5746500000.0,,,-152200000.0,4307700000.0,818200000.0,3489500000.0,,,,,6597700000.0,,3533200000.0,2513300000.0,,,,14572700000.0,,7812200000.0,,,2215800000.0,33042200000.0,1154300000.0,2720300000.0,,8219300000.0,,,1058800000.0,1449000000.0,,15125900000.0,-2505400000.0,,33042200000.0,1054700000.0,110700000.0,,,,,,,,,5289800000.0,,,,2659300000.0,307800000.0,,605700000.0,33300000.0,-2947600000.0,,,-1719000000.0,604500000.0,
2011-12-31,24286500000.0,,,5020800000.0,7879900000.0,,,-179000000.0,5349500000.0,1001800000.0,4347700000.0,3.9,3.9,1113923000.0,1113967000.0,5922500000.0,,3597700000.0,2299800000.0,520000000.0,,,14248200000.0,,7760300000.0,1434700000.0,,2493400000.0,33659800000.0,1125200000.0,2903500000.0,,8930900000.0,,,1086300000.0,1573800000.0,,14897800000.0,-3858600000.0,,33659800000.0,1373600000.0,147400000.0,-406200000.0,,-203100000.0,,-642700000.0,,,,7234500000.0,,,,4459400000.0,307800000.0,,632900000.0,112200000.0,-4824400000.0,,,-2369900000.0,-70700000.0,
2012-03-31,5602000000.0,,,1151500000.0,1847500000.0,,,-46000000.0,1335300000.0,324200000.0,1011100000.0,,,,,4122200000.0,,3402100000.0,2424200000.0,,,,12602600000.0,,7754600000.0,,,2093200000.0,32238200000.0,1246300000.0,2754400000.0,,6553700000.0,,,1158300000.0,1533900000.0,,15906700000.0,-3549200000.0,,32238200000.0,385900000.0,28200000.0,,,,,,,,,852500000.0,,,,2156100000.0,195400000.0,,0.0,50900000.0,-652300000.0,,,-2057000000.0,-1800300000.0,
2012-06-30,11202700000.0,,,2472200000.0,3778600000.0,,,-62500000.0,2521000000.0,586300000.0,1934700000.0,,,,,4345800000.0,,3181700000.0,2320800000.0,,,,12307300000.0,,7619900000.0,,,2195000000.0,31812600000.0,1201600000.0,2590400000.0,,6609700000.0,,,1207500000.0,1472800000.0,,15736200000.0,-3934200000.0,,31812600000.0,747900000.0,65800000.0,,,,,,,,,2158500000.0,,,,3476600000.0,199300000.0,,0.0,111500000.0,-1037600000.0,,,-2609700000.0,-1576700000.0,
2012-09-30,16646000000.0,,,3815000000.0,5536000000.0,,,788500000.0,4395700000.0,1134400000.0,3261300000.0,,,,,5319200000.0,,3268200000.0,2553400000.0,,,,14038900000.0,,7638900000.0,,,2387800000.0,34321000000.0,1328700000.0,2816400000.0,,6960700000.0,,,1275100000.0,1815000000.0,,17062200000.0,-3535900000.0,,34321000000.0,1117600000.0,100300000.0,,,,,,,,,3702800000.0,,,,5506800000.0,199300000.0,,102000000.0,61800000.0,-1170300000.0,,,-3154400000.0,-603300000.0,
2012-12-31,22603400000.0,,,5278100000.0,7513500000.0,,,674000000.0,4901500000.0,1319600000.0,4088600000.0,3.67,3.66,1113178000.0,,4018800000.0,,3336300000.0,2643800000.0,278900000.0,,,13038700000.0,,7760200000.0,1501300000.0,,2534000000.0,34398900000.0,1188300000.0,2738900000.0,,8389500000.0,,,1334300000.0,1369400000.0,,16088200000.0,-3797100000.0,,34398900000.0,1462200000.0,141500000.0,126000000.0,,307900000.0,,-231000000.0,,,,5304800000.0,,,6529800000.0,7618600000.0,199300000.0,,138800000.0,100600000.0,-2832800000.0,,,-4419600000.0,-1903700000.0,
2013-03-31,5602000000.0,,,1348100000.0,1652000000.0,,,529200000.0,1951100000.0,403100000.0,1548000000.0,,,,,3936600000.0,,3439700000.0,2576700000.0,,,,12326100000.0,,7623400000.0,,,2095800000.0,32300100000.0,974400000.0,2274400000.0,,7593600000.0,,,1363700000.0,1295200000.0,,16462400000.0,-4014400000.0,,32300100000.0,381500000.0,35200000.0,,,,,,,,,379400000.0,,,,1861400000.0,0.0,,0.0,18400000.0,1355100000.0,,,-1730100000.0,-82200000.0,
2013-06-30,11531700000.0,,,2678500000.0,3519600000.0,,,541100000.0,3466000000.0,711800000.0,2754200000.0,2.54,2.53,,,3786500000.0,,3579100000.0,2725400000.0,,,,12639300000.0,,7636700000.0,,,1880100000.0,33226000000.0,1141000000.0,2297600000.0,,8408500000.0,,,1410600000.0,1258000000.0,,16608600000.0,-3948700000.0,,33226000000.0,745400000.0,68800000.0,,,,,,,,,2016600000.0,,,,6476100000.0,0.0,,0.0,55700000.0,103400000.0,,,-2263900000.0,-232300000.0,
2013-09-30,17304300000.0,,,4055900000.0,5172000000.0,,,509800000.0,4979400000.0,1022100000.0,3957300000.0,3.65,3.64,,,4368900000.0,,3445000000.0,2974100000.0,,,,13202200000.0,,7767400000.0,,,1320700000.0,33965600000.0,1247400000.0,2110900000.0,,8076100000.0,,,853500000.0,1268200000.0,,17811000000.0,-3564100000.0,,33965600000.0,1094400000.0,105100000.0,,,,,,,,,4008200000.0,,,,,43700000.0,,0.0,91500000.0,-840400000.0,,,-2792900000.0,350100000.0,
2013-12-31,23113100000.0,,,5531300000.0,7125600000.0,,,518900000.0,5889300000.0,1204500000.0,4684800000.0,4.33,4.32,1080874000.0,1084766000.0,3830200000.0,,3434400000.0,2928800000.0,-670700000.0,,,13104700000.0,,7975500000.0,1516800000.0,,2212500000.0,35248700000.0,1119300000.0,2328400000.0,,8916600000.0,,,1078700000.0,1863000000.0,,16992400000.0,-2002700000.0,17631400000.0,35248700000.0,1445600000.0,144900000.0,265900000.0,,286500000.0,,-116500000.0,,,,5735000000.0,,,13753500000.0,14041900000.0,43700000.0,,24100000.0,97400000.0,-2072800000.0,,,-3829300000.0,-188600000.0,
2014-03-31,4683100000.0,,,1109300000.0,1484900000.0,,,56000000.0,890800000.0,162900000.0,727900000.0,0.68,0.68,1072700000.0,1075800000.0,3888000000.0,,3002900000.0,2969000000.0,,,,13039300000.0,,7970700000.0,,,2339000000.0,34756900000.0,1149900000.0,2330800000.0,,6631700000.0,,,906600000.0,2061500000.0,,17665300000.0,-1957300000.0,18338100000.0,34756900000.0,348800000.0,38300000.0,,,,,,,,,272300000.0,,,,,,,25000000.0,11900000.0,388400000.0,,,-595100000.0,57800000.0,
2014-06-30,9618700000.0,,,2304700000.0,3148800000.0,,,109800000.0,1831200000.0,369800000.0,1461400000.0,1.36,1.36,1072300000.0,1076400000.0,3765700000.0,,3187900000.0,3190300000.0,,,,13156700000.0,,8100900000.0,,,2441000000.0,35018400000.0,1124600000.0,2036300000.0,,7417400000.0,,,940100000.0,1836600000.0,,17204300000.0,-1935300000.0,17983700000.0,35018400000.0,697200000.0,76900000.0,,,,,,,,,1326200000.0,,,,,551400000.0,,71300000.0,31500000.0,-80500000.0,,,-1297600000.0,-64500000.0,
2014-09-30,14494300000.0,,,3547900000.0,4820900000.0,,,203300000.0,2486700000.0,524700000.0,1962000000.0,1.83,1.82,1071400000.0,1075700000.0,3165800000.0,,3053500000.0,2844500000.0,,,,12110500000.0,,8043300000.0,,,2338700000.0,34648800000.0,1023300000.0,2060600000.0,,7574600000.0,,,932800000.0,1642200000.0,,17406900000.0,-2551600000.0,17669300000.0,34648800000.0,1039600000.0,115400000.0,,,,,,,,,3017500000.0,,,,,551400000.0,,308200000.0,50400000.0,-1730200000.0,,,-1703500000.0,-664400000.0,
2014-12-31,19615600000.0,,,4733600000.0,6620800000.0,,,340500000.0,3000300000.0,609800000.0,2390500000.0,2.23,2.23,1069932000.0,1074286000.0,3871600000.0,,3234600000.0,2740000000.0,2434400000.0,,,12179800000.0,,7963900000.0,1758100000.0,2884200000.0,2417700000.0,37178200000.0,1128100000.0,2472600000.0,,11207500000.0,,,998500000.0,1653500000.0,,16482700000.0,-3991800000.0,15373200000.0,37178200000.0,1379000000.0,156000000.0,36800000.0,,307100000.0,,-411500000.0,,,,4367100000.0,,,14609500000.0,9802700000.0,551400000.0,,308300000.0,24500000.0,-3909100000.0,,,-75100000.0,41400000.0,
2015-03-31,4644700000.0,,,1039300000.0,1523500000.0,,,92700000.0,617900000.0,88400000.0,529500000.0,0.5,0.5,1064200000.0,1067000000.0,3064800000.0,,3142500000.0,2980200000.0,,,,11742700000.0,,7950700000.0,3946900000.0,4947700000.0,2489400000.0,35653900000.0,1179600000.0,2516800000.0,,8342900000.0,,,954000000.0,1474400000.0,,16706800000.0,-4657500000.0,14919800000.0,35653900000.0,357500000.0,48900000.0,,,,,,,,,-84800000.0,,,,,5276700000.0,,,2700000.0,160800000.0,,,-701200000.0,-806800000.0,
2015-06-30,9623400000.0,,,2208800000.0,3158900000.0,,,-123300000.0,1297600000.0,167300000.0,1130300000.0,1.06,1.06,1063000000.0,1066300000.0,3315500000.0,,3348800000.0,3288400000.0,,,,12346000000.0,,8022600000.0,4024700000.0,4842900000.0,2701300000.0,36036600000.0,1153000000.0,2625500000.0,,8232000000.0,,,1026800000.0,1454100000.0,,16114900000.0,-4403200000.0,14670300000.0,36036600000.0,726000000.0,104700000.0,,,,,,,,,863800000.0,,,,,5276700000.0,,,61700000.0,343200000.0,,,-1644400000.0,-556100000.0,
2015-09-30,14583100000.0,,,3352200000.0,4734600000.0,,,86500000.0,2345400000.0,415400000.0,1930000000.0,1.82,1.81,1062400000.0,1066000000.0,3238800000.0,,3401900000.0,3417700000.0,,,,12567000000.0,,8075300000.0,4054900000.0,4615900000.0,2889600000.0,36304700000.0,1179300000.0,2099700000.0,,8303300000.0,,,910600000.0,1422100000.0,,16856700000.0,-4667000000.0,15221400000.0,36304700000.0,1084300000.0,159400000.0,,,,,,,,,1968500000.0,,,,,5287800000.0,,,102700000.0,-226900000.0,,,-2239600000.0,-632800000.0,
2015-12-31,19958700000.0,,,4796400000.0,6533000000.0,,,100600000.0,2790000000.0,381600000.0,2408400000.0,2.27,2.26,1061913000.0,1065720000.0,3666400000.0,785400000.0,3513000000.0,3445800000.0,291400000.0,,,12573600000.0,,8053500000.0,4039900000.0,5034800000.0,2220500000.0,35568900000.0,1338200000.0,2460300000.0,,8229600000.0,,,868900000.0,1747400000.0,,16011800000.0,-4580700000.0,14571300000.0,35568900000.0,1427700000.0,217800000.0,-748400000.0,,736300000.0,,338800000.0,,,,2772800000.0,,,4733300000.0,3226500000.0,5283100000.0,,0.0,133600000.0,26800000.0,,,-2919200000.0,-205200000.0,
2016-03-31,4865100000.0,,,1221000000.0,1473900000.0,,,-149000000.0,566800000.0,126700000.0,440100000.0,0.42,0.41,1059900000.0,1063100000.0,2307600000.0,,3622600000.0,3740200000.0,,,,11714600000.0,,8033100000.0,4045100000.0,4889800000.0,2244900000.0,34691800000.0,1151600000.0,2276600000.0,,7340900000.0,,,908000000.0,1829300000.0,,16155000000.0,-4264700000.0,15009900000.0,34691800000.0,385500000.0,62000000.0,,,,,,,,,-326900000.0,,,,,0.0,,,36500000.0,-145400000.0,,,-816400000.0,-1358800000.0,
2016-06-30,10269900000.0,,,2556900000.0,3096500000.0,,,-127800000.0,1511300000.0,323500000.0,1187800000.0,1.12,1.12,1058800000.0,1061000000.0,3238000000.0,,3947900000.0,3759900000.0,,,,12977300000.0,,8066100000.0,4026500000.0,4806300000.0,2149900000.0,36475300000.0,1207800000.0,2200600000.0,,8401000000.0,,,805100000.0,1907100000.0,,15824100000.0,-4371200000.0,14637300000.0,36475300000.0,759200000.0,127000000.0,,,,,,,,,1074900000.0,,,,,45000000.0,,,31800000.0,-1166300000.0,,,-237000000.0,-428400000.0,
2016-09-30,15461600000.0,,,3793300000.0,4661900000.0,,,-100600000.0,2482000000.0,516200000.0,1965800000.0,1.86,1.85,1058400000.0,1061100000.0,3489000000.0,,3848500000.0,3881200000.0,,,,13385900000.0,,8251900000.0,4007700000.0,4638500000.0,2279300000.0,37590300000.0,1161200000.0,2001100000.0,,8272800000.0,,,805600000.0,2111000000.0,,16601600000.0,-4257700000.0,15589200000.0,37590300000.0,1152000000.0,188500000.0,,,,,,,,,2734100000.0,,,,,45000000.0,,,75100000.0,-1961000000.0,,,-834600000.0,-177400000.0,
2016-12-31,21222100000.0,,,5243900000.0,6452000000.0,,,-84800000.0,3374000000.0,636400000.0,2737600000.0,2.59,2.58,1058324000.0,1061825000.0,4582100000.0,,4029400000.0,3561900000.0,2960900000.0,,,15101400000.0,,8252600000.0,3972700000.0,4357900000.0,1913800000.0,38805900000.0,1349300000.0,2220900000.0,,10986600000.0,,,688900000.0,2228200000.0,,16046300000.0,-5274000000.0,14007700000.0,38805900000.0,1496600000.0,255300000.0,439500000.0,,328200000.0,,265500000.0,,,,4851000000.0,,,3240500000.0,4346000000.0,45000000.0,,0.0,130100000.0,-3139100000.0,,,-559800000.0,915700000.0,
2017-03-31,5228300000.0,,,1238300000.0,1544700000.0,,,15100000.0,61200000.0,172000000.0,-110800000.0,-0.1,-0.1,1056300000.0,1056300000.0,2616900000.0,,4017200000.0,4035100000.0,,,,12976200000.0,,8425500000.0,4188000000.0,4716700000.0,2020200000.0,37624300000.0,1220100000.0,2232600000.0,,10448000000.0,,,697200000.0,2282200000.0,,15876700000.0,-5064300000.0,14031000000.0,37624300000.0,386900000.0,69300000.0,,,,,,,,,339900000.0,,,,,882100000.0,,,7800000.0,-1429600000.0,,,-875700000.0,-1965200000.0,
2017-06-30,11052600000.0,,,2489200000.0,3252100000.0,,,11200000.0,1321700000.0,424500000.0,1008000000.0,0.96,0.95,1055600000.0,1057500000.0,3069900000.0,,4349900000.0,4346000000.0,,,,15746500000.0,,8582800000.0,4290800000.0,4542600000.0,2060500000.0,40946500000.0,1257200000.0,2112100000.0,,11294500000.0,,,705000000.0,2443800000.0,,15590100000.0,-4774900000.0,14100800000.0,40946500000.0,782500000.0,139200000.0,,,,,,,,,1991000000.0,,,,,882100000.0,,,116900000.0,-3678500000.0,,,184200000.0,-1512200000.0,
2017-09-30,16710600000.0,,,3808600000.0,4807600000.0,,,-13900000.0,1913300000.0,460500000.0,1452800000.0,1.38,1.37,1054800000.0,1057000000.0,3724300000.0,,4401300000.0,4406900000.0,,,,17428400000.0,,8598500000.0,4365600000.0,4271600000.0,2197600000.0,43010400000.0,1200100000.0,2360100000.0,,12666500000.0,,,710000000.0,2288600000.0,,16145500000.0,-4609400000.0,14890300000.0,43010400000.0,1155400000.0,209100000.0,,,,,,,,,3872100000.0,,,,,882100000.0,,,178000000.0,-5436500000.0,,,684900000.0,-857800000.0,
2017-12-31,22871300000.0,,,5281800000.0,6588100000.0,,,52400000.0,2197400000.0,2401500000.0,-204100000.0,-0.19,-0.19,1052023000.0,1052023000.0,6536200000.0,,4546300000.0,4458300000.0,997400000.0,,,19202100000.0,,8826500000.0,4370100000.0,4029200000.0,2874300000.0,44981000000.0,1410700000.0,2832100000.0,,14535900000.0,,,3776500000.0,1546300000.0,,13894100000.0,-5718600000.0,11592200000.0,44981000000.0,1567300000.0,281300000.0,-787900000.0,,253900000.0,,590100000.0,,,,5615600000.0,,,5769300000.0,4611600000.0,882100000.0,,,215800000.0,-3783600000.0,,,142600000.0,1954100000.0,
2018-03-31,5700000000.0,,,1176900000.0,1500000000.0,,,67500000.0,1441000000.0,223600000.0,1217400000.0,1.16,1.16,1048000000.0,1049800000.0,3084300000.0,,4495100000.0,4631300000.0,3681600000.0,,,16261500000.0,,8958200000.0,4412400000.0,3920000000.0,1746800000.0,44355600000.0,1267400000.0,2346300000.0,,11547000000.0,,,3748100000.0,1574100000.0,,16608200000.0,-5437500000.0,14527000000.0,44355600000.0,422800000.0,68000000.0,,,,,,,,,436500000.0,,,,,0.0,,,21200000.0,-170300000.0,,,-3866500000.0,-3451900000.0,
2018-06-30,12055200000.0,3274000000.0,,2510000000.0,3153700000.0,,,105500000.0,1445800000.0,488300000.0,957500000.0,0.92,0.92,1039600000.0,1041600000.0,6817300000.0,,4823000000.0,4155500000.0,3314400000.0,,,18332700000.0,,8770800000.0,4333100000.0,3772100000.0,1776500000.0,42359200000.0,1316900000.0,2190500000.0,,13055200000.0,,,3506600000.0,1585600000.0,,14247300000.0,-6108700000.0,11555200000.0,42359200000.0,848000000.0,138200000.0,,,,,,,,,1954000000.0,,,,,0.0,,,45300000.0,2963100000.0,,,-4697900000.0,281100000.0,
2018-09-30,18117100000.0,4836300000.0,,3853300000.0,4770300000.0,,,90100000.0,2856800000.0,749800000.0,2107000000.0,2.04,2.03,1033200000.0,1037800000.0,8960000000.0,,4859400000.0,4118000000.0,3132300000.0,,,20685900000.0,,8814100000.0,4358400000.0,3619400000.0,2009200000.0,44625100000.0,1281200000.0,2146200000.0,,10826700000.0,,,3740500000.0,1547800000.0,,14408700000.0,-5439500000.0,13076600000.0,44625100000.0,1263500000.0,206700000.0,,,,,,,,,4075800000.0,,,,,0.0,,,188800000.0,2565000000.0,,,-4265200000.0,2423800000.0,
2018-12-31,24555700000.0,6430000000.0,,5307100000.0,6631800000.0,,,74800000.0,3795700000.0,563700000.0,3232000000.0,3.14,3.13,1027721000.0,1033667000.0,7998200000.0,,5246500000.0,4111800000.0,1277100000.0,,,20549600000.0,,8919500000.0,4347500000.0,3521000000.0,1892400000.0,43908400000.0,1412300000.0,2213400000.0,,11888100000.0,,,3724600000.0,2835600000.0,,11395900000.0,-5729200000.0,9828700000.0,43908400000.0,1609000000.0,279500000.0,326800000.0,,-7800000.0,,980000000.0,,,,5524500000.0,,,,837900000.0,0.0,,,191300000.0,1906000000.0,,,-5904900000.0,1462000000.0,
2019-03-31,5092200000.0,1138700000.0,,1230500000.0,1517100000.0,,,86000000.0,731100000.0,170000000.0,4241600000.0,4.33,4.31,979900000.0,984000000.0,2036400000.0,,4200500000.0,3055200000.0,,,,12597500000.0,,7780000000.0,3855900000.0,6641500000.0,1963000000.0,38006800000.0,1168100000.0,2254300000.0,,11236100000.0,,,3760400000.0,1169800000.0,,4879400000.0,-5687500000.0,2480300000.0,38006800000.0,356500000.0,75800000.0,,,,,,,,,311300000.0,,,,,6917700000.0,,,385600000.0,-7678700000.0,,,1367800000.0,-5961800000.0,
2019-06-30,10728900000.0,2263600000.0,,2632700000.0,3103400000.0,,,53600000.0,2197000000.0,308700000.0,5568800000.0,5.86,5.84,950400000.0,954200000.0,2290200000.0,,4612500000.0,3181100000.0,,,,13454500000.0,,7847500000.0,3820100000.0,6586600000.0,2052100000.0,38666400000.0,1198900000.0,2189200000.0,,11855400000.0,,,3485700000.0,1142800000.0,,4318100000.0,-5600500000.0,2780500000.0,38666400000.0,603900000.0,155300000.0,,,,,,,,,1362800000.0,,,,,6917700000.0,,,339200000.0,-7617700000.0,,,482000000.0,-5708000000.0,
2019-09-30,16205500000.0,3438600000.0,,4013600000.0,4515700000.0,,,28700000.0,3602800000.0,460600000.0,6822700000.0,7.27,7.24,938200000.0,942400000.0,,,4441700000.0,3101300000.0,,,,12661800000.0,,7801500000.0,3772500000.0,6689300000.0,2194200000.0,37893100000.0,1114900000.0,1988400000.0,,10828600000.0,,,3526500000.0,1100400000.0,,4981900000.0,-5734500000.0,3382500000.0,37893100000.0,891900000.0,230800000.0,,,,,,,,,2872900000.0,,,,,6917700000.0,707400000.0,,480700000.0,-8041500000.0,,,-1210900000.0,-6434400000.0,
2019-12-31,22319500000.0,4721200000.0,,5595000000.0,6213800000.0,,,291600000.0,5265900000.0,628000000.0,8318400000.0,8.93,8.89,931059000.0,935684000.0,2337500000.0,,4547300000.0,3190700000.0,385100000.0,,,13709600000.0,,7872900000.0,3679400000.0,6618000000.0,,39286100000.0,1405300000.0,2189400000.0,,11775200000.0,,,3607200000.0,1014300000.0,,4920400000.0,-6523600000.0,2606900000.0,39286100000.0,1232600000.0,312400000.0,62400000.0,,258700000.0,,602300000.0,,,,4836600000.0,,,,247500000.0,6917700000.0,,,248700000.0,-8082900000.0,,,-2324500000.0,-5660700000.0,
2020-03-31,5859800000.0,1215100000.0,,1392100000.0,1549600000.0,,,89100000.0,1679900000.0,223400000.0,1456500000.0,1.6,1.6,908200000.0,911700000.0,1699000000.0,,5106100000.0,3102400000.0,,,,13994200000.0,,7897900000.0,3779100000.0,7766700000.0,3044600000.0,41102800000.0,1207700000.0,2217400000.0,,12610200000.0,,,3621900000.0,1873000000.0,,5879400000.0,-6885900000.0,3078800000.0,41102800000.0,273600000.0,71800000.0,,,,,,,,,382400000.0,,,,,849300000.0,258300000.0,,-51400000.0,-1060900000.0,,,106700000.0,-638500000.0,
2020-06-30,11359200000.0,2437100000.0,,2782300000.0,2998200000.0,,,536000000.0,3323600000.0,455100000.0,2868500000.0,3.16,3.15,907700000.0,911600000.0,2365100000.0,,4828900000.0,3313900000.0,,,,14581900000.0,,7981100000.0,3723200000.0,7712500000.0,3080100000.0,41967000000.0,1247200000.0,2060900000.0,,11988500000.0,,,3377500000.0,1826800000.0,,6617200000.0,-6682900000.0,4092900000.0,41967000000.0,598000000.0,148600000.0,,,,,,,,,2877800000.0,,,,,849300000.0,540100000.0,,-4100000.0,-1271300000.0,,,-1566500000.0,27600000.0,
2020-09-30,17099800000.0,3763500000.0,,4247700000.0,4567300000.0,,,694900000.0,4760800000.0,683900000.0,4076900000.0,4.49,4.47,907500000.0,911900000.0,3595300000.0,,4886700000.0,3555400000.0,,,,16239900000.0,,8281100000.0,3726400000.0,7588600000.0,3078500000.0,43946000000.0,1430100000.0,2245000000.0,,11976900000.0,,,3392700000.0,1702600000.0,,7154000000.0,-6555100000.0,4826900000.0,43946000000.0,956400000.0,220300000.0,,,,,,,,,4684400000.0,,,,,849300000.0,933200000.0,,-16300000.0,-1584800000.0,,,-1845600000.0,1257800000.0,
2020-12-31,24539800000.0,5483300000.0,,6085700000.0,6121200000.0,,,1171900000.0,7229900000.0,1036200000.0,6193700000.0,6.82,6.79,907634000.0,912505000.0,3657100000.0,,5875300000.0,3980300000.0,730500000.0,,,17462100000.0,,8681900000.0,3766500000.0,7450000000.0,,46633100000.0,1606700000.0,2750300000.0,,12481600000.0,,,3837800000.0,1707500000.0,,7830200000.0,-6496400000.0,5641600000.0,46633100000.0,1323900000.0,308100000.0,-134500000.0,,533400000.0,,457100000.0,,,,6499600000.0,,,,358700000.0,849300000.0,,660400000.0,-102800000.0,-2258900000.0,,,-3137100000.0,1319600000.0,
2021-03-31,6805600000.0,1878600000.0,,1684800000.0,1576000000.0,,,321100000.0,1476400000.0,121100000.0,1355300000.0,1.49,1.49,908800000.0,912400000.0,3002400000.0,,5592800000.0,3660800000.0,,,,16604500000.0,,8630100000.0,3877400000.0,8087800000.0,3756200000.0,46838300000.0,1639600000.0,2806800000.0,,11714200000.0,,,3917500000.0,1737300000.0,,9181300000.0,-6395600000.0,6898700000.0,46838300000.0,350300000.0,85500000.0,,,,,,,,,1697400000.0,,,,,747400000.0,300300000.0,299300000.0,21900000.0,-1283500000.0,,,-1058400000.0,-654700000.0,
2021-06-30,13545700000.0,3831800000.0,,3357600000.0,3261700000.0,,,511600000.0,3070300000.0,324800000.0,2745500000.0,3.02,3.01,908200000.0,911600000.0,3220000000.0,,5829400000.0,3824900000.0,,,,17295500000.0,,8855500000.0,3884200000.0,7985400000.0,3638600000.0,47809000000.0,1597800000.0,2624900000.0,,15093200000.0,,,3738000000.0,1801900000.0,,8530100000.0,-6287100000.0,6444400000.0,47809000000.0,719600000.0,177400000.0,,,,,,,,,3472900000.0,,,,,747400000.0,681600000.0,324300000.0,-50500000.0,-1766800000.0,,,-2141600000.0,-437100000.0,
2021-09-30,20318500000.0,5262600000.0,,5066500000.0,4839600000.0,,,-635900000.0,4315600000.0,460000000.0,3855600000.0,4.25,4.23,907700000.0,911700000.0,3788200000.0,,5914300000.0,3907400000.0,,,,17808300000.0,,8920400000.0,3884100000.0,7887700000.0,3710400000.0,48187000000.0,1566800000.0,2326500000.0,,13682000000.0,,,3768500000.0,1748700000.0,,9639400000.0,-6172700000.0,7757000000.0,48187000000.0,1101900000.0,267500000.0,,,,,,,,,5104200000.0,,,,,747400000.0,1018400000.0,498300000.0,2700000.0,-2383300000.0,,,-2604800000.0,131100000.0,
2021-12-31,28318400000.0,7312800000.0,,7025900000.0,6431600000.0,,,-201600000.0,6155500000.0,573800000.0,5581700000.0,6.15,6.12,906963000.0,911681000.0,3818500000.0,,6672800000.0,3886000000.0,755900000.0,,,18452400000.0,,8985100000.0,3892000000.0,7691900000.0,,48806000000.0,1670600000.0,3027500000.0,,15052700000.0,,,3920000000.0,1644300000.0,,8958500000.0,-4343100000.0,8979200000.0,48806000000.0,1547600000.0,342800000.0,-802300000.0,,235900000.0,,-1515400000.0,,,,7260700000.0,,,,929900000.0,747400000.0,,874900000.0,-24300000.0,-2762300000.0,,,-4131300000.0,161400000.0,
2022-03-31,7810000000.0,2072100000.0,,1610100000.0,1557900000.0,,,-350700000.0,2053600000.0,150700000.0,1902900000.0,2.11,2.1,903700000.0,906400000.0,2459200000.0,,6322500000.0,3893000000.0,,,,16964700000.0,,9102700000.0,3892000000.0,7482400000.0,4285300000.0,46919300000.0,1433300000.0,2536700000.0,,13386000000.0,,,3978100000.0,1713900000.0,,9369400000.0,-4225300000.0,9330800000.0,46919300000.0,435700000.0,101000000.0,,,,,,,,,2499200000.0,,,,,0.0,365400000.0,165600000.0,133400000.0,-1013800000.0,,,-2878300000.0,-1359300000.0,
2022-06-30,14298000000.0,3502600000.0,,3392000000.0,3183000000.0,,,-469900000.0,3144500000.0,289100000.0,2855400000.0,3.17,3.16,902000000.0,904400000.0,2622900000.0,,6364500000.0,3899400000.0,,,,17115200000.0,,9128200000.0,3891800000.0,7497700000.0,4471600000.0,47063600000.0,1659300000.0,2003500000.0,,15620600000.0,,,3557600000.0,1783100000.0,,8556000000.0,-4287700000.0,8544700000.0,47063600000.0,784600000.0,193100000.0,,,,,,,,,3319900000.0,,,,,0.0,736400000.0,,111300000.0,-1477700000.0,,,-3002000000.0,-1195600000.0,
2022-09-30,21239600000.0,5081700000.0,,5194900000.0,4797200000.0,,,-580900000.0,4710000000.0,402900000.0,4307100000.0,4.78,4.76,901800000.0,904500000.0,2617400000.0,,6715300000.0,3831100000.0,,,,17639900000.0,,9311300000.0,3891600000.0,7124100000.0,4535700000.0,47461500000.0,1683200000.0,1986900000.0,,15652800000.0,,,3641700000.0,1852900000.0,,10006500000.0,-4295800000.0,10070100000.0,47461500000.0,1147500000.0,278200000.0,,,,,,,,,5504700000.0,,,,,0.0,1353600000.0,,268300000.0,-2401100000.0,,,-4265300000.0,-1201100000.0,
2022-12-31,28541400000.0,6629800000.0,,7190800000.0,6440400000.0,,,-320900000.0,6806400000.0,561600000.0,6244800000.0,6.93,6.9,901736000.0,904619000.0,2067000000.0,,6896000000.0,4309700000.0,2705700000.0,,,18034500000.0,,10144000000.0,4073000000.0,7206600000.0,,49489800000.0,1930600000.0,2370300000.0,,17138200000.0,,,3709600000.0,1736700000.0,,10042600000.0,-3844600000.0,10649800000.0,49489800000.0,1522500000.0,371100000.0,-2185200000.0,,599700000.0,,793500000.0,,,,7084400000.0,,,,600200000.0,327200000.0,,,206400000.0,-3261600000.0,,,-5406700000.0,-1751500000.0,
2023-03-31,6960000000.0,1626700000.0,,1985100000.0,1749200000.0,,,35700000.0,1529700000.0,184800000.0,1344900000.0,1.49,1.49,901000000.0,903300000.0,3545900000.0,,7526200000.0,4544800000.0,,,,20811400000.0,,10546200000.0,4073100000.0,7087100000.0,4488100000.0,53163000000.0,2015900000.0,2193500000.0,,16010000000.0,,,3842100000.0,1822500000.0,,10639300000.0,-3777300000.0,11190400000.0,53163000000.0,362300000.0,131200000.0,,,,,,,,,1730600000.0,,,,146000000.0,,,,-40300000.0,-688800000.0,,,412300000.0,1478900000.0,
2023-06-30,15272100000.0,3434100000.0,,4341600000.0,3674600000.0,,,-36800000.0,3618600000.0,510500000.0,3108100000.0,3.45,3.44,900300000.0,903000000.0,2694500000.0,,7516100000.0,4798700000.0,,,,21331600000.0,,11277400000.0,4078900000.0,6903500000.0,4671600000.0,54814000000.0,2474200000.0,2271600000.0,,18915000000.0,,,3330700000.0,1951800000.0,,10368500000.0,-3788700000.0,11063800000.0,54814000000.0,728600000.0,292700000.0,,,,,,,,,2362500000.0,,,,343400000.0,,,,-497100000.0,-1147900000.0,,,-621100000.0,627500000.0,
2023-09-30,24770700000.0,5294200000.0,,,5478500000.0,,,-24300000.0,4045800000.0,995100000.0,3050700000.0,3.39,3.38,900200000.0,903100000.0,2380800000.0,,8167100000.0,4901400000.0,,,,23007000000.0,,11863200000.0,4085200000.0,6781700000.0,4911900000.0,57915500000.0,2435100000.0,2585400000.0,,21998200000.0,,,3468300000.0,1906100000.0,,10309900000.0,-3784900000.0,11220400000.0,57915500000.0,1139600000.0,508300000.0,,,,,,,,,4552000000.0,,,,474800000.0,,,,169100000.0,-4228400000.0,,,-49100000.0,313800000.0,
2023-12-31,34124100000.0,7082200000.0,,,7403100000.0,,,96700000.0,6554600000.0,1314200000.0,5240400000.0,5.82,5.8,900181000.0,903284000.0,2818600000.0,,9090500000.0,5772800000.0,5373400000.0,,149500000.0,25727000000.0,,12913600000.0,4939700000.0,6906600000.0,4989900000.0,64006300000.0,2598800000.0,3281300000.0,,27293200000.0,,,3849200000.0,2240600000.0,,10312300000.0,-4327000000.0,10771900000.0,64006300000.0,1527300000.0,628500000.0,-2341000000.0,,1425000000.0,,3453400000.0,,,,4240100000.0,,,,730800000.0,,,,191900000.0,-7152700000.0,,,3495600000.0,751600000.0,
2024-03-31,8768000000.0,1673500000.0,,,1952200000.0,,,27100000.0,2536100000.0,293200000.0,2242900000.0,2.49,2.48,900800000.0,903800000.0,2460200000.0,,7885600000.0,6101800000.0,,,138600000.0,25188800000.0,,13624000000.0,4939600000.0,6762200000.0,4708100000.0,63943500000.0,2473700000.0,4199100000.0,,18598100000.0,,,4189400000.0,2270800000.0,,12553900000.0,-4299500000.0,12812200000.0,63943500000.0,400600000.0,159400000.0,,,,,,,,,1166000000.0,,,,117100000.0,,,,65200000.0,-1177600000.0,,,-311300000.0,-358400000.0,
2024-06-30,20070800000.0,3843700000.0,,,4069500000.0,,,-197600000.0,6053300000.0,843400000.0,5209900000.0,5.78,5.76,900900000.0,904200000.0,3223600000.0,,11027900000.0,6481500000.0,,,142200000.0,30204300000.0,,14829400000.0,5768200000.0,6636100000.0,4903900000.0,71874800000.0,2924800000.0,4249200000.0,,27121200000.0,,,3496600000.0,2470700000.0,,13178000000.0,-4378500000.0,13562000000.0,71874800000.0,815000000.0,370500000.0,,,,,,,,,2632200000.0,,,,250100000.0,,,,-30400000.0,-3376300000.0,,,1244200000.0,405000000.0,
2024-09-30,31509900000.0,6014500000.0,,,6169300000.0,,,-108500000.0,7641700000.0,1461500000.0,6180200000.0,6.86,6.83,901000000.0,905000000.0,3369000000.0,,10294800000.0,7459800000.0,,,134600000.0,31415100000.0,,16171800000.0,5768400000.0,6537300000.0,5121800000.0,75606900000.0,2886500000.0,5580300000.0,,24674100000.0,,,3878800000.0,2239400000.0,,13627200000.0,-4274800000.0,14240000000.0,75606900000.0,1281800000.0,503700000.0,,,,,,,,,6344100000.0,,,,525100000.0,,,,139400000.0,-7381000000.0,,,1455500000.0,550400000.0,
