Date,Net sales,Cost of sales,Gross margin,Research and development,"Selling, general and administrative",Total operating expenses,Operating income,"Other income/(expense), net",Income before provision for income taxes,Provision for income taxes,Net income,Earnings per share basic,Earnings per share diluted,Weighted-average basic,Weighted-average diluted,Cash and cash equivalents,Short-term marketable securities,"Accounts receivable, net",Inventories,Deferred tax assets,Vendor non-trade receivables,Other current assets,Total current assets,Long-term marketable securities,"Property, Plant and Equipment, Net",Goodwill,"Acquired intangible assets, net","Other Assets, Noncurrent",Total assets,accounts payable,Accrued expenses,Deferred revenue,Total current liabilities,Deferred revenue - non-current,deferred tax liabilities,long term taxes payable,Total other non-current liabilities,Total liabilities,Retained Earnings (Accumulated Deficit),Accumulated other comprehensive (loss)/income,Total shareholders equity,Total liabilities and shareholders' equity,"Depreciation, amortization and accretion",Stock-based compensation expense,Deferred income tax expense,"Increase (Decrease) in Accounts receivable, net",Increase (Decrease) in Inventories,Increase (Decrease) in Other Receivables,Increase (Decrease) in Other Operating Assets,Increase (Decrease) in Accounts Payable,Increase (Decrease) in Deferred Revenue,Increase (Decrease) Other liabilities,Cash generated by operating activities,Purchases of marketable securities,Proceeds from maturities of marketable securities,Proceeds from sales of marketable securities,Purchases of other long-term investments,"Business acquisitions, net of cash acquired",Cash payments for capital asset purchases,Payments for acquisition of intangible assets,Payments for (Proceeds from) Other Investing Activities,Cash used in investing activities,Proceeds from issuance of common stock,Excess tax benefits from stock-based compensation,Cash generated/used in financing activities,Increase/(decrease) in cash and cash equivalents,"Cash paid for income taxes, net"
2009-12-31,45189000000.0,40965000000.0,4224000000.0,,,,4466000000.0,,,1260000000.0,3024000000.0,7.86,7.78,,,2391000000.0,,,2183000000.0,815000000.0,,1027000000.0,12477000000.0,,4520000000.0,9948000000.0,311000000.0,3916000000.0,35111000000.0,2030000000.0,1976000000.0,,10703000000.0,,,,3096000000.0,30982000000.0,12351000000.0,-8595000000.0,4129000000.0,35111000000.0,,154000000.0,542000000.0,719000000.0,233000000.0,,,-21000000.0,,,3173000000.0,,,,,,852000000.0,,-48000000.0,-1518000000.0,40000000.0,21000000.0,-1476000000.0,223000000.0,
2010-03-28,10637000000.0,9701000000.0,936000000.0,,,,982000000.0,,,375000000.0,547000000.0,1.46,1.45,,,3288000000.0,,,2476000000.0,839000000.0,,706000000.0,13919000000.0,,4436000000.0,9938000000.0,283000000.0,3922000000.0,36287000000.0,2247000000.0,2406000000.0,,11572000000.0,,,,3122000000.0,32259000000.0,12267000000.0,-8608000000.0,4028000000.0,36287000000.0,,41000000.0,,549000000.0,293000000.0,,,217000000.0,,,1649000000.0,,,,,,92000000.0,,4000000.0,-8000000.0,24000000.0,,-730000000.0,897000000.0,
2010-06-27,21915000000.0,19927000000.0,1988000000.0,,,,2107000000.0,,,675000000.0,1372000000.0,3.7,3.66,370600000.0,374700000.0,2722000000.0,,,2360000000.0,962000000.0,,409000000.0,14212000000.0,,4381000000.0,9797000000.0,179000000.0,3889000000.0,36239000000.0,2271000000.0,2429000000.0,,11859000000.0,,,,3123000000.0,32505000000.0,11988000000.0,-8614000000.0,3734000000.0,36239000000.0,,82000000.0,,552000000.0,197000000.0,,,247000000.0,,,2874000000.0,,,,,,223000000.0,,28000000.0,-804000000.0,37000000.0,8000000.0,-1720000000.0,331000000.0,
2010-09-26,33009000000.0,30250000000.0,2759000000.0,,,,2969000000.0,,,941000000.0,1943000000.0,5.3,5.23,367100000.0,371100000.0,2656000000.0,,,2093000000.0,930000000.0,,413000000.0,13939000000.0,,4347000000.0,9588000000.0,158000000.0,4009000000.0,35551000000.0,2352000000.0,1992000000.0,,11638000000.0,,,,3178000000.0,31633000000.0,12150000000.0,-8590000000.0,3918000000.0,35551000000.0,,,,515000000.0,-60000000.0,,,354000000.0,,,3387000000.0,,,,,,394000000.0,,11000000.0,-867000000.0,57000000.0,,-2256000000.0,265000000.0,326000000.0
2010-12-31,45803000000.0,41967000000.0,3836000000.0,638000000.0,,,4097000000.0,,,1181000000.0,2926000000.0,8.03,7.94,364200000.0,368300000.0,2261000000.0,,,2378000000.0,4507000000.0,,502000000.0,12851000000.0,,4554000000.0,9605000000.0,,4575000000.0,35067000000.0,1627000000.0,1737000000.0,,11157000000.0,,,,3363000000.0,31359000000.0,12372000000.0,-9010000000.0,3708000000.0,35067000000.0,,168000000.0,576000000.0,15000000.0,227000000.0,,,-364000000.0,,,3547000000.0,,,,,,820000000.0,,-22000000.0,-319000000.0,,,-3363000000.0,-130000000.0,806000000.0
2011-03-27,10633000000.0,9831000000.0,802000000.0,,,,852000000.0,,,238000000.0,530000000.0,1.52,1.5,348500000.0,352600000.0,3357000000.0,,,2277000000.0,1156000000.0,,489000000.0,14743000000.0,,4461000000.0,9609000000.0,,4452000000.0,36677000000.0,2374000000.0,2193000000.0,,12430000000.0,,,,3380000000.0,32886000000.0,12274000000.0,-8828000000.0,3791000000.0,36677000000.0,,39000000.0,-12000000.0,900000000.0,-93000000.0,,,745000000.0,,,1684000000.0,,10000000.0,,,,95000000.0,,-22000000.0,-63000000.0,43000000.0,,-537000000.0,1096000000.0,
2011-06-26,22184000000.0,20485000000.0,1699000000.0,,,,1836000000.0,,1695000000.0,405000000.0,1272000000.0,3.68,3.64,345600000.0,349600000.0,3268000000.0,,,2226000000.0,1140000000.0,,519000000.0,13954000000.0,,4421000000.0,9615000000.0,,4460000000.0,35718000000.0,2219000000.0,1981000000.0,,12056000000.0,,,,3383000000.0,32430000000.0,11626000000.0,-8671000000.0,3288000000.0,35718000000.0,,79000000.0,59000000.0,861000000.0,-148000000.0,,,592000000.0,,,2527000000.0,,,,,,242000000.0,,-236000000.0,254000000.0,65000000.0,,-1784000000.0,1007000000.0,
2011-09-25,34288000000.0,31572000000.0,2716000000.0,,,,2898000000.0,,2665000000.0,,1972000000.0,5.79,5.73,340400000.0,344300000.0,4564000000.0,,,1789000000.0,1184000000.0,,606000000.0,14669000000.0,,4428000000.0,9606000000.0,,4388000000.0,36187000000.0,2328000000.0,1972000000.0,,12144000000.0,,,,3329000000.0,33244000000.0,11189000000.0,-8567000000.0,2943000000.0,36187000000.0,,116000000.0,178000000.0,853000000.0,-575000000.0,,,707000000.0,,,3038000000.0,,,,,,443000000.0,,-270000000.0,337000000.0,90000000.0,,-1063000000.0,2303000000.0,562000000.0
2011-12-31,46499000000.0,42795000000.0,3704000000.0,585000000.0,,,3980000000.0,,3631000000.0,964000000.0,2655000000.0,7.9,7.81,335900000.0,339900000.0,3582000000.0,,,2481000000.0,5719000000.0,,625000000.0,14094000000.0,,4611000000.0,10148000000.0,,4667000000.0,37908000000.0,2269000000.0,1798000000.0,,12130000000.0,,,,3541000000.0,36907000000.0,11937000000.0,-11257000000.0,1001000000.0,37908000000.0,,157000000.0,-2000000.0,363000000.0,74000000.0,,,609000000.0,,,4253000000.0,,,,,,987000000.0,,-313000000.0,-813000000.0,,,-2119000000.0,1321000000.0,722000000.0
2012-03-25,11293000000.0,10319000000.0,974000000.0,,,,1009000000.0,,948000000.0,,668000000.0,2.06,2.03,324100000.0,328600000.0,3518000000.0,,,2380000000.0,1332000000.0,,611000000.0,14561000000.0,,4530000000.0,10170000000.0,,4789000000.0,38340000000.0,2384000000.0,2055000000.0,,12211000000.0,,,,3613000000.0,36767000000.0,12277000000.0,-11030000000.0,1573000000.0,38340000000.0,,41000000.0,,654000000.0,-104000000.0,,,116000000.0,,,458000000.0,,,,,,131000000.0,,18000000.0,-149000000.0,159000000.0,,-373000000.0,-64000000.0,150000000.0
2012-06-24,23214000000.0,21057000000.0,2157000000.0,,,,2212000000.0,,2068000000.0,,1449000000.0,4.47,4.41,324500000.0,328800000.0,3802000000.0,,,,1327000000.0,,581000000.0,14800000000.0,,4495000000.0,10158000000.0,,4747000000.0,38386000000.0,2359000000.0,1804000000.0,,12268000000.0,,,,3529000000.0,36182000000.0,12727000000.0,-10864000000.0,2204000000.0,38386000000.0,,87000000.0,,505000000.0,38000000.0,,,91000000.0,,,1303000000.0,,,,,,306000000.0,,-8000000.0,-298000000.0,,,-785000000.0,220000000.0,690000000.0
2012-09-30,35083000000.0,31945000000.0,3138000000.0,,,,3310000000.0,,3114000000.0,,2176000000.0,6.72,6.62,324000000.0,328600000.0,4652000000.0,,,,1281000000.0,,552000000.0,15791000000.0,,4486000000.0,10183000000.0,,4788000000.0,39321000000.0,2184000000.0,2213000000.0,,12668000000.0,,,,3625000000.0,36879000000.0,12703000000.0,-10582000000.0,2442000000.0,39321000000.0,,129000000.0,,365000000.0,387000000.0,,,-86000000.0,,,2876000000.0,,,,,,514000000.0,,33000000.0,-547000000.0,,,-1259000000.0,1070000000.0,892000000.0
2012-12-31,47182000000.0,42986000000.0,4196000000.0,616000000.0,,,4434000000.0,,4072000000.0,1327000000.0,2745000000.0,8.48,8.36,323700000.0,328400000.0,1898000000.0,,,,6072000000.0,,1188000000.0,13855000000.0,,4675000000.0,10370000000.0,,4948000000.0,38657000000.0,2038000000.0,1815000000.0,,12155000000.0,,,,3807000000.0,38618000000.0,13211000000.0,-13493000000.0,39000000.0,38657000000.0,,167000000.0,930000000.0,460000000.0,422000000.0,,,-236000000.0,,,1561000000.0,,,,,,942000000.0,,-24000000.0,-1222000000.0,,,-2023000000.0,-1684000000.0,890000000.0
2013-03-31,11070000000.0,10029000000.0,1041000000.0,,,,1119000000.0,,1025000000.0,,761000000.0,2.37,2.33,321700000.0,326300000.0,3065000000.0,,,,1261000000.0,,683000000.0,14872000000.0,,4617000000.0,10356000000.0,,4985000000.0,39580000000.0,2123000000.0,2236000000.0,,12625000000.0,,,,3880000000.0,39276000000.0,13268000000.0,-13282000000.0,304000000.0,39580000000.0,,53000000.0,,384000000.0,-43000000.0,,,83000000.0,,,2085000000.0,,,,,,106000000.0,,50000000.0,-156000000.0,,,-762000000.0,1167000000.0,
2013-06-30,22478000000.0,20213000000.0,2265000000.0,,,,2417000000.0,,2236000000.0,616000000.0,1620000000.0,5.04,4.97,321200000.0,326100000.0,2845000000.0,,,,1233000000.0,,580000000.0,14379000000.0,,4594000000.0,10352000000.0,,4941000000.0,38947000000.0,2044000000.0,2138000000.0,,12253000000.0,,,,3875000000.0,38253000000.0,13416000000.0,-13041000000.0,694000000.0,38947000000.0,,112000000.0,,244000000.0,-43000000.0,,,5000000.0,,,2708000000.0,,,,,,282000000.0,,65000000.0,-347000000.0,,,-1414000000.0,947000000.0,140000000.0
2013-09-29,33825000000.0,30376000000.0,3449000000.0,,,,3671000000.0,,3409000000.0,947000000.0,2493000000.0,7.76,7.63,321300000.0,327500000.0,2661000000.0,,,,1167000000.0,,452000000.0,14119000000.0,,4598000000.0,10534000000.0,,4999000000.0,38907000000.0,1928000000.0,2278000000.0,,12293000000.0,,,,3827000000.0,37630000000.0,13694000000.0,-12735000000.0,1277000000.0,38907000000.0,,150000000.0,,310000000.0,-18000000.0,,,-119000000.0,,,3608000000.0,,,,,,491000000.0,,27000000.0,-784000000.0,,,-2061000000.0,763000000.0,387000000.0
2013-12-31,45358000000.0,41171000000.0,4187000000.0,697000000.0,,,4505000000.0,,4155000000.0,1205000000.0,2981000000.0,9.29,9.13,320900000.0,326500000.0,2617000000.0,,,,3933000000.0,,813000000.0,13329000000.0,,4706000000.0,10348000000.0,,4955000000.0,36188000000.0,1397000000.0,1565000000.0,,11120000000.0,,,,3735000000.0,31270000000.0,14200000000.0,-9601000000.0,4918000000.0,36188000000.0,,189000000.0,-5000000.0,-767000000.0,60000000.0,,,-647000000.0,,,4546000000.0,,,,,,836000000.0,,16000000.0,-1121000000.0,,,-2706000000.0,719000000.0,787000000.0
2014-03-30,10650000000.0,9279000000.0,1371000000.0,,,,1432000000.0,,1348000000.0,415000000.0,933000000.0,2.92,2.87,319100000.0,325100000.0,3264000000.0,,,,1135000000.0,,631000000.0,14234000000.0,,4612000000.0,10370000000.0,,4921000000.0,36919000000.0,1942000000.0,2134000000.0,,11995000000.0,,,,3632000000.0,32119000000.0,13922000000.0,-9437000000.0,4800000000.0,36919000000.0,,48000000.0,,423000000.0,-29000000.0,,,545000000.0,,,2100000000.0,,,,,,103000000.0,,23000000.0,-126000000.0,,,-1327000000.0,647000000.0,
2014-06-29,21956000000.0,19244000000.0,2712000000.0,,,,2858000000.0,,2689000000.0,867000000.0,1822000000.0,5.73,5.63,318000000.0,323600000.0,3436000000.0,,,,1153000000.0,,494000000.0,14163000000.0,,4559000000.0,10505000000.0,,4910000000.0,37250000000.0,1956000000.0,2179000000.0,,12147000000.0,,,,3668000000.0,32931000000.0,13988000000.0,-9984000000.0,4319000000.0,37250000000.0,,97000000.0,,598000000.0,-307000000.0,,,557000000.0,,,3077000000.0,,,,,,253000000.0,,1000000.0,-426000000.0,,,-1832000000.0,819000000.0,560000000.0
2014-09-28,33070000000.0,29083000000.0,3987000000.0,,,,4250000000.0,,4000000000.0,1290000000.0,2710000000.0,8.54,8.39,317400000.0,323000000.0,2963000000.0,,,,1183000000.0,,559000000.0,13684000000.0,,4590000000.0,10774000000.0,,4931000000.0,36933000000.0,2000000000.0,2310000000.0,,12133000000.0,,,,3604000000.0,32359000000.0,14124000000.0,-9864000000.0,4574000000.0,36933000000.0,,128000000.0,,231000000.0,-66000000.0,,,596000000.0,,,4067000000.0,,,,,,456000000.0,,-14000000.0,-1064000000.0,,,-2657000000.0,346000000.0,1000000000.0
2014-12-31,45600000000.0,40345000000.0,5255000000.0,751000000.0,,,5592000000.0,,5258000000.0,1644000000.0,3614000000.0,11.41,11.21,316800000.0,322400000.0,1446000000.0,,,,5452000000.0,,666000000.0,12329000000.0,,4755000000.0,10862000000.0,,5114000000.0,37073000000.0,1570000000.0,1926000000.0,,11112000000.0,,,,3877000000.0,33673000000.0,14956000000.0,-11870000000.0,3400000000.0,37073000000.0,,164000000.0,-401000000.0,-28000000.0,-77000000.0,,,95000000.0,,,3866000000.0,,,,,,845000000.0,,-20000000.0,-1723000000.0,,,-3314000000.0,-1171000000.0,1500000000.0
2015-03-29,10111000000.0,8848000000.0,1263000000.0,,,,1356000000.0,,1266000000.0,388000000.0,878000000.0,2.78,2.74,315400000.0,320200000.0,3486000000.0,,,,1468000000.0,,632000000.0,15218000000.0,,4654000000.0,10841000000.0,,5015000000.0,39752000000.0,1945000000.0,2352000000.0,,11567000000.0,,,,3763000000.0,36232000000.0,14922000000.0,-11715000000.0,3520000000.0,39752000000.0,,40000000.0,,661000000.0,205000000.0,,,375000000.0,,,957000000.0,,,,,,118000000.0,,-26000000.0,-92000000.0,,,1175000000.0,2040000000.0,
2015-06-28,21754000000.0,19120000000.0,2634000000.0,,,,2801000000.0,,2609000000.0,802000000.0,1807000000.0,5.76,5.68,313700000.0,318200000.0,3202000000.0,,,,1469000000.0,,520000000.0,15287000000.0,,4640000000.0,10867000000.0,,5019000000.0,39848000000.0,2016000000.0,2799000000.0,,12624000000.0,,,,3815000000.0,36866000000.0,14129000000.0,-11456000000.0,2982000000.0,39848000000.0,,89000000.0,,1183000000.0,154000000.0,,,453000000.0,,,2220000000.0,,,,,,309000000.0,,-91000000.0,-218000000.0,,,-246000000.0,1756000000.0,500000000.0
2015-09-27,33215000000.0,29325000000.0,3890000000.0,,,,4155000000.0,,3860000000.0,1188000000.0,2672000000.0,8.57,8.45,311900000.0,316300000.0,3300000000.0,,,,1263000000.0,,515000000.0,15055000000.0,,4677000000.0,10832000000.0,,4957000000.0,39617000000.0,2215000000.0,2527000000.0,,12980000000.0,,,,3908000000.0,36804000000.0,13828000000.0,-11321000000.0,2813000000.0,39617000000.0,,118000000.0,,861000000.0,359000000.0,,,637000000.0,,,3737000000.0,,,,,,500000000.0,,-89000000.0,-411000000.0,,,-1472000000.0,1854000000.0,1200000000.0
2015-12-31,46132000000.0,40932000000.0,5200000000.0,839000000.0,,,5436000000.0,,5023000000.0,1418000000.0,3605000000.0,11.62,11.46,310300000.0,314700000.0,1090000000.0,,,,5925000000.0,,622000000.0,16198000000.0,,5490000000.0,13576000000.0,4147000000.0,5247000000.0,49128000000.0,1974000000.0,2223000000.0,,14057000000.0,,,,4792000000.0,46031000000.0,14238000000.0,-11444000000.0,3097000000.0,49128000000.0,,138000000.0,-445000000.0,256000000.0,398000000.0,,,-160000000.0,,,5101000000.0,,,,,,939000000.0,,-208000000.0,-9734000000.0,,,4277000000.0,-356000000.0,1800000000.0
2016-03-27,11702000000.0,10467000000.0,1235000000.0,,,,1297000000.0,,1134000000.0,340000000.0,794000000.0,2.61,2.58,304500000.0,307800000.0,1452000000.0,,,,,,472000000.0,15767000000.0,,5417000000.0,13583000000.0,4121000000.0,5377000000.0,50158000000.0,2715000000.0,2422000000.0,,14912000000.0,,,,4877000000.0,46981000000.0,14128000000.0,-11254000000.0,3177000000.0,50158000000.0,,44000000.0,,558000000.0,310000000.0,,,751000000.0,,,1563000000.0,,,,,,151000000.0,,-4000000.0,-147000000.0,,,-1054000000.0,362000000.0,
2016-06-26,24616000000.0,21957000000.0,2659000000.0,,,,2863000000.0,,2534000000.0,615000000.0,1919000000.0,6.32,6.23,303800000.0,307900000.0,1269000000.0,,,,,,393000000.0,16073000000.0,,5438000000.0,13621000000.0,4051000000.0,5395000000.0,50408000000.0,2778000000.0,3067000000.0,,15595000000.0,,,,4620000000.0,47411000000.0,13800000000.0,-11104000000.0,2997000000.0,50408000000.0,,97000000.0,,1214000000.0,233000000.0,,,806000000.0,,,3140000000.0,,,,,,386000000.0,,-59000000.0,-327000000.0,,,-2634000000.0,179000000.0,
2016-09-25,33496000000.0,29787000000.0,3709000000.0,,,,4121000000.0,,3631000000.0,837000000.0,4314000000.0,14.28,14.1,302000000.0,305900000.0,2895000000.0,,,,,,408000000.0,17110000000.0,,5369000000.0,10791000000.0,4205000000.0,5414000000.0,48739000000.0,2840000000.0,2899000000.0,,14425000000.0,,,,4638000000.0,46309000000.0,13023000000.0,-10991000000.0,2323000000.0,48739000000.0,,124000000.0,,1537000000.0,235000000.0,,,1033000000.0,,,4460000000.0,,,,,,627000000.0,,-76000000.0,-551000000.0,,,-2104000000.0,1805000000.0,
2016-12-31,47248000000.0,42186000000.0,5062000000.0,988000000.0,,,5549000000.0,,4886000000.0,1133000000.0,5302000000.0,17.71,17.49,299300000.0,303100000.0,1837000000.0,,,,6589000000.0,,399000000.0,15108000000.0,,5549000000.0,10764000000.0,4093000000.0,5667000000.0,47806000000.0,1653000000.0,2349000000.0,,12542000000.0,,,,4659000000.0,46200000000.0,13324000000.0,-12102000000.0,1511000000.0,47806000000.0,,149000000.0,-152000000.0,811000000.0,46000000.0,,,-188000000.0,,,5189000000.0,,,,,,1063000000.0,,-78000000.0,-985000000.0,,,-3457000000.0,747000000.0,1300000000.0
2017-03-26,11057000000.0,9904000000.0,1153000000.0,,,,1149000000.0,,995000000.0,232000000.0,763000000.0,2.63,2.61,290000000.0,292800000.0,2216000000.0,,,,,,427000000.0,16586000000.0,,5481000000.0,10773000000.0,4019000000.0,5488000000.0,48836000000.0,2718000000.0,2660000000.0,,13597000000.0,,,,4609000000.0,47251000000.0,13087000000.0,-11892000000.0,1483000000.0,48836000000.0,,44000000.0,,667000000.0,404000000.0,,,1111000000.0,,,1666000000.0,,,,,,170000000.0,,-4000000.0,-166000000.0,,,-1121000000.0,379000000.0,
2017-06-25,23742000000.0,21164000000.0,2578000000.0,,,,2634000000.0,,2318000000.0,613000000.0,1705000000.0,5.9,5.84,289200000.0,292000000.0,2452000000.0,,,,,,411000000.0,16566000000.0,,5532000000.0,10780000000.0,3944000000.0,5557000000.0,48711000000.0,2554000000.0,2831000000.0,,13641000000.0,,,,4619000000.0,47362000000.0,12616000000.0,-11637000000.0,1265000000.0,48711000000.0,,101000000.0,,560000000.0,271000000.0,,,940000000.0,,,3210000000.0,,,,,,448000000.0,,-9000000.0,-439000000.0,,,-2156000000.0,615000000.0,
2017-09-24,35911000000.0,31982000000.0,3929000000.0,,,,4062000000.0,,3577000000.0,933000000.0,2644000000.0,9.16,9.08,288500000.0,291300000.0,2941000000.0,,,,,,443000000.0,17208000000.0,,5511000000.0,10812000000.0,3877000000.0,5568000000.0,48946000000.0,2848000000.0,2146000000.0,,13084000000.0,,,,4563000000.0,46771000000.0,13173000000.0,-11360000000.0,2098000000.0,48946000000.0,,133000000.0,,819000000.0,133000000.0,,,1229000000.0,,,4964000000.0,,,,,,670000000.0,,-15000000.0,-655000000.0,,,-3205000000.0,1104000000.0,
2017-12-31,51048000000.0,45500000000.0,5548000000.0,1200000000.0,,,5921000000.0,,5269000000.0,3340000000.0,2002000000.0,6.96,6.89,287800000.0,290600000.0,2861000000.0,,,,3083000000.0,,1510000000.0,17461000000.0,,5775000000.0,10807000000.0,3797000000.0,5570000000.0,46521000000.0,1467000000.0,1883000000.0,,12637000000.0,,,,4558000000.0,47130000000.0,11573000000.0,-12540000000.0,-683000000.0,46521000000.0,,158000000.0,3432000000.0,401000000.0,-183000000.0,,,-189000000.0,,,6476000000.0,,,,,,1177000000.0,,-30000000.0,-1147000000.0,,,-4305000000.0,1024000000.0,1100000000.0
2018-03-25,11635000000.0,9977000000.0,1658000000.0,,,,1725000000.0,,1360000000.0,203000000.0,1157000000.0,4.05,4.02,285500000.0,287900000.0,2393000000.0,,,,,,449000000.0,17816000000.0,,5749000000.0,10806000000.0,3730000000.0,5449000000.0,46634000000.0,2715000000.0,2188000000.0,6550000000.0,13974000000.0,,,,4386000000.0,46745000000.0,14123000000.0,-14589000000.0,-182000000.0,46634000000.0,,38000000.0,,108000000.0,318000000.0,,,1290000000.0,,,632000000.0,,,,,,216000000.0,,-130000000.0,-86000000.0,,,-1014000000.0,-468000000.0,
2018-06-24,25033000000.0,21622000000.0,3411000000.0,,,,3520000000.0,,2780000000.0,460000000.0,2320000000.0,8.13,8.07,285200000.0,287500000.0,1181000000.0,,,,,,522000000.0,16504000000.0,,5786000000.0,10781000000.0,3646000000.0,5357000000.0,45125000000.0,2675000000.0,1992000000.0,6413000000.0,13881000000.0,,,,4384000000.0,44646000000.0,14528000000.0,-14395000000.0,416000000.0,45125000000.0,,98000000.0,,217000000.0,160000000.0,,,1224000000.0,-615000000.0,,560000000.0,,,,,,480000000.0,,-151000000.0,-329000000.0,,,-1911000000.0,-1680000000.0,
2018-09-30,39351000000.0,34019000000.0,5332000000.0,,,,5483000000.0,,4355000000.0,562000000.0,3793000000.0,13.31,13.21,284900000.0,287200000.0,897000000.0,,,,,,727000000.0,16859000000.0,,5902000000.0,10788000000.0,3570000000.0,5340000000.0,45495000000.0,2691000000.0,2619000000.0,6489000000.0,15204000000.0,,,,4411000000.0,44493000000.0,14737000000.0,-14077000000.0,943000000.0,45495000000.0,,148000000.0,,151000000.0,172000000.0,,,1237000000.0,-539000000.0,,921000000.0,,,,,,819000000.0,,-146000000.0,-673000000.0,,,-2212000000.0,-1964000000.0,
2018-12-31,53762000000.0,46488000000.0,7274000000.0,1300000000.0,,,7334000000.0,,5838000000.0,792000000.0,5046000000.0,17.74,17.59,284500000.0,286800000.0,772000000.0,,,2997000000.0,3186000000.0,,418000000.0,16103000000.0,,6124000000.0,10800000000.0,3494000000.0,5178000000.0,44876000000.0,2402000000.0,1883000000.0,6491000000.0,14398000000.0,,,,4311000000.0,43427000000.0,15434000000.0,-14321000000.0,1394000000.0,44876000000.0,,173000000.0,-244000000.0,179000000.0,119000000.0,,,914000000.0,-537000000.0,,3138000000.0,,,,,,1278000000.0,,-203000000.0,-1075000000.0,,,-4152000000.0,-2089000000.0,-41000000.0
2019-03-31,14336000000.0,12148000000.0,2188000000.0,,,,2283000000.0,,1945000000.0,241000000.0,1704000000.0,6.03,5.99,282500000.0,284300000.0,991000000.0,,,,,,425000000.0,18031000000.0,,6140000000.0,10769000000.0,3425000000.0,6150000000.0,47684000000.0,3097000000.0,2349000000.0,6796000000.0,15403000000.0,,,,5022000000.0,45162000000.0,16278000000.0,-14094000000.0,2465000000.0,47684000000.0,,37000000.0,,389000000.0,288000000.0,,,744000000.0,305000000.0,,1663000000.0,,,,,,284000000.0,,-27000000.0,-257000000.0,,,-1187000000.0,219000000.0,
2019-06-30,28763000000.0,24582000000.0,4181000000.0,,,,4291000000.0,,3628000000.0,504000000.0,3124000000.0,11.07,11.0,282300000.0,284100000.0,1167000000.0,,,,,,400000000.0,18100000000.0,,6170000000.0,10775000000.0,3351000000.0,6281000000.0,47840000000.0,2611000000.0,2778000000.0,6766000000.0,15132000000.0,,,,5061000000.0,44944000000.0,16408000000.0,-13839000000.0,2850000000.0,47840000000.0,,104000000.0,,102000000.0,602000000.0,,,237000000.0,275000000.0,,3331000000.0,,,,,,533000000.0,,-25000000.0,-508000000.0,,,-2428000000.0,395000000.0,
2019-09-29,43934000000.0,37690000000.0,6244000000.0,,,,6396000000.0,,5409000000.0,677000000.0,4732000000.0,16.77,16.66,282200000.0,284000000.0,2539000000.0,,,,,,402000000.0,19803000000.0,,6240000000.0,10762000000.0,3278000000.0,6280000000.0,49275000000.0,2904000000.0,2626000000.0,6777000000.0,15515000000.0,,,,5058000000.0,45338000000.0,17265000000.0,-13653000000.0,3893000000.0,49275000000.0,,158000000.0,,-60000000.0,477000000.0,,,524000000.0,286000000.0,,5821000000.0,,,,,,841000000.0,,-38000000.0,-803000000.0,,,-3251000000.0,1767000000.0,
2019-12-31,59812000000.0,51445000000.0,8367000000.0,1300000000.0,,,8545000000.0,,7241000000.0,1011000000.0,6230000000.0,22.09,21.95,282000000.0,283800000.0,1514000000.0,,,3619000000.0,3307000000.0,,531000000.0,17095000000.0,,6591000000.0,10604000000.0,3213000000.0,6706000000.0,47528000000.0,1281000000.0,1921000000.0,7054000000.0,13972000000.0,,,,5410000000.0,44357000000.0,18401000000.0,-15554000000.0,3127000000.0,47528000000.0,,189000000.0,222000000.0,-107000000.0,622000000.0,,,-1098000000.0,563000000.0,,7311000000.0,,,,,,1484000000.0,,-243000000.0,-1241000000.0,,,-5328000000.0,742000000.0,940000000.0
2020-03-29,15651000000.0,13560000000.0,2091000000.0,,,,2122000000.0,,2030000000.0,313000000.0,1717000000.0,6.1,6.08,281300000.0,282600000.0,1988000000.0,,,,,,614000000.0,19222000000.0,,6605000000.0,10565000000.0,3142000000.0,6550000000.0,49248000000.0,3166000000.0,2009000000.0,7205000000.0,15652000000.0,,,,5592000000.0,45761000000.0,18708000000.0,-15541000000.0,3446000000.0,49248000000.0,,42000000.0,,555000000.0,-80000000.0,,,1894000000.0,151000000.0,,2314000000.0,,,,,,293000000.0,,2000000.0,-295000000.0,,,-1545000000.0,474000000.0,
2020-06-28,31871000000.0,27567000000.0,4304000000.0,,,,4208000000.0,,3992000000.0,649000000.0,3343000000.0,11.92,11.87,280500000.0,281700000.0,2855000000.0,,,,,,538000000.0,19570000000.0,,6663000000.0,10579000000.0,3077000000.0,6587000000.0,49603000000.0,1453000000.0,2966000000.0,7481000000.0,14888000000.0,,,,5834000000.0,45817000000.0,18876000000.0,-15403000000.0,3751000000.0,49603000000.0,,115000000.0,,498000000.0,-98000000.0,,,191000000.0,427000000.0,,4496000000.0,,,,,,636000000.0,,-4000000.0,-632000000.0,,,-2523000000.0,1341000000.0,
2020-09-27,48366000000.0,41926000000.0,6440000000.0,,,,6355000000.0,,6048000000.0,952000000.0,5041000000.0,17.99,17.92,280100000.0,281300000.0,3585000000.0,,,,,,544000000.0,20290000000.0,,6803000000.0,10589000000.0,3013000000.0,6880000000.0,50773000000.0,1491000000.0,2538000000.0,7354000000.0,15201000000.0,,,,6146000000.0,45787000000.0,19844000000.0,-15259000000.0,4953000000.0,50773000000.0,,182000000.0,,143000000.0,-326000000.0,,,247000000.0,300000000.0,,6376000000.0,,,,,,1044000000.0,,-27000000.0,-1017000000.0,,,-3288000000.0,2071000000.0,
2020-12-31,65398000000.0,56744000000.0,8654000000.0,1300000000.0,,,8644000000.0,,8235000000.0,1347000000.0,6833000000.0,24.4,24.3,280000000.0,281200000.0,3160000000.0,,,3545000000.0,3468000000.0,,1150000000.0,19378000000.0,,7213000000.0,10806000000.0,3012000000.0,6826000000.0,50710000000.0,880000000.0,1845000000.0,7545000000.0,13933000000.0,,,,6196000000.0,44672000000.0,21636000000.0,-16121000000.0,6015000000.0,50710000000.0,,221000000.0,5000000.0,-359000000.0,-74000000.0,,,-372000000.0,491000000.0,,8183000000.0,,,,,282000000.0,1766000000.0,,-38000000.0,-2010000000.0,,,-4527000000.0,1646000000.0,1400000000.0
2021-03-28,16258000000.0,14072000000.0,2186000000.0,,,,2182000000.0,,2211000000.0,374000000.0,1837000000.0,6.58,6.56,279000000.0,280000000.0,2933000000.0,,,,,,941000000.0,20252000000.0,,7213000000.0,10799000000.0,2930000000.0,6868000000.0,51437000000.0,1889000000.0,2273000000.0,7255000000.0,14717000000.0,,,,6087000000.0,45104000000.0,21977000000.0,-16008000000.0,6312000000.0,51437000000.0,,47000000.0,,236000000.0,-289000000.0,,,1023000000.0,-290000000.0,,1748000000.0,,,,,,281000000.0,,-112000000.0,-169000000.0,,,-1806000000.0,-227000000.0,
2021-06-27,33287000000.0,28950000000.0,4337000000.0,,,,4374000000.0,,4381000000.0,729000000.0,3652000000.0,13.13,13.08,278100000.0,279100000.0,2745000000.0,,,,,,774000000.0,20674000000.0,,7290000000.0,10810000000.0,2849000000.0,7099000000.0,52099000000.0,1608000000.0,2720000000.0,7379000000.0,15242000000.0,,,,6250000000.0,45569000000.0,21961000000.0,-15837000000.0,6522000000.0,52099000000.0,,127000000.0,,633000000.0,-426000000.0,,,743000000.0,-166000000.0,,3016000000.0,,,,,,599000000.0,,-210000000.0,-389000000.0,,,-3042000000.0,-415000000.0,
2021-09-26,49315000000.0,42676000000.0,6639000000.0,,,,6668000000.0,,5060000000.0,794000000.0,4266000000.0,15.37,15.32,277500000.0,278500000.0,2727000000.0,,,,,,763000000.0,21357000000.0,,7332000000.0,10815000000.0,2768000000.0,6907000000.0,51843000000.0,1520000000.0,2863000000.0,7515000000.0,15026000000.0,,,,6167000000.0,42212000000.0,21476000000.0,-12217000000.0,9631000000.0,51843000000.0,,189000000.0,,289000000.0,-642000000.0,,,653000000.0,-30000000.0,,4953000000.0,,,,,,915000000.0,,-296000000.0,-619000000.0,,,-4767000000.0,-433000000.0,
2021-12-31,67044000000.0,57983000000.0,9061000000.0,1500000000.0,,,9123000000.0,,7550000000.0,1235000000.0,6315000000.0,22.85,22.76,276400000.0,277400000.0,3604000000.0,,,2981000000.0,2282000000.0,,688000000.0,19815000000.0,,7597000000.0,10813000000.0,2706000000.0,7652000000.0,50873000000.0,780000000.0,1996000000.0,8107000000.0,13997000000.0,,,,5928000000.0,39914000000.0,21600000000.0,-11006000000.0,10959000000.0,50873000000.0,,227000000.0,-183000000.0,-15000000.0,-564000000.0,,,-98000000.0,562000000.0,,9221000000.0,,,,,0.0,1522000000.0,,-361000000.0,-1161000000.0,,,-7616000000.0,444000000.0,1400000000.0
2022-03-27,14964000000.0,13055000000.0,1909000000.0,,,,1933000000.0,,2061000000.0,328000000.0,1733000000.0,6.46,6.44,268300000.0,269200000.0,1883000000.0,,,,,,706000000.0,20390000000.0,,7561000000.0,10811000000.0,2644000000.0,7416000000.0,51510000000.0,2599000000.0,2375000000.0,7902000000.0,16047000000.0,,,,6173000000.0,41508000000.0,20716000000.0,-10979000000.0,10002000000.0,51510000000.0,,54000000.0,-411000000.0,564000000.0,163000000.0,,,1829000000.0,-205000000.0,,1410000000.0,,,,,,268000000.0,,-17000000.0,-251000000.0,,,-2880000000.0,-1721000000.0,
2022-06-26,30410000000.0,26545000000.0,3865000000.0,,,,3896000000.0,,2391000000.0,349000000.0,2042000000.0,7.65,7.62,267000000.0,267900000.0,1775000000.0,,,,,,613000000.0,20973000000.0,,7569000000.0,10794000000.0,2584000000.0,7158000000.0,51758000000.0,2309000000.0,3158000000.0,8077000000.0,16479000000.0,,,,6395000000.0,40326000000.0,19336000000.0,-8168000000.0,11432000000.0,51758000000.0,,134000000.0,-1172000000.0,1438000000.0,450000000.0,,,1522000000.0,-30000000.0,,2741000000.0,,,,,,572000000.0,,11000000.0,-583000000.0,,,-3987000000.0,-1829000000.0,
2022-09-25,46993000000.0,41008000000.0,5985000000.0,,,,6055000000.0,,4490000000.0,670000000.0,3820000000.0,14.36,14.31,266000000.0,266900000.0,2430000000.0,,,,,,600000000.0,20960000000.0,,7629000000.0,10764000000.0,2521000000.0,7040000000.0,52030000000.0,2622000000.0,2515000000.0,8059000000.0,16347000000.0,,,,6492000000.0,40064000000.0,19839000000.0,-8134000000.0,11966000000.0,52030000000.0,,195000000.0,-540000000.0,521000000.0,132000000.0,,,1834000000.0,-48000000.0,,5874000000.0,,,,,,977000000.0,,4000000.0,-981000000.0,,,-6067000000.0,-1174000000.0,
2022-12-31,65984000000.0,57697000000.0,8287000000.0,1700000000.0,,,8348000000.0,,6680000000.0,948000000.0,5732000000.0,21.74,21.66,263700000.0,264600000.0,2547000000.0,,,3088000000.0,3739000000.0,,533000000.0,20991000000.0,,7975000000.0,10780000000.0,2459000000.0,6931000000.0,52880000000.0,2117000000.0,2207000000.0,8488000000.0,15887000000.0,,,,6826000000.0,43614000000.0,16943000000.0,-8023000000.0,9266000000.0,52880000000.0,,238000000.0,-757000000.0,542000000.0,107000000.0,,,1274000000.0,381000000.0,,7802000000.0,,,,,,1670000000.0,,119000000.0,-1789000000.0,,,-7070000000.0,-1057000000.0,1600000000.0
2023-03-26,15126000000.0,13080000000.0,2046000000.0,,,,2037000000.0,,1994000000.0,305000000.0,1689000000.0,6.63,6.61,254700000.0,255700000.0,2440000000.0,,,,,,461000000.0,22144000000.0,,7938000000.0,10776000000.0,2397000000.0,7192000000.0,54622000000.0,3271000000.0,2626000000.0,8336000000.0,16982000000.0,,,,7087000000.0,44976000000.0,17478000000.0,-8086000000.0,9646000000.0,54622000000.0,,57000000.0,-117000000.0,78000000.0,383000000.0,,,1217000000.0,-152000000.0,,1564000000.0,,,,,,294000000.0,,-35000000.0,-259000000.0,,,-1412000000.0,-107000000.0,
2023-06-25,31819000000.0,27683000000.0,4136000000.0,,,,4172000000.0,,4000000000.0,630000000.0,3370000000.0,13.28,13.24,253700000.0,254600000.0,3673000000.0,,,,,,481000000.0,24087000000.0,,7966000000.0,10795000000.0,2336000000.0,7276000000.0,56978000000.0,3466000000.0,2875000000.0,8184000000.0,17704000000.0,,,,7399000000.0,47738000000.0,17068000000.0,-8079000000.0,9240000000.0,56978000000.0,,146000000.0,-234000000.0,922000000.0,410000000.0,,,1397000000.0,-304000000.0,,2664000000.0,,,,,,623000000.0,,-30000000.0,-593000000.0,,,-945000000.0,1126000000.0,
2023-09-24,48697000000.0,42513000000.0,6184000000.0,,,,6214000000.0,,5953000000.0,899000000.0,5054000000.0,20.04,19.97,252200000.0,253100000.0,3551000000.0,,,,,,449000000.0,23322000000.0,,8046000000.0,10782000000.0,2274000000.0,7369000000.0,56666000000.0,3817000000.0,2133000000.0,7936000000.0,17193000000.0,,,,7655000000.0,47392000000.0,17066000000.0,-8146000000.0,9274000000.0,56666000000.0,,221000000.0,-395000000.0,-100000000.0,224000000.0,,,1731000000.0,-552000000.0,,5555000000.0,,,,,,987000000.0,,4000000.0,-991000000.0,,,-3560000000.0,1004000000.0,
2023-12-31,67571000000.0,59092000000.0,8479000000.0,1500000000.0,,,8507000000.0,,8098000000.0,1178000000.0,6920000000.0,27.65,27.55,250300000.0,251200000.0,1442000000.0,,,3132000000.0,2943000000.0,,632000000.0,20521000000.0,,8370000000.0,10799000000.0,2212000000.0,7601000000.0,52456000000.0,2312000000.0,2134000000.0,9190000000.0,16937000000.0,,,,5231000000.0,45621000000.0,15398000000.0,-8803000000.0,6835000000.0,52456000000.0,,265000000.0,-498000000.0,-373000000.0,44000000.0,,,151000000.0,702000000.0,,7920000000.0,,,,,,1691000000.0,,3000000.0,-1694000000.0,,,-7331000000.0,-1105000000.0,1800000000.0
2024-03-31,17195000000.0,15202000000.0,1993000000.0,,,,2029000000.0,,1835000000.0,290000000.0,1545000000.0,6.42,6.39,240700000.0,241600000.0,2790000000.0,,,3278000000.0,,,583000000.0,22958000000.0,,8354000000.0,10789000000.0,2151000000.0,7687000000.0,54963000000.0,3523000000.0,2584000000.0,8745000000.0,17699000000.0,,,,5231000000.0,48313000000.0,15222000000.0,-8811000000.0,6650000000.0,54963000000.0,,61000000.0,-77000000.0,125000000.0,146000000.0,,,1301000000.0,-445000000.0,,1635000000.0,,,,,,378000000.0,,-6000000.0,-372000000.0,,,85000000.0,1348000000.0,
2024-06-30,35317000000.0,31194000000.0,4123000000.0,,,,4177000000.0,,3783000000.0,597000000.0,3186000000.0,13.29,13.24,239800000.0,240600000.0,2523000000.0,,,3097000000.0,,,510000000.0,22967000000.0,,8394000000.0,10787000000.0,2040000000.0,7808000000.0,55076000000.0,3282000000.0,3017000000.0,9181000000.0,18493000000.0,,,,5188000000.0,48901000000.0,14707000000.0,-8769000000.0,6175000000.0,55076000000.0,,154000000.0,-145000000.0,798000000.0,-35000000.0,,,1052000000.0,-9000000.0,,3511000000.0,,,,,,748000000.0,,-4000000.0,-744000000.0,,,-1686000000.0,1081000000.0,
2024-09-29,52421000000.0,46181000000.0,6240000000.0,,,,6317000000.0,,5701000000.0,892000000.0,4809000000.0,20.12,20.05,239000000.0,239900000.0,3151000000.0,,,3234000000.0,,,461000000.0,23211000000.0,,8454000000.0,10800000000.0,1979000000.0,7971000000.0,55520000000.0,3221000000.0,2320000000.0,9051000000.0,17810000000.0,,,,5254000000.0,48320000000.0,15657000000.0,-8693000000.0,7200000000.0,55520000000.0,,229000000.0,-174000000.0,9000000.0,102000000.0,,,970000000.0,-139000000.0,,5949000000.0,,,,,,1103000000.0,,-149000000.0,-954000000.0,,,-3286000000.0,1709000000.0,
