Date,Net sales,Cost of sales,Gross margin,Research and development,"Selling, general and administrative",Total operating expenses,Operating income,"Other income/(expense), net",Income before provision for income taxes,Provision for income taxes,Net income,Earnings per share basic,Earnings per share diluted,Weighted-average basic,Weighted-average diluted,Cash and cash equivalents,Short-term marketable securities,"Accounts receivable, net",Inventories,Deferred tax assets,Vendor non-trade receivables,Other current assets,Total current assets,Long-term marketable securities,"Property, Plant and Equipment, Net",Goodwill,"Acquired intangible assets, net","Other Assets, Noncurrent",Total assets,accounts payable,Accrued expenses,Deferred revenue,Total current liabilities,Deferred revenue - non-current,deferred tax liabilities,long term taxes payable,Total other non-current liabilities,Total liabilities,Retained Earnings (Accumulated Deficit),Accumulated other comprehensive (loss)/income,Total shareholders equity,Total liabilities and shareholders' equity,"Depreciation, amortization and accretion",Stock-based compensation expense,Deferred income tax expense,"Increase (Decrease) in Accounts receivable, net",Increase (Decrease) in Inventories,Increase (Decrease) in Other Receivables,Increase (Decrease) in Other Operating Assets,Increase (Decrease) in Accounts Payable,Increase (Decrease) in Deferred Revenue,Increase (Decrease) Other liabilities,Cash generated by operating activities,Purchases of marketable securities,Proceeds from maturities of marketable securities,Proceeds from sales of marketable securities,Purchases of other long-term investments,"Business acquisitions, net of cash acquired",Cash payments for capital asset purchases,Payments for acquisition of intangible assets,Payments for (Proceeds from) Other Investing Activities,Cash used in investing activities,Proceeds from issuance of common stock,Excess tax benefits from stock-based compensation,Cash generated/used in financing activities,Increase/(decrease) in cash and cash equivalents,"Cash paid for income taxes, net"
2010-06-30,1631800000.0,,,,,1422100000.0,209700000.0,-51200000.0,,57700000.0,100600000.0,0.83,0.83,110409000.0,110490000.0,171100000.0,,114900000.0,,,,110600000.0,1154100000.0,,6424100000.0,,,144000000.0,9043600000.0,289900000.0,121600000.0,,894100000.0,,1243300000.0,,292700000.0,,1285700000.0,-2300000.0,2779100000.0,9043600000.0,,,,-64600000.0,,-120000000.0,,-11800000.0,,,479200000.0,,,,,,,,1700000.0,-395600000.0,,,-87800000.0,-4200000.0,-6700000.0
2010-09-30,2583500000.0,,,,,2127200000.0,456300000.0,-78200000.0,,121800000.0,254300000.0,2.17,2.17,110469000.0,110544000.0,137000000.0,,139300000.0,,,,95800000.0,1167600000.0,,6556900000.0,,,139700000.0,9225800000.0,295100000.0,132600000.0,,691900000.0,,1384800000.0,,231200000.0,,1391100000.0,-1700000.0,2887800000.0,9225800000.0,,,,-23000000.0,,-100000000.0,,-12100000.0,,,695600000.0,,,,,,,,2000000.0,-606500000.0,,,-127400000.0,-38300000.0,-6400000.0
2010-12-31,3416100000.0,,,,,2860000000.0,556100000.0,-102900000.0,,145200000.0,306300000.0,2.6,2.6,110442000.0,110521000.0,159300000.0,,120500000.0,,,,111400000.0,1092700000.0,,6730600000.0,,,137700000.0,9282900000.0,336300000.0,160100000.0,,866700000.0,,1434300000.0,,208900000.0,,1394700000.0,-1400000.0,2893600000.0,9282900000.0,,,,-16300000.0,,-65000000.0,,-400000.0,,,984900000.0,,,,,,,,16700000.0,-866500000.0,,,-134400000.0,-16000000.0,-116200000.0
2011-03-31,945000000.0,,,,,817200000.0,127800000.0,-26800000.0,,22600000.0,79700000.0,0.66,0.66,110569000.0,110632000.0,126100000.0,,140200000.0,,,,192100000.0,977000000.0,,6823400000.0,,,130900000.0,9400500000.0,300200000.0,163600000.0,,778900000.0,,1472700000.0,,208500000.0,,1421100000.0,-1400000.0,2920500000.0,9400500000.0,,,,400000.0,,-10000000.0,,2200000.0,,,261300000.0,,,,,,,,-3800000.0,-233300000.0,,,-61200000.0,-33200000.0,-3000000.0
2011-06-30,1764500000.0,,,,,1564700000.0,199800000.0,-54100000.0,,12000000.0,135000000.0,1.13,1.13,110624000.0,110677000.0,77100000.0,,127800000.0,,,,185700000.0,877800000.0,,6866400000.0,,,121900000.0,9301200000.0,305800000.0,161400000.0,,760100000.0,,1477900000.0,,212300000.0,,1425100000.0,-600000.0,2927200000.0,9301200000.0,,,,-27800000.0,,-55000000.0,,,,,466800000.0,,,,,,,,-17600000.0,-341100000.0,,,-207900000.0,-82200000.0,-3000000.0
2011-09-30,2786100000.0,,,,,2401200000.0,384900000.0,-79200000.0,305700000.0,46100000.0,260900000.0,2.23,2.23,110647000.0,110695000.0,45700000.0,,198500000.0,,,,132100000.0,947100000.0,,6937900000.0,,,93400000.0,9481300000.0,314600000.0,152700000.0,,774400000.0,,1561200000.0,,251600000.0,,1500200000.0,-600000.0,3001600000.0,9481300000.0,,,,49700000.0,,-50000000.0,,25900000.0,,,612700000.0,,,,,,,,,-506400000.0,,,-219900000.0,-113600000.0,-3000000.0
2011-12-31,3665300000.0,,,,,3186900000.0,478400000.0,-102700000.0,375700000.0,55100000.0,321900000.0,2.74,2.74,110626000.0,110678000.0,11400000.0,,188800000.0,,,,153500000.0,866500000.0,,7037100000.0,,,92100000.0,9687900000.0,308200000.0,127500000.0,,855000000.0,,1592200000.0,,259600000.0,,1510200000.0,-800000.0,3013000000.0,9687900000.0,,,,54300000.0,,-75000000.0,,,,,702700000.0,,,,,,673400000.0,,4600000.0,-652100000.0,,,-198500000.0,-147900000.0,-10800000.0
2012-03-31,765700000.0,,,,,670100000.0,95600000.0,-24600000.0,71000000.0,27700000.0,38900000.0,,,110716000.0,110741000.0,30900000.0,,92200000.0,,,,60400000.0,780600000.0,,7081300000.0,,,82200000.0,9628200000.0,263900000.0,87300000.0,,773300000.0,,1637700000.0,,248900000.0,,1495200000.0,-800000.0,2997500000.0,9628200000.0,,,,-63900000.0,,-5000000.0,,,,,215000000.0,,,,,,,,-500000.0,-135100000.0,,,-60400000.0,19500000.0,-100000.0
2012-06-30,1456000000.0,,,,,1251600000.0,204400000.0,-47200000.0,157200000.0,44500000.0,108700000.0,,,110756000.0,110769000.0,30800000.0,,81700000.0,,82900000.0,,34900000.0,920400000.0,,7248000000.0,,,76800000.0,9934200000.0,337600000.0,93400000.0,,957300000.0,,1736100000.0,,245100000.0,,1511300000.0,-800000.0,3014400000.0,9934200000.0,,,,-54000000.0,,27000000.0,,,,,339200000.0,,,,,,,,-600000.0,-321800000.0,,,2000000.0,19400000.0,-900000.0
2012-09-30,2343600000.0,,,,,1925500000.0,418100000.0,-68600000.0,349500000.0,83800000.0,263400000.0,,,110768000.0,110779000.0,41100000.0,,93900000.0,,90000000.0,,41700000.0,1028600000.0,,7384600000.0,,,98100000.0,10250900000.0,418000000.0,99300000.0,,945500000.0,,1836700000.0,,269100000.0,,1612100000.0,-800000.0,3116000000.0,10250900000.0,,,,-50900000.0,,85000000.0,,47200000.0,,,600300000.0,,,,,,,,-1300000.0,-517700000.0,,,-52900000.0,29700000.0,-800000.0
2012-12-31,3094500000.0,,,,,2574800000.0,519700000.0,-89500000.0,430200000.0,89400000.0,335700000.0,,,110753000.0,110768000.0,21200000.0,,94900000.0,,743000000.0,,43300000.0,994300000.0,,7838000000.0,,,105300000.0,10785500000.0,339300000.0,113500000.0,,1020000000.0,,1934200000.0,,262500000.0,,1630700000.0,-800000.0,3134900000.0,10785500000.0,,,,-61300000.0,,10000000.0,,,,,841100000.0,,,,,,1158100000.0,,19900000.0,-1155500000.0,,,324200000.0,9800000.0,-20300000.0
2013-03-31,859600000.0,,,,,738900000.0,120700000.0,-25500000.0,95200000.0,12100000.0,80100000.0,,,110767000.0,110776000.0,53400000.0,,98900000.0,,92500000.0,,157500000.0,870400000.0,,7913600000.0,,,108900000.0,10733900000.0,368600000.0,196100000.0,,1038100000.0,,1901400000.0,,257300000.0,,1648400000.0,-800000.0,3145900000.0,10733900000.0,,,,12900000.0,,30000000.0,,,,,198600000.0,,,,,,,,14800000.0,-119700000.0,,,-46700000.0,32200000.0,2300000.0
2013-06-30,1577600000.0,,,,,1353700000.0,223900000.0,-49800000.0,174100000.0,22600000.0,147900000.0,,,110776000.0,110780000.0,11500000.0,,85000000.0,,142300000.0,,125700000.0,893400000.0,,8027200000.0,,,111900000.0,10887600000.0,391100000.0,244000000.0,,1072500000.0,,1991100000.0,,275800000.0,,1661700000.0,-800000.0,3160500000.0,10887600000.0,,,,16400000.0,,-5000000.0,,53300000.0,,,423300000.0,,,,,,,,15600000.0,-322200000.0,,,-110800000.0,-9700000.0,-9700000.0
2013-09-30,2444200000.0,,,,,2018900000.0,425300000.0,-72100000.0,353200000.0,40200000.0,308100000.0,,,110783000.0,110785000.0,17700000.0,,78100000.0,,131200000.0,,119000000.0,880100000.0,,8141400000.0,,,99100000.0,10981200000.0,368700000.0,223500000.0,,1052800000.0,,2063900000.0,,271900000.0,,1767300000.0,-800000.0,3266700000.0,10981200000.0,,,,12800000.0,,-10000000.0,,,,,643100000.0,,,,,,,,15300000.0,-513200000.0,,,-133400000.0,-3500000.0,-9700000.0
2013-12-31,3276800000.0,,,,,2742900000.0,533900000.0,-97900000.0,436000000.0,53900000.0,376200000.0,,,,,9800000.0,,81800000.0,,671700000.0,,84900000.0,1011200000.0,,8326500000.0,,,85800000.0,11112400000.0,365000000.0,133100000.0,,1433300000.0,,2112700000.0,,273900000.0,,1780700000.0,-200000.0,3281400000.0,11112400000.0,,,,49200000.0,,101000000.0,,,,,731000000.0,,,,,,798300000.0,,35400000.0,-754700000.0,,,12300000.0,-11400000.0,-9600000.0
2014-03-31,952800000.0,,,,,798600000.0,154200000.0,-23000000.0,131200000.0,20600000.0,110600000.0,,,,,14500000.0,,106600000.0,,,,209700000.0,936200000.0,,8426200000.0,,,68600000.0,11116800000.0,388100000.0,191500000.0,,1384200000.0,,2141700000.0,,262200000.0,,1832200000.0,-200000.0,3331500000.0,11116800000.0,,,,55600000.0,,-46000000.0,,25400000.0,,,293600000.0,,,,,,,,3800000.0,-176800000.0,,,-112100000.0,4700000.0,-3900000.0
2014-06-30,1703100000.0,,,,,1445600000.0,257500000.0,-48500000.0,209000000.0,33800000.0,174900000.0,,,,,16200000.0,,85900000.0,,,,289700000.0,1010100000.0,,8566200000.0,,,67900000.0,11386600000.0,475600000.0,215900000.0,,1733200000.0,,2189900000.0,,253700000.0,,1837600000.0,-200000.0,3337400000.0,11386600000.0,,,,-47600000.0,,19000000.0,,35800000.0,,,448200000.0,,,,,,,,4500000.0,-369000000.0,,,-72800000.0,6400000.0,-3800000.0
2014-09-30,2546200000.0,,,,,2093900000.0,452300000.0,-73100000.0,379200000.0,46200000.0,330800000.0,,,,,11000000.0,,84300000.0,,,,294400000.0,962300000.0,,8763600000.0,,,55200000.0,11594000000.0,471100000.0,204000000.0,,1741900000.0,,2290300000.0,,267100000.0,,1934500000.0,-200000.0,3435600000.0,11594000000.0,,,,-96100000.0,,,,,,,763900000.0,,,,,,,,7900000.0,-640400000.0,,,-122300000.0,1200000.0,-5300000.0
2014-12-31,3350300000.0,,,,,2806700000.0,543600000.0,-103600000.0,440000000.0,44300000.0,393300000.0,,,,,56900000.0,,427300000.0,,150100000.0,,116900000.0,1043100000.0,,8938400000.0,,,43900000.0,12085900000.0,427900000.0,262400000.0,,1214700000.0,,2321100000.0,,260100000.0,,1938000000.0,-600000.0,3438700000.0,12085900000.0,,,,-48700000.0,,7000000.0,,,,,891600000.0,,,,,,902800000.0,,14900000.0,-917700000.0,,,73200000.0,47100000.0,-5300000.0
2015-03-31,897400000.0,,,,,744500000.0,152900000.0,-33200000.0,119700000.0,20500000.0,99200000.0,,,,,97600000.0,,361600000.0,,,,227600000.0,913200000.0,,9050000000.0,,,41200000.0,12079600000.0,356900000.0,232300000.0,,1023100000.0,,2366900000.0,,259700000.0,,1973900000.0,-600000.0,3597100000.0,12079600000.0,,,,-6600000.0,,-52000000.0,,-32800000.0,,,314700000.0,,,,,,,,5100000.0,-250900000.0,122100000.0,,-23100000.0,40700000.0,-100000.0
2015-06-30,1614600000.0,,,,,1352700000.0,261900000.0,-59600000.0,202300000.0,31700000.0,169300000.0,,,,,54800000.0,,297300000.0,,,,435500000.0,1043900000.0,,9173500000.0,,,38200000.0,12312300000.0,374900000.0,264500000.0,,991500000.0,,2449100000.0,,342800000.0,,1979300000.0,-600000.0,3620800000.0,12312300000.0,,,,-33700000.0,,-78000000.0,,-25300000.0,,,517300000.0,,,,,,,,1900000.0,-470300000.0,139500000.0,,-49100000.0,-2100000.0,-100000.0
2015-09-30,2513500000.0,,,,,2015700000.0,497800000.0,-85100000.0,412700000.0,59500000.0,351800000.0,,,,,139200000.0,,427300000.0,,,,217400000.0,1087700000.0,,9366500000.0,,,35700000.0,12558600000.0,438300000.0,250700000.0,,990800000.0,,2462100000.0,,333000000.0,,2097000000.0,-600000.0,3745200000.0,12558600000.0,,,,-11700000.0,,21000000.0,,,,,695300000.0,,,,,,,,24700000.0,-613000000.0,145400000.0,,0.0,82300000.0,0.0
2015-12-31,3253600000.0,,,,,2676600000.0,577000000.0,-115700000.0,461300000.0,70400000.0,388400000.0,,,,,5800000.0,,397600000.0,,0.0,,79700000.0,826800000.0,,9519100000.0,,,14600000.0,12495200000.0,402400000.0,296600000.0,,1359300000.0,,2381200000.0,,306000000.0,,2068900000.0,-400000.0,3724100000.0,12495200000.0,,,,-36800000.0,,17000000.0,,,,,871200000.0,,,,,,1034300000.0,,24800000.0,-919200000.0,151200000.0,,-3100000.0,-51100000.0,0.0
2016-03-31,843800000.0,,,,,697900000.0,145900000.0,-24100000.0,121800000.0,21600000.0,99100000.0,,,,,4800000.0,,390600000.0,,,,64400000.0,768500000.0,,9626600000.0,,,10700000.0,12535000000.0,323800000.0,304800000.0,,1348500000.0,,2424600000.0,,310200000.0,,2098900000.0,-400000.0,3764600000.0,12535000000.0,,,,47800000.0,,-57000000.0,,-31200000.0,,,228300000.0,,,,,,,,-19200000.0,-220000000.0,6200000.0,,-9300000.0,-1000000.0,0.0
2016-06-30,1598400000.0,,,,,1323900000.0,274500000.0,-47700000.0,226800000.0,39700000.0,185500000.0,,,,,6500000.0,,316300000.0,,,,98800000.0,702300000.0,,9846400000.0,,,10900000.0,12685400000.0,353000000.0,284300000.0,,1373200000.0,,2474100000.0,,297300000.0,,2116100000.0,-400000.0,3790200000.0,12685400000.0,,,,59500000.0,,-133000000.0,,,,,510000000.0,,,,,,,,-19100000.0,-500800000.0,13800000.0,,-8500000.0,700000.0,4300000.0
2016-09-30,2523000000.0,,,,,2085900000.0,437100000.0,-71400000.0,365700000.0,47200000.0,316500000.0,,,,,84700000.0,,491500000.0,,,,98900000.0,958100000.0,,9920400000.0,,,9400000.0,13029200000.0,365100000.0,273900000.0,,1369700000.0,,2530600000.0,,300200000.0,,2181000000.0,-400000.0,3859100000.0,13029200000.0,,,,101000000.0,,4000000.0,,,,,654000000.0,,,,,,,,-15100000.0,-771800000.0,20400000.0,,196700000.0,78900000.0,8300000.0
2016-12-31,3320000000.0,,,,,2783000000.0,537000000.0,-93600000.0,443400000.0,59400000.0,381700000.0,,,,,8200000.0,,493300000.0,,,,95500000.0,877100000.0,,10279200000.0,,,22600000.0,13373800000.0,445300000.0,222300000.0,,1162000000.0,,2570200000.0,,279300000.0,,2177000000.0,-400000.0,3862000000.0,13373800000.0,,,,121400000.0,,-16000000.0,,,,,859600000.0,,,,,,1196800000.0,,-10300000.0,-1186500000.0,26600000.0,,329300000.0,2400000.0,9800000.0
2017-03-31,853900000.0,,,,,711000000.0,142900000.0,-23700000.0,119200000.0,17600000.0,103000000.0,,,,,8400000.0,,424900000.0,,,,70400000.0,749800000.0,,10448800000.0,,,14900000.0,13464900000.0,369500000.0,272900000.0,,1165000000.0,,2625900000.0,,297900000.0,,2205900000.0,-400000.0,3896900000.0,13464900000.0,,,,-36500000.0,,-35000000.0,,-41300000.0,,,333700000.0,,,,,,,,12100000.0,-303600000.0,,,-29900000.0,200000.0,2300000.0
2017-06-30,1619200000.0,,,,,1327000000.0,292200000.0,-55000000.0,237200000.0,38800000.0,199800000.0,,,,,7300000.0,,424900000.0,,,,112400000.0,814700000.0,,10608100000.0,,,18600000.0,13743400000.0,381100000.0,265700000.0,,1208200000.0,,2681300000.0,,288300000.0,,2228600000.0,-400000.0,4050400000.0,13743400000.0,,,,-47700000.0,,-22000000.0,,,,,502000000.0,,,,,,,,18900000.0,-626400000.0,137300000.0,,123500000.0,-900000.0,11400000.0
2017-09-30,2526100000.0,,,,,2002400000.0,523700000.0,-89000000.0,434700000.0,64900000.0,371200000.0,,,,,9200000.0,,336100000.0,,,,101400000.0,751500000.0,,10931100000.0,,,21400000.0,14114900000.0,478100000.0,217000000.0,,1470100000.0,,2774700000.0,,296100000.0,,2324800000.0,-400000.0,4154200000.0,14114900000.0,,,,-72800000.0,,-91000000.0,,,,,883400000.0,,,,,,,,22900000.0,-1072300000.0,143200000.0,,189900000.0,1000000.0,11400000.0
2017-12-31,3382200000.0,,,,,2728800000.0,653400000.0,-120600000.0,532800000.0,66700000.0,467500000.0,,,,,27900000.0,,482800000.0,,536600000.0,,87700000.0,905100000.0,,11234500000.0,,,69700000.0,14187800000.0,477300000.0,260800000.0,,2149000000.0,,1478400000.0,,306400000.0,,2346000000.0,-500000.0,4182200000.0,14187800000.0,,,,-29600000.0,,9000000.0,,,,,983400000.0,,,,,,1466900000.0,,29400000.0,-1496300000.0,149600000.0,,532600000.0,19700000.0,11300000.0
2018-03-31,916300000.0,,,,,750600000.0,165700000.0,-25400000.0,140300000.0,16800000.0,123500000.0,,,,,19100000.0,,343200000.0,,,,85900000.0,725900000.0,,11439600000.0,,,72400000.0,14241800000.0,363100000.0,251100000.0,,2073500000.0,,1511600000.0,,313800000.0,,2389400000.0,-500000.0,4231500000.0,14241800000.0,,,,147600000.0,,,,-59600000.0,,,89300000.0,,,,,,,,14000000.0,-85200000.0,,,-9800000.0,-5700000.0,0.0
2018-06-30,1732400000.0,,,,,1415500000.0,316900000.0,-60100000.0,256800000.0,30400000.0,226400000.0,,,,,5000000.0,,415000000.0,,,,113900000.0,805900000.0,,11695700000.0,,,86400000.0,14615000000.0,431100000.0,247900000.0,,1257400000.0,,1507200000.0,,310400000.0,,2412500000.0,100000.0,4350700000.0,14615000000.0,,,,507800000.0,,,,-34100000.0,,,-65000000.0,,,,,,,,17100000.0,-178500000.0,100100000.0,,221600000.0,-21900000.0,5000000.0
2018-09-30,2661000000.0,,,,,2088000000.0,573000000.0,-96400000.0,476600000.0,42100000.0,434500000.0,,,,,239700000.0,,465300000.0,,,,126500000.0,1124800000.0,,12005200000.0,,,103300000.0,15269800000.0,498100000.0,255600000.0,,1548300000.0,,1575200000.0,,286800000.0,,2539500000.0,-200000.0,4570400000.0,15269800000.0,,,,325200000.0,,,,-47300000.0,,,442200000.0,,,,,,,,24900000.0,-815700000.0,191300000.0,,587400000.0,213900000.0,5000000.0
2018-12-31,3534500000.0,,,,,2840100000.0,694400000.0,-124400000.0,570000000.0,47700000.0,522300000.0,,,,,20900000.0,,350400000.0,,555300000.0,,80000000.0,785100000.0,,12462400000.0,,,89700000.0,15426000000.0,543300000.0,260400000.0,,1644100000.0,,1603100000.0,,287200000.0,,2545900000.0,1700000.0,4585700000.0,15426000000.0,,,,475400000.0,,,,,,,527700000.0,,,,,,1633900000.0,,38200000.0,-1066800000.0,196600000.0,,530700000.0,-8400000.0,5000000.0
2019-03-31,987200000.0,,,,,810400000.0,176800000.0,-34000000.0,142800000.0,15100000.0,127700000.0,,,236500000.0,236600000.0,10100000.0,,417900000.0,,,,153400000.0,815200000.0,,12665200000.0,,,72800000.0,15713400000.0,387700000.0,249000000.0,,1587700000.0,,1642000000.0,,442900000.0,,2587300000.0,2400000.0,4682400000.0,15713400000.0,,,,121600000.0,,,,-42700000.0,,,181100000.0,,,,,,,,12100000.0,-364800000.0,54600000.0,,176000000.0,-7700000.0,-6800000.0
2019-06-30,1777400000.0,235400000.0,,,,1450800000.0,326600000.0,-75500000.0,251100000.0,26300000.0,224800000.0,,,237500000.0,238100000.0,170200000.0,,421500000.0,,,,151100000.0,1027300000.0,,12854000000.0,,,68800000.0,16121600000.0,422500000.0,262300000.0,,1949000000.0,,1657900000.0,,413600000.0,,2597800000.0,1000000.0,4699600000.0,16121600000.0,279800000.0,,,199700000.0,,,,-33100000.0,,,276900000.0,,,,,,652500000.0,,25900000.0,-607000000.0,60600000.0,,478800000.0,148700000.0,-2500000.0
2019-09-30,2767600000.0,362900000.0,,,,2150800000.0,616800000.0,-114000000.0,502800000.0,49400000.0,453400000.0,1.88,1.87,239100000.0,239900000.0,193700000.0,,451500000.0,,,,137100000.0,1113000000.0,,13131100000.0,,,72600000.0,16533400000.0,497700000.0,389100000.0,,2082100000.0,,1703000000.0,,305600000.0,,2739100000.0,1000000.0,4969200000.0,16533400000.0,423600000.0,,,359200000.0,,,,-27900000.0,,,509200000.0,,,,,,1003900000.0,,41700000.0,-861100000.0,185400000.0,,526100000.0,174200000.0,-800000.0
2019-12-31,3647700000.0,481400000.0,,,,2870000000.0,777700000.0,-141600000.0,636100000.0,68700000.0,567400000.0,2.34,2.33,238500000.0,239000000.0,16300000.0,,402100000.0,,503400000.0,,101700000.0,875500000.0,,13527100000.0,,,72000000.0,16700700000.0,422300000.0,425200000.0,,2054100000.0,,1714000000.0,,298900000.0,,2765400000.0,1300000.0,5205100000.0,16700700000.0,567200000.0,,,471700000.0,,,,,,,660400000.0,,,,,,1640100000.0,,60400000.0,-1287300000.0,390300000.0,,619100000.0,-7800000.0,-20500000.0
2020-03-31,915700000.0,122200000.0,,,,727400000.0,188300000.0,-34400000.0,153900000.0,-18700000.0,172600000.0,,,244400000.0,244600000.0,55200000.0,,396400000.0,,,,137500000.0,912200000.0,,13685000000.0,,,1812300000.0,16879000000.0,375400000.0,407300000.0,,1650200000.0,,,,349700000.0,,2833700000.0,2000000.0,5502400000.0,16879000000.0,146300000.0,,,119000000.0,,,,-6200000.0,,,160200000.0,,,,,,277900000.0,,13600000.0,-179600000.0,228400000.0,,60300000.0,40900000.0,100000.0
2020-06-30,1678800000.0,193800000.0,,,,1322400000.0,356400000.0,-73900000.0,282500000.0,-27000000.0,309500000.0,,,249600000.0,249800000.0,208100000.0,,386500000.0,,,,133400000.0,1044300000.0,,13936400000.0,,,1815800000.0,17269700000.0,429900000.0,386800000.0,,1220900000.0,,,,357000000.0,,2873500000.0,-600000.0,5548300000.0,17269700000.0,298400000.0,,,197900000.0,,,,8300000.0,,,319700000.0,,,,,,584000000.0,,-6100000.0,-392300000.0,234800000.0,,264300000.0,191700000.0,5000000.0
2020-09-30,2599000000.0,326000000.0,,,,1971000000.0,628000000.0,-117000000.0,511000000.0,-47000000.0,558000000.0,2.22,2.22,249700000.0,250000000.0,189000000.0,,399000000.0,,,,118000000.0,1033000000.0,,14199000000.0,,,1830000000.0,17540000000.0,417000000.0,286000000.0,,1295000000.0,,,,348000000.0,,3026000000.0,-1000000.0,5709000000.0,17540000000.0,454000000.0,,,316000000.0,,,,,,,436000000.0,,,,,,935000000.0,,23000000.0,-679000000.0,241000000.0,,419000000.0,176000000.0,-6000000.0
2020-12-31,3416000000.0,449000000.0,,,,2676000000.0,740000000.0,-173000000.0,567000000.0,-57000000.0,624000000.0,2.47,2.47,248400000.0,248700000.0,54000000.0,,412000000.0,,635000000.0,,123000000.0,887000000.0,,14336000000.0,,,2002000000.0,17710000000.0,377000000.0,207000000.0,,1297000000.0,,,,374000000.0,,2994000000.0,-1000000.0,5688000000.0,17710000000.0,615000000.0,,,468000000.0,,,,,,,501000000.0,,,,,,1366000000.0,,43000000.0,-951000000.0,247000000.0,,488000000.0,38000000.0,-5000000.0
2021-03-31,901000000.0,134000000.0,,,,703000000.0,198000000.0,-52000000.0,146000000.0,-28000000.0,174000000.0,,,250000000.0,250400000.0,14000000.0,,325000000.0,,,,117000000.0,755000000.0,,14353000000.0,,,1992000000.0,17594000000.0,307000000.0,249000000.0,,1408000000.0,,,,364000000.0,,3063000000.0,-1000000.0,5766000000.0,17594000000.0,164000000.0,,,126000000.0,,,,,,,145000000.0,,,,,,214000000.0,,16000000.0,-38000000.0,8000000.0,,-145000000.0,-38000000.0,
2021-06-30,1718000000.0,255000000.0,,,,1344000000.0,374000000.0,-99000000.0,275000000.0,-45000000.0,320000000.0,1.26,1.26,250200000.0,250600000.0,15000000.0,,377000000.0,,,,204000000.0,899000000.0,,14540000000.0,,,1994000000.0,17939000000.0,392000000.0,230000000.0,,1639000000.0,,,,391000000.0,,3106000000.0,-1000000.0,5819000000.0,17939000000.0,329000000.0,,,265000000.0,,,,,,,207000000.0,,,,,,426000000.0,,27000000.0,-190000000.0,15000000.0,,-57000000.0,-40000000.0,1000000.0
2021-09-30,2742000000.0,403000000.0,,,,2079000000.0,663000000.0,-150000000.0,513000000.0,-66000000.0,579000000.0,2.28,2.28,250300000.0,250800000.0,20000000.0,,392000000.0,,,,274000000.0,1015000000.0,,14738000000.0,,,2062000000.0,18329000000.0,361000000.0,266000000.0,,1557000000.0,,,,407000000.0,,3261000000.0,-1000000.0,5985000000.0,18329000000.0,494000000.0,,,397000000.0,,,,,,,477000000.0,,,,,,772000000.0,,43000000.0,-452000000.0,22000000.0,,-57000000.0,-32000000.0,1000000.0
2021-12-31,3669000000.0,537000000.0,,,,2874000000.0,795000000.0,-195000000.0,600000000.0,-74000000.0,674000000.0,2.63,2.63,250200000.0,250700000.0,39000000.0,,440000000.0,,696000000.0,,240000000.0,1069000000.0,,14987000000.0,,,1980000000.0,18553000000.0,436000000.0,226000000.0,,2054000000.0,,,,388000000.0,,3250000000.0,0.0,5990000000.0,18553000000.0,657000000.0,,,530000000.0,,,,,,,582000000.0,,,,,,1169000000.0,,61000000.0,-728000000.0,28000000.0,,130000000.0,-16000000.0,3000000.0
2022-03-31,1068000000.0,138000000.0,,,,820000000.0,248000000.0,-48000000.0,200000000.0,8000000.0,192000000.0,0.77,0.77,250600000.0,250900000.0,67000000.0,,481000000.0,,,,271000000.0,1092000000.0,,15192000000.0,,,2022000000.0,18839000000.0,383000000.0,212000000.0,,1521000000.0,,,,416000000.0,,3336000000.0,,6077000000.0,18839000000.0,166000000.0,,,161000000.0,,,,-37000000.0,,,251000000.0,,,,,,307000000.0,,8000000.0,-223000000.0,7000000.0,,3000000.0,31000000.0,
2022-06-30,2012000000.0,271000000.0,,,,1552000000.0,460000000.0,-97000000.0,363000000.0,12000000.0,351000000.0,1.4,1.4,250900000.0,251100000.0,19000000.0,,490000000.0,,,,371000000.0,1308000000.0,,15453000000.0,,,2084000000.0,19391000000.0,584000000.0,284000000.0,,2276000000.0,,,,496000000.0,,3387000000.0,,6137000000.0,19391000000.0,332000000.0,,,283000000.0,,,,95000000.0,,,300000000.0,,,,,,550000000.0,,10000000.0,-370000000.0,13000000.0,,50000000.0,-20000000.0,4000000.0
2022-09-30,3147000000.0,428000000.0,,,,2378000000.0,769000000.0,-164000000.0,605000000.0,26000000.0,579000000.0,2.31,2.31,251000000.0,251300000.0,344000000.0,,509000000.0,,,,364000000.0,1693000000.0,,15858000000.0,,,2103000000.0,20205000000.0,786000000.0,280000000.0,,2422000000.0,,,,522000000.0,,3508000000.0,,6265000000.0,20205000000.0,501000000.0,,,425000000.0,,,,90000000.0,,,485000000.0,,,,,,873000000.0,,15000000.0,-599000000.0,19000000.0,,421000000.0,307000000.0,7000000.0
2022-12-31,4205000000.0,573000000.0,,,,3277000000.0,928000000.0,-220000000.0,708000000.0,22000000.0,686000000.0,2.73,2.73,250900000.0,251200000.0,20000000.0,,516000000.0,,779000000.0,,223000000.0,1250000000.0,,16247000000.0,,,2107000000.0,20163000000.0,756000000.0,351000000.0,,2363000000.0,,,,518000000.0,,3509000000.0,,6276000000.0,20163000000.0,671000000.0,,,672000000.0,,,,78000000.0,,,486000000.0,,,,,,1484000000.0,,47000000.0,-933000000.0,25000000.0,,431000000.0,-16000000.0,6000000.0
2023-03-31,1077000000.0,146000000.0,,,,855000000.0,222000000.0,-61000000.0,161000000.0,-2000000.0,163000000.0,0.65,0.65,251200000.0,251400000.0,157000000.0,,428000000.0,,,,132000000.0,1192000000.0,,16396000000.0,,,2083000000.0,20240000000.0,518000000.0,343000000.0,,1908000000.0,,,,540000000.0,,3559000000.0,-1000000.0,6328000000.0,20240000000.0,166000000.0,,,86000000.0,,,,-97000000.0,,,188000000.0,,,,,,417000000.0,,10000000.0,-263000000.0,6000000.0,,212000000.0,137000000.0,
2023-06-30,1990000000.0,284000000.0,,,,1551000000.0,439000000.0,-118000000.0,321000000.0,-2000000.0,323000000.0,1.28,1.28,251700000.0,251900000.0,13000000.0,,428000000.0,,,,196000000.0,1138000000.0,,16306000000.0,,,2355000000.0,20383000000.0,585000000.0,337000000.0,,1893000000.0,,,,534000000.0,,3606000000.0,3000000.0,6452000000.0,20383000000.0,333000000.0,,,186000000.0,,,,-84000000.0,,,311000000.0,,,,,,758000000.0,,54000000.0,-482000000.0,76000000.0,,161000000.0,-10000000.0,-3000000.0
2023-09-30,3066000000.0,438000000.0,,,,2306000000.0,760000000.0,-175000000.0,585000000.0,5000000.0,582000000.0,2.31,2.31,253500000.0,253800000.0,206000000.0,,486000000.0,,,,174000000.0,1372000000.0,,16633000000.0,,,2305000000.0,20904000000.0,604000000.0,329000000.0,,1935000000.0,,,,544000000.0,,3750000000.0,4000000.0,6726000000.0,20904000000.0,503000000.0,,,279000000.0,,,,-91000000.0,,,622000000.0,,,,,,1201000000.0,,85000000.0,-952000000.0,201000000.0,,515000000.0,185000000.0,6000000.0
2023-12-31,4027000000.0,583000000.0,,,,3084000000.0,943000000.0,-236000000.0,707000000.0,4000000.0,703000000.0,2.78,2.78,253000000.0,253300000.0,62000000.0,,475000000.0,,751000000.0,,160000000.0,1272000000.0,,17157000000.0,,,2206000000.0,21237000000.0,611000000.0,302000000.0,,2304000000.0,,,,617000000.0,,3756000000.0,1000000.0,6777000000.0,21237000000.0,676000000.0,,,414000000.0,,,,-122000000.0,,,867000000.0,,,,,,,,120000000.0,-1401000000.0,246000000.0,,573000000.0,39000000.0,-88000000.0
2024-03-31,1031000000.0,152000000.0,,,,809000000.0,222000000.0,-74000000.0,148000000.0,-10000000.0,158000000.0,0.62,0.62,256200000.0,256500000.0,32000000.0,,426000000.0,,,,112000000.0,1108000000.0,,17354000000.0,,,2175000000.0,21248000000.0,438000000.0,303000000.0,,1984000000.0,,,,604000000.0,,3791000000.0,2000000.0,6817000000.0,21248000000.0,189000000.0,,,116000000.0,,,,12000000.0,,,307000000.0,,,,,,478000000.0,,-2000000.0,-353000000.0,6000000.0,,18000000.0,-28000000.0,2000000.0
2024-06-30,1925000000.0,300000000.0,,,,1573000000.0,352000000.0,-150000000.0,202000000.0,-43000000.0,245000000.0,0.96,0.95,256400000.0,256700000.0,92000000.0,,409000000.0,,,,178000000.0,1214000000.0,,17706000000.0,,,2293000000.0,21836000000.0,581000000.0,307000000.0,,1854000000.0,,,,939000000.0,,3755000000.0,3000000.0,6791000000.0,21836000000.0,376000000.0,,,242000000.0,,,,75000000.0,,,562000000.0,,,,,,870000000.0,,2000000.0,-533000000.0,12000000.0,,1000000.0,30000000.0,-89000000.0
2024-09-30,3005000000.0,464000000.0,,,,2340000000.0,665000000.0,-229000000.0,436000000.0,-104000000.0,540000000.0,2.11,2.1,256600000.0,256900000.0,827000000.0,,463000000.0,,,,144000000.0,1968000000.0,,17936000000.0,,,2292000000.0,22829000000.0,473000000.0,300000000.0,,2288000000.0,,,,939000000.0,,3927000000.0,-1000000.0,6968000000.0,22829000000.0,571000000.0,,,388000000.0,,,,59000000.0,,,913000000.0,,,,,,1280000000.0,,28000000.0,-940000000.0,18000000.0,,794000000.0,767000000.0,-158000000.0
,,,,,,,,,,,,,,,,,,,,,,,,,,,,,,,,,,,,,,,,,,,,,,,,,,,,,,,,,,,,,,,,,,,
,,,,,,,,,,,,,,,,,,,,,,,,,,,,,,,,,,,,,,,,,,,,,,,,,,,,,,,,,,,,,,,,,,,
