Date,Net sales,Cost of sales,Gross margin,Research and development,"Selling, general and administrative",Total operating expenses,Operating income,"Other income/(expense), net",Income before provision for income taxes,Provision for income taxes,Net income,Earnings per share basic,Earnings per share diluted,Weighted-average basic,Weighted-average diluted,Cash and cash equivalents,Short-term marketable securities,"Accounts receivable, net",Inventories,Deferred tax assets,Vendor non-trade receivables,Other current assets,Total current assets,Long-term marketable securities,"Property, Plant and Equipment, Net",Goodwill,"Acquired intangible assets, net","Other Assets, Noncurrent",Total assets,accounts payable,Accrued expenses,Deferred revenue,Total current liabilities,Deferred revenue - non-current,deferred tax liabilities,long term taxes payable,Total other non-current liabilities,Total liabilities,Retained Earnings (Accumulated Deficit),Accumulated other comprehensive (loss)/income,Total shareholders equity,Total liabilities and shareholders' equity,"Depreciation, amortization and accretion",Stock-based compensation expense,Deferred income tax expense,"Increase (Decrease) in Accounts receivable, net",Increase (Decrease) in Inventories,Increase (Decrease) in Other Receivables,Increase (Decrease) in Other Operating Assets,Increase (Decrease) in Accounts Payable,Increase (Decrease) in Deferred Revenue,Increase (Decrease) Other liabilities,Cash generated by operating activities,Purchases of marketable securities,Proceeds from maturities of marketable securities,Proceeds from sales of marketable securities,Purchases of other long-term investments,"Business acquisitions, net of cash acquired",Cash payments for capital asset purchases,Payments for acquisition of intangible assets,Payments for (Proceeds from) Other Investing Activities,Cash used in investing activities,Proceeds from issuance of common stock,Excess tax benefits from stock-based compensation,Cash generated/used in financing activities,Increase/(decrease) in cash and cash equivalents,"Cash paid for income taxes, net"
2010-04-30,12388000000.0,8030000000.0,4358000000.0,,3093000000.0,3572000000.0,,,786000000.0,297000000.0,,0.34,0.34,1438000000.0,1441000000.0,2677000000.0,,,9899000000.0,202000000.0,,242000000.0,13695000000.0,832000000.0,22379000000.0,,,508000000.0,37414000000.0,7062000000.0,1788000000.0,901000000.0,10881000000.0,,521000000.0,,1462000000.0,18395000000.0,18246000000.0,45000000.0,,37414000000.0,,26000000.0,-82000000.0,,1644000000.0,,35000000.0,,,784000000.0,2736000000.0,,,,745000000.0,,283000000.0,,1000000.0,-1084000000.0,,,391000000.0,2045000000.0,
2010-07-30,26749000000.0,17384000000.0,9365000000.0,,6283000000.0,7244000000.0,,,2121000000.0,800000000.0,,0.92,0.92,1427000000.0,1430000000.0,1191000000.0,,,8653000000.0,205000000.0,,256000000.0,11121000000.0,730000000.0,22274000000.0,,,508000000.0,34633000000.0,4888000000.0,1761000000.0,770000000.0,7993000000.0,,459000000.0,,1435000000.0,15420000000.0,18454000000.0,39000000.0,,34633000000.0,,55000000.0,-143000000.0,,400000000.0,,41000000.0,,,526000000.0,2782000000.0,,,,,,612000000.0,,16000000.0,-1468000000.0,,1000000.0,-756000000.0,559000000.0,818000000.0
2010-10-29,38335000000.0,24909000000.0,13426000000.0,,9214000000.0,10654000000.0,,,2772000000.0,1047000000.0,,1.21,1.21,1415000000.0,1417000000.0,1078000000.0,,,8543000000.0,202000000.0,,219000000.0,10701000000.0,865000000.0,22180000000.0,,,595000000.0,34341000000.0,4959000000.0,1533000000.0,802000000.0,8008000000.0,,456000000.0,,1446000000.0,15449000000.0,18144000000.0,45000000.0,,34341000000.0,,84000000.0,-147000000.0,,288000000.0,,25000000.0,,,472000000.0,3833000000.0,,,,,,1012000000.0,,53000000.0,-1868000000.0,,1000000.0,-1521000000.0,446000000.0,1262000000.0
2011-01-28,48815000000.0,31663000000.0,17152000000.0,,12006000000.0,13924000000.0,,,3228000000.0,1218000000.0,,1.42,1.42,1401000000.0,1403000000.0,652000000.0,,,8321000000.0,-274000000.0,,330000000.0,9967000000.0,1008000000.0,22089000000.0,,,635000000.0,33699000000.0,4351000000.0,1358000000.0,707000000.0,7119000000.0,,467000000.0,,833000000.0,15587000000.0,17371000000.0,53000000.0,,33699000000.0,,115000000.0,-141000000.0,,64000000.0,,142000000.0,,,219000000.0,3852000000.0,,,814000000.0,,,1329000000.0,,97000000.0,-2184000000.0,,1000000.0,-1651000000.0,20000000.0,1590000000.0
2011-04-29,12185000000.0,7866000000.0,4319000000.0,,3120000000.0,3579000000.0,,,740000000.0,279000000.0,,0.35,0.34,1324000000.0,1328000000.0,1496000000.0,,,9661000000.0,232000000.0,,239000000.0,11973000000.0,1209000000.0,22060000000.0,,,642000000.0,35884000000.0,6694000000.0,1662000000.0,970000000.0,9921000000.0,,498000000.0,,818000000.0,18425000000.0,16715000000.0,85000000.0,,35884000000.0,,30000000.0,,,1329000000.0,,-106000000.0,,,453000000.0,2423000000.0,,,,,,313000000.0,,30000000.0,-411000000.0,,3000000.0,-1171000000.0,844000000.0,72000000.0
2011-07-29,26728000000.0,17393000000.0,9335000000.0,,6351000000.0,7266000000.0,,,2069000000.0,777000000.0,,0.99,0.98,1300000000.0,1303000000.0,568000000.0,,,8825000000.0,222000000.0,,213000000.0,10168000000.0,857000000.0,22195000000.0,,,825000000.0,34045000000.0,5378000000.0,1934000000.0,831000000.0,8677000000.0,,479000000.0,,856000000.0,17266000000.0,16060000000.0,82000000.0,,34045000000.0,,59000000.0,,,495000000.0,,-125000000.0,,,450000000.0,3293000000.0,,,,,,780000000.0,,218000000.0,-694000000.0,,3000000.0,-2687000000.0,-84000000.0,540000000.0
2011-10-28,38579000000.0,25208000000.0,13371000000.0,,9583000000.0,10950000000.0,,,2421000000.0,904000000.0,,1.17,1.17,1283000000.0,1286000000.0,675000000.0,,,8990000000.0,237000000.0,,227000000.0,10423000000.0,705000000.0,21888000000.0,,,850000000.0,33866000000.0,5242000000.0,1913000000.0,789000000.0,9156000000.0,,322000000.0,,867000000.0,17057000000.0,16109000000.0,46000000.0,,33866000000.0,,81000000.0,,,669000000.0,,-126000000.0,,,567000000.0,3892000000.0,,,,,,1264000000.0,,217000000.0,-983000000.0,,,-2886000000.0,23000000.0,787000000.0
2012-02-03,50208000000.0,32858000000.0,17350000000.0,,12593000000.0,14444000000.0,,,2906000000.0,1067000000.0,,1.43,1.43,1271000000.0,1273000000.0,1014000000.0,,,8355000000.0,-348000000.0,,234000000.0,10072000000.0,504000000.0,21970000000.0,,,1013000000.0,33559000000.0,4352000000.0,1533000000.0,801000000.0,7891000000.0,,531000000.0,,865000000.0,17026000000.0,15852000000.0,46000000.0,,33559000000.0,,107000000.0,52000000.0,,33000000.0,,-137000000.0,,,215000000.0,4349000000.0,,,1300000000.0,,,1829000000.0,,115000000.0,-1437000000.0,,,-2549000000.0,362000000.0,914000000.0
2012-05-04,13153000000.0,8589000000.0,4564000000.0,,3241000000.0,3714000000.0,,,850000000.0,323000000.0,,0.43,0.43,1206000000.0,1208000000.0,3072000000.0,,,9786000000.0,279000000.0,,330000000.0,13628000000.0,710000000.0,21821000000.0,,,1049000000.0,37208000000.0,6977000000.0,2053000000.0,881000000.0,10996000000.0,,412000000.0,,863000000.0,22005000000.0,14557000000.0,52000000.0,,37208000000.0,,25000000.0,,,1432000000.0,,65000000.0,,,587000000.0,2467000000.0,,,,,,337000000.0,,11000000.0,-470000000.0,,,60000000.0,2058000000.0,76000000.0
2012-08-03,27402000000.0,18003000000.0,9399000000.0,,6414000000.0,7352000000.0,,,2047000000.0,772000000.0,,1.07,1.07,1182000000.0,1183000000.0,1710000000.0,,,8699000000.0,279000000.0,,325000000.0,11599000000.0,485000000.0,21734000000.0,,,1214000000.0,35032000000.0,5084000000.0,1936000000.0,847000000.0,9022000000.0,,580000000.0,,872000000.0,20208000000.0,14199000000.0,47000000.0,,35032000000.0,,54000000.0,,,345000000.0,,159000000.0,,,445000000.0,2796000000.0,,,,,,622000000.0,,21000000.0,-1032000000.0,,,-1066000000.0,696000000.0,736000000.0
2012-11-02,39475000000.0,25933000000.0,13542000000.0,,9436000000.0,10860000000.0,,,2682000000.0,1012000000.0,,1.43,1.42,1163000000.0,1165000000.0,1091000000.0,,,8995000000.0,235000000.0,,300000000.0,10830000000.0,350000000.0,21591000000.0,,,1182000000.0,33953000000.0,5416000000.0,1784000000.0,788000000.0,8614000000.0,,486000000.0,,904000000.0,19728000000.0,13602000000.0,53000000.0,,33953000000.0,,75000000.0,,,640000000.0,,150000000.0,,,310000000.0,3508000000.0,,,,,,947000000.0,,14000000.0,-783000000.0,,,-2650000000.0,77000000.0,1059000000.0
2013-02-01,50521000000.0,33194000000.0,17327000000.0,,12244000000.0,14190000000.0,,,3137000000.0,1178000000.0,,1.69,1.69,1150000000.0,1152000000.0,541000000.0,,,8600000000.0,-238000000.0,,301000000.0,9784000000.0,271000000.0,21477000000.0,,,1134000000.0,32666000000.0,4657000000.0,1510000000.0,824000000.0,7708000000.0,,455000000.0,,901000000.0,18809000000.0,13224000000.0,52000000.0,,32666000000.0,,100000000.0,-139000000.0,,244000000.0,,87000000.0,,,117000000.0,3762000000.0,,,1100000000.0,,,1211000000.0,,-4000000.0,-903000000.0,,,-3333000000.0,-473000000.0,1404000000.0
2013-05-03,13088000000.0,8533000000.0,4555000000.0,,3222000000.0,3687000000.0,,,868000000.0,328000000.0,,0.49,0.49,1088000000.0,1090000000.0,1081000000.0,,,10274000000.0,228000000.0,,313000000.0,12014000000.0,272000000.0,21257000000.0,,,1188000000.0,34731000000.0,7041000000.0,1876000000.0,1008000000.0,10439000000.0,,440000000.0,,857000000.0,21479000000.0,12618000000.0,52000000.0,,34731000000.0,,18000000.0,,,1674000000.0,,5000000.0,,,362000000.0,1992000000.0,,,,,,196000000.0,,5000000.0,-263000000.0,,,-1190000000.0,540000000.0,137000000.0
2013-08-02,28800000000.0,18848000000.0,9952000000.0,,6635000000.0,7577000000.0,,,2375000000.0,893000000.0,,1.37,1.36,1077000000.0,1079000000.0,1085000000.0,,,9106000000.0,224000000.0,,309000000.0,10913000000.0,306000000.0,20969000000.0,,,1220000000.0,33408000000.0,5664000000.0,1993000000.0,985000000.0,9340000000.0,,390000000.0,,868000000.0,20346000000.0,12504000000.0,26000000.0,,33408000000.0,,44000000.0,,,517000000.0,,-4000000.0,,,584000000.0,3356000000.0,,,,,,376000000.0,,-3000000.0,-518000000.0,,,-2293000000.0,544000000.0,746000000.0
2013-11-01,41757000000.0,27323000000.0,14434000000.0,,9820000000.0,11260000000.0,,,3174000000.0,1194000000.0,,1.84,1.84,1067000000.0,1069000000.0,1101000000.0,,,9593000000.0,220000000.0,,336000000.0,11365000000.0,439000000.0,20973000000.0,,,1300000000.0,34077000000.0,5776000000.0,1927000000.0,944000000.0,9403000000.0,,322000000.0,,881000000.0,21426000000.0,12103000000.0,23000000.0,,34077000000.0,,70000000.0,,,847000000.0,,11000000.0,,,491000000.0,3859000000.0,,,,,203000000.0,610000000.0,,-4000000.0,-1023000000.0,,,-2273000000.0,560000000.0,1130000000.0
2014-01-31,53417000000.0,34941000000.0,18476000000.0,,12865000000.0,14803000000.0,,,3673000000.0,1387000000.0,,2.14,2.14,1059000000.0,1061000000.0,391000000.0,,,9127000000.0,656000000.0,,341000000.0,10296000000.0,279000000.0,20834000000.0,,,1323000000.0,32732000000.0,5008000000.0,1756000000.0,892000000.0,8876000000.0,,291000000.0,,896000000.0,20879000000.0,11355000000.0,-17000000.0,,32732000000.0,,100000000.0,-158000000.0,,396000000.0,,5000000.0,,,319000000.0,4111000000.0,,,276000000.0,,203000000.0,940000000.0,,-5000000.0,-1286000000.0,,,-2969000000.0,-150000000.0,1505000000.0
2014-05-02,13403000000.0,8645000000.0,4758000000.0,,3319000000.0,3816000000.0,,,942000000.0,318000000.0,,0.61,0.61,1015000000.0,1017000000.0,658000000.0,,,10515000000.0,283000000.0,,386000000.0,11952000000.0,360000000.0,20617000000.0,,,1300000000.0,34229000000.0,7051000000.0,2160000000.0,1055000000.0,10814000000.0,,261000000.0,,862000000.0,22747000000.0,10985000000.0,-9000000.0,,34229000000.0,,28000000.0,,,1384000000.0,,-44000000.0,,,269000000.0,1994000000.0,,,,,,194000000.0,,5000000.0,-280000000.0,,,-1447000000.0,267000000.0,33000000.0
2014-08-01,30001000000.0,19508000000.0,10493000000.0,,6859000000.0,7857000000.0,,,2636000000.0,973000000.0,,1.65,1.64,1005000000.0,1007000000.0,1039000000.0,,,9315000000.0,276000000.0,,355000000.0,11075000000.0,382000000.0,20368000000.0,,,1312000000.0,33137000000.0,6191000000.0,2094000000.0,1039000000.0,10013000000.0,,187000000.0,,891000000.0,21897000000.0,10749000000.0,-5000000.0,,33137000000.0,,53000000.0,,,182000000.0,,-90000000.0,,,398000000.0,3923000000.0,,,,,,384000000.0,,7000000.0,-525000000.0,,,-2751000000.0,648000000.0,797000000.0
2014-10-31,43682000000.0,28471000000.0,15211000000.0,,10115000000.0,11622000000.0,,,3589000000.0,1341000000.0,2248000000.0,2.24,2.24,996000000.0,998000000.0,1562000000.0,,,9762000000.0,261000000.0,,334000000.0,12130000000.0,395000000.0,20180000000.0,,,1327000000.0,34032000000.0,6459000000.0,2089000000.0,1029000000.0,10804000000.0,,92000000.0,,864000000.0,23302000000.0,10271000000.0,-28000000.0,10730000000.0,34032000000.0,,84000000.0,,,641000000.0,,-105000000.0,,,367000000.0,4684000000.0,,,,,0.0,587000000.0,,6000000.0,-887000000.0,,,-2624000000.0,1171000000.0,1185000000.0
2015-01-30,56223000000.0,36665000000.0,19558000000.0,,13281000000.0,15282000000.0,,,4276000000.0,1578000000.0,2698000000.0,2.71,2.71,988000000.0,990000000.0,466000000.0,,,8911000000.0,133000000.0,,348000000.0,10080000000.0,354000000.0,20034000000.0,,,1359000000.0,31827000000.0,5124000000.0,1920000000.0,979000000.0,9348000000.0,,97000000.0,,869000000.0,21859000000.0,9591000000.0,-103000000.0,9968000000.0,31827000000.0,,119000000.0,-118000000.0,,-170000000.0,,-83000000.0,,,188000000.0,4929000000.0,820000000.0,,283000000.0,,0.0,880000000.0,,4000000.0,-1088000000.0,,,-3761000000.0,75000000.0,1534000000.0
2015-05-01,14129000000.0,9117000000.0,5012000000.0,,3415000000.0,3914000000.0,,,1098000000.0,425000000.0,673000000.0,0.7,0.7,950000000.0,952000000.0,1434000000.0,,,10614000000.0,255000000.0,,393000000.0,12791000000.0,384000000.0,19892000000.0,,,1355000000.0,34422000000.0,8023000000.0,2213000000.0,1153000000.0,12970000000.0,,98000000.0,,816000000.0,24945000000.0,9085000000.0,-81000000.0,9477000000.0,34422000000.0,,29000000.0,,,1687000000.0,,48000000.0,,,241000000.0,2478000000.0,65000000.0,,,,,232000000.0,,0.0,-241000000.0,,,-1270000000.0,968000000.0,166000000.0
2015-07-31,31478000000.0,20486000000.0,10992000000.0,,7047000000.0,8055000000.0,,,2937000000.0,1138000000.0,1799000000.0,1.9,1.9,940000000.0,942000000.0,901000000.0,,,9704000000.0,251000000.0,,322000000.0,11366000000.0,412000000.0,19751000000.0,,,1216000000.0,32745000000.0,7123000000.0,2191000000.0,1146000000.0,12141000000.0,,0.0,,833000000.0,24058000000.0,8533000000.0,-310000000.0,8687000000.0,32745000000.0,,57000000.0,,,804000000.0,,-27000000.0,,,343000000.0,4164000000.0,488000000.0,,,,,570000000.0,,25000000.0,-736000000.0,,,-2988000000.0,435000000.0,1068000000.0
2015-10-30,45838000000.0,29856000000.0,15982000000.0,,10334000000.0,11858000000.0,,,4124000000.0,1589000000.0,2535000000.0,2.7,2.7,933000000.0,935000000.0,1227000000.0,,,10434000000.0,255000000.0,,321000000.0,12395000000.0,382000000.0,19655000000.0,,,1223000000.0,33655000000.0,7338000000.0,1997000000.0,1084000000.0,12162000000.0,,0.0,,843000000.0,25277000000.0,8298000000.0,-379000000.0,8378000000.0,33655000000.0,,84000000.0,,,1536000000.0,,-38000000.0,,,90000000.0,4546000000.0,650000000.0,,,,,844000000.0,,25000000.0,-986000000.0,,,-2790000000.0,761000000.0,1654000000.0
2016-01-29,59074000000.0,38504000000.0,20570000000.0,,14115000000.0,16151000000.0,,,4419000000.0,1873000000.0,2546000000.0,2.73,2.73,927000000.0,929000000.0,405000000.0,,,9458000000.0,241000000.0,,391000000.0,10561000000.0,222000000.0,19577000000.0,,,665000000.0,31266000000.0,5633000000.0,1857000000.0,1078000000.0,10492000000.0,,,,846000000.0,23612000000.0,7593000000.0,-394000000.0,7654000000.0,31266000000.0,,117000000.0,-63000000.0,,582000000.0,,34000000.0,,,70000000.0,4784000000.0,934000000.0,,394000000.0,,0.0,1197000000.0,,28000000.0,-1343000000.0,,,-3493000000.0,-61000000.0,2055000000.0
2016-04-29,15234000000.0,9897000000.0,5337000000.0,,3394000000.0,3907000000.0,,,1430000000.0,546000000.0,884000000.0,0.98,0.98,897000000.0,899000000.0,4561000000.0,,,11055000000.0,,,683000000.0,16473000000.0,400000000.0,19463000000.0,,,687000000.0,37177000000.0,8821000000.0,2369000000.0,1233000000.0,14121000000.0,,,,796000000.0,29965000000.0,7074000000.0,-309000000.0,7212000000.0,37177000000.0,,25000000.0,,,1556000000.0,,186000000.0,,,435000000.0,3220000000.0,310000000.0,,,,,208000000.0,,3000000.0,-349000000.0,,,1284000000.0,4156000000.0,52000000.0
2016-07-29,33494000000.0,21868000000.0,11626000000.0,,7265000000.0,8311000000.0,,,3315000000.0,1264000000.0,2051000000.0,2.29,2.29,890000000.0,892000000.0,1988000000.0,,,10604000000.0,,,591000000.0,13351000000.0,604000000.0,20274000000.0,1074000000.0,,918000000.0,36471000000.0,7696000000.0,2259000000.0,1285000000.0,13183000000.0,,,,904000000.0,29449000000.0,6839000000.0,-366000000.0,6913000000.0,36471000000.0,,49000000.0,,,310000000.0,,-84000000.0,,,324000000.0,4628000000.0,675000000.0,,,,2284000000.0,490000000.0,,9000000.0,-2934000000.0,,,-110000000.0,1583000000.0,1028000000.0
2016-10-28,49233000000.0,32201000000.0,17032000000.0,,11354000000.0,12941000000.0,,,4091000000.0,1661000000.0,2428000000.0,2.74,2.73,884000000.0,886000000.0,960000000.0,,,10990000000.0,,,655000000.0,12728000000.0,436000000.0,20037000000.0,1034000000.0,,804000000.0,35370000000.0,7836000000.0,2035000000.0,1258000000.0,12633000000.0,,,,889000000.0,28662000000.0,6376000000.0,-214000000.0,6599000000.0,35370000000.0,,71000000.0,,,718000000.0,,-32000000.0,,,47000000.0,5269000000.0,1018000000.0,,,,2284000000.0,820000000.0,,21000000.0,-3052000000.0,,,-1656000000.0,555000000.0,1657000000.0
2017-02-03,65017000000.0,42553000000.0,22464000000.0,,15129000000.0,,5846000000.0,,5201000000.0,2108000000.0,3091000000.0,3.48,3.47,880000000.0,881000000.0,558000000.0,,,10458000000.0,200000000.0,,884000000.0,12000000000.0,366000000.0,19949000000.0,1082000000.0,,789000000.0,34408000000.0,6651000000.0,1975000000.0,1253000000.0,11974000000.0,,,,843000000.0,27974000000.0,6241000000.0,-240000000.0,6434000000.0,34408000000.0,1590000000.0,90000000.0,9000000.0,,178000000.0,,183000000.0,,,79000000.0,5617000000.0,1192000000.0,,505000000.0,,2356000000.0,1167000000.0,,13000000.0,-3361000000.0,,,-2092000000.0,153000000.0,2217000000.0
2017-05-05,16860000000.0,11060000000.0,5800000000.0,,3876000000.0,,1559000000.0,,934000000.0,332000000.0,602000000.0,0.7,0.7,857000000.0,858000000.0,1963000000.0,,,12254000000.0,,,975000000.0,15276000000.0,477000000.0,19748000000.0,1081000000.0,,759000000.0,37613000000.0,9905000000.0,2346000000.0,1415000000.0,14686000000.0,,,,857000000.0,32082000000.0,5346000000.0,-241000000.0,5531000000.0,37613000000.0,389000000.0,26000000.0,,,1808000000.0,,64000000.0,,,441000000.0,3295000000.0,153000000.0,,,,,202000000.0,,1000000.0,-291000000.0,,,-1605000000.0,1405000000.0,43000000.0
2017-08-04,36355000000.0,23885000000.0,12470000000.0,,7807000000.0,,3941000000.0,,3158000000.0,1137000000.0,2021000000.0,2.37,2.37,849000000.0,850000000.0,1696000000.0,,,11407000000.0,,,811000000.0,14033000000.0,360000000.0,19762000000.0,1255000000.0,,930000000.0,36668000000.0,8649000000.0,2565000000.0,1450000000.0,13625000000.0,,,,929000000.0,31132000000.0,5253000000.0,-136000000.0,5536000000.0,36668000000.0,768000000.0,55000000.0,,,850000000.0,,-166000000.0,,,580000000.0,5074000000.0,,,,,505000000.0,476000000.0,,-10000000.0,-796000000.0,,,-3152000000.0,1138000000.0,563000000.0
2018-05-04,17360000000.0,11348000000.0,6012000000.0,,4187000000.0,,1465000000.0,,1305000000.0,317000000.0,988000000.0,1.19,1.19,825000000.0,826000000.0,1565000000.0,,,13204000000.0,,,1059000000.0,16033000000.0,321000000.0,19500000000.0,1288000000.0,,896000000.0,38237000000.0,10104000000.0,2620000000.0,1439000000.0,15774000000.0,,,,962000000.0,32492000000.0,5405000000.0,-71000000.0,5745000000.0,38237000000.0,387000000.0,24000000.0,,,1846000000.0,,234000000.0,,,604000000.0,3429000000.0,,,,,,224000000.0,,0.0,-236000000.0,,,-2215000000.0,977000000.0,43000000.0
2018-08-03,38247000000.0,25036000000.0,13211000000.0,,8878000000.0,,3628000000.0,,3315000000.0,806000000.0,2509000000.0,3.05,3.05,819000000.0,820000000.0,2251000000.0,,,11885000000.0,,,956000000.0,15483000000.0,87000000.0,19172000000.0,1271000000.0,,843000000.0,37105000000.0,8984000000.0,2583000000.0,1449000000.0,14581000000.0,,,,978000000.0,31324000000.0,5517000000.0,-142000000.0,5781000000.0,37105000000.0,751000000.0,62000000.0,,,549000000.0,,140000000.0,,,557000000.0,5787000000.0,,,,,0.0,543000000.0,,-1000000.0,-480000000.0,,,-3637000000.0,1663000000.0,762000000.0
2018-11-02,55662000000.0,36791000000.0,18871000000.0,,13147000000.0,,4586000000.0,,4119000000.0,981000000.0,3138000000.0,3.84,3.83,815000000.0,816000000.0,1668000000.0,,,12365000000.0,,,897000000.0,15138000000.0,290000000.0,18923000000.0,1272000000.0,,805000000.0,36713000000.0,9283000000.0,2507000000.0,1356000000.0,15069000000.0,,,,963000000.0,31319000000.0,5156000000.0,-165000000.0,5394000000.0,36713000000.0,1206000000.0,79000000.0,,,1030000000.0,,94000000.0,,,524000000.0,6798000000.0,,,,,0.0,846000000.0,,3000000.0,-788000000.0,,,-4921000000.0,1080000000.0,1069000000.0
2019-05-03,17741000000.0,12160000000.0,5581000000.0,,3862000000.0,,1417000000.0,,1255000000.0,209000000.0,1046000000.0,1.31,1.31,796000000.0,797000000.0,2973000000.0,,,15026000000.0,,,1146000000.0,19335000000.0,235000000.0,18150000000.0,303000000.0,,775000000.0,43219000000.0,11485000000.0,2643000000.0,1376000000.0,17781000000.0,,,,759000000.0,39983000000.0,3095000000.0,-256000000.0,3236000000.0,43219000000.0,337000000.0,42000000.0,,,2478000000.0,,273000000.0,,,260000000.0,2137000000.0,,,,,,205000000.0,,1000000.0,-131000000.0,,,446000000.0,2462000000.0,19000000.0
2019-08-02,38733000000.0,26412000000.0,12321000000.0,,7909000000.0,,3798000000.0,,3467000000.0,745000000.0,2722000000.0,3.44,3.44,788000000.0,789000000.0,1796000000.0,,,13730000000.0,,,995000000.0,16796000000.0,179000000.0,18203000000.0,303000000.0,,735000000.0,40695000000.0,9499000000.0,2794000000.0,1324000000.0,15835000000.0,,,,759000000.0,38055000000.0,2439000000.0,-187000000.0,2640000000.0,40695000000.0,684000000.0,51000000.0,,,1153000000.0,,116000000.0,,,36000000.0,3583000000.0,,,,,,526000000.0,,1000000.0,-458000000.0,,,-1851000000.0,1285000000.0,612000000.0
2019-11-01,56121000000.0,38159000000.0,17962000000.0,,11682000000.0,,5356000000.0,,4848000000.0,1077000000.0,3771000000.0,4.81,4.8,782000000.0,783000000.0,794000000.0,,,13716000000.0,,,1025000000.0,15662000000.0,363000000.0,18371000000.0,303000000.0,,713000000.0,39764000000.0,8822000000.0,2530000000.0,1222000000.0,15063000000.0,,,,791000000.0,37306000000.0,2238000000.0,-164000000.0,2458000000.0,39764000000.0,1029000000.0,75000000.0,,,1129000000.0,,108000000.0,,,-408000000.0,4111000000.0,,,,,,927000000.0,,0.0,-863000000.0,,,-2978000000.0,283000000.0,1029000000.0
2020-01-31,72148000000.0,49205000000.0,22943000000.0,,15367000000.0,,6314000000.0,,5623000000.0,1342000000.0,4281000000.0,5.49,5.49,777000000.0,778000000.0,716000000.0,,,13179000000.0,216000000.0,,1263000000.0,15318000000.0,372000000.0,18669000000.0,303000000.0,,702000000.0,39471000000.0,7659000000.0,2581000000.0,1219000000.0,15182000000.0,,,,712000000.0,37499000000.0,1727000000.0,-136000000.0,1972000000.0,39471000000.0,1410000000.0,98000000.0,139000000.0,,600000000.0,,376000000.0,,,-654000000.0,4296000000.0,,,121000000.0,,0.0,1484000000.0,,0.0,-1369000000.0,,,-2735000000.0,205000000.0,1423000000.0
2020-05-01,19675000000.0,13162000000.0,6513000000.0,,4196000000.0,,1991000000.0,,1786000000.0,449000000.0,1337000000.0,1.76,1.76,755000000.0,756000000.0,5955000000.0,,,14283000000.0,,,1487000000.0,21926000000.0,300000000.0,18501000000.0,,,1014000000.0,45832000000.0,10841000000.0,3180000000.0,1212000000.0,18325000000.0,,,,761000000.0,44116000000.0,1722000000.0,-393000000.0,1716000000.0,45832000000.0,373000000.0,27000000.0,,,1183000000.0,,206000000.0,,,716000000.0,4450000000.0,,,,,,328000000.0,,22000000.0,-288000000.0,,,1092000000.0,5239000000.0,9000000.0
2020-07-31,46977000000.0,31161000000.0,15816000000.0,,9215000000.0,,5948000000.0,,5525000000.0,1360000000.0,4165000000.0,5.5,5.5,754000000.0,755000000.0,11641000000.0,435000000.0,,13831000000.0,,,1160000000.0,27717000000.0,326000000.0,18612000000.0,,,1043000000.0,51763000000.0,12916000000.0,3471000000.0,1715000000.0,21370000000.0,,,,1000000000.0,47407000000.0,4134000000.0,-285000000.0,4356000000.0,51763000000.0,747000000.0,64000000.0,,,674000000.0,,-66000000.0,,,1825000000.0,11752000000.0,,,,,,710000000.0,,24000000.0,-1560000000.0,,,729000000.0,10925000000.0,670000000.0
2020-10-30,69286000000.0,46170000000.0,23116000000.0,,13985000000.0,,8123000000.0,,6419000000.0,1562000000.0,4857000000.0,6.42,6.41,753000000.0,754000000.0,8249000000.0,702000000.0,,15712000000.0,,,1103000000.0,26916000000.0,202000000.0,18683000000.0,,,1015000000.0,50880000000.0,12759000000.0,2935000000.0,1614000000.0,19564000000.0,,,,1144000000.0,46807000000.0,3942000000.0,-245000000.0,4073000000.0,50880000000.0,1152000000.0,107000000.0,,,2545000000.0,,-147000000.0,,,1133000000.0,11485000000.0,,,,,,1172000000.0,,24000000.0,-2652000000.0,,,-1304000000.0,7533000000.0,1357000000.0
2021-01-29,89597000000.0,60025000000.0,29572000000.0,,18526000000.0,,9647000000.0,,7739000000.0,1904000000.0,5835000000.0,7.77,7.75,748000000.0,750000000.0,4690000000.0,,,16193000000.0,340000000.0,,937000000.0,22326000000.0,200000000.0,19155000000.0,311000000.0,,882000000.0,46735000000.0,10884000000.0,3235000000.0,1608000000.0,18730000000.0,,,,991000000.0,45298000000.0,1117000000.0,-136000000.0,1437000000.0,46735000000.0,1594000000.0,155000000.0,-99000000.0,,2967000000.0,,-326000000.0,,512000000.0,813000000.0,11049000000.0,,,42000000.0,,,1791000000.0,,25000000.0,-1894000000.0,,,-5191000000.0,3974000000.0,1588000000.0
2021-04-30,24422000000.0,16292000000.0,8130000000.0,,4494000000.0,,3245000000.0,,3034000000.0,713000000.0,2321000000.0,3.22,3.21,718000000.0,720000000.0,6692000000.0,,,18382000000.0,,,1288000000.0,26816000000.0,,19059000000.0,311000000.0,,1029000000.0,51200000000.0,13964000000.0,3705000000.0,2022000000.0,22892000000.0,,,,982000000.0,50755000000.0,98000000.0,-11000000.0,445000000.0,51200000000.0,443000000.0,54000000.0,,,2123000000.0,,343000000.0,,442000000.0,421000000.0,4492000000.0,,,,,,461000000.0,,134000000.0,-477000000.0,,,-2020000000.0,2002000000.0,115000000.0
2021-07-30,51993000000.0,34551000000.0,17442000000.0,,9187000000.0,,7455000000.0,,7028000000.0,1688000000.0,5340000000.0,7.48,7.46,711000000.0,713000000.0,4835000000.0,1420000000.0,,17322000000.0,,,1506000000.0,25083000000.0,225000000.0,19031000000.0,311000000.0,,1024000000.0,49404000000.0,12011000000.0,3380000000.0,2041000000.0,21664000000.0,,,,1010000000.0,49579000000.0,-460000000.0,-65000000.0,-175000000.0,49404000000.0,907000000.0,115000000.0,,,1096000000.0,,203000000.0,,511000000.0,-139000000.0,6913000000.0,,,,,,846000000.0,,134000000.0,-1845000000.0,,,-4927000000.0,145000000.0,1546000000.0
2021-10-29,74911000000.0,49882000000.0,25029000000.0,,13559000000.0,,10244000000.0,,9594000000.0,2359000000.0,7235000000.0,10.23,10.21,704000000.0,706000000.0,6121000000.0,552000000.0,,16685000000.0,,,1491000000.0,24849000000.0,213000000.0,18925000000.0,311000000.0,,1032000000.0,49400000000.0,11334000000.0,3268000000.0,1954000000.0,20834000000.0,,,,1006000000.0,50976000000.0,-1913000000.0,-6000000.0,-1576000000.0,49400000000.0,1388000000.0,169000000.0,,,446000000.0,,130000000.0,,444000000.0,-421000000.0,9179000000.0,,,,,,1256000000.0,,134000000.0,-1360000000.0,,,-6391000000.0,1431000000.0,2189000000.0
2022-01-28,96250000000.0,64194000000.0,32056000000.0,,18301000000.0,,12093000000.0,,11208000000.0,2766000000.0,8442000000.0,12.07,12.04,696000000.0,699000000.0,1133000000.0,,,17605000000.0,164000000.0,,1051000000.0,20060000000.0,199000000.0,19071000000.0,311000000.0,,1038000000.0,44640000000.0,11354000000.0,3335000000.0,1914000000.0,19668000000.0,,,,781000000.0,49456000000.0,-5115000000.0,-36000000.0,-4816000000.0,44640000000.0,1882000000.0,230000000.0,140000000.0,,1413000000.0,,23000000.0,,413000000.0,-570000000.0,10113000000.0,,,308000000.0,,,1853000000.0,,134000000.0,-1646000000.0,,,-12016000000.0,-3557000000.0,2735000000.0
2022-04-29,23659000000.0,15609000000.0,8050000000.0,,4303000000.0,,3302000000.0,,3059000000.0,726000000.0,2333000000.0,3.52,3.51,660000000.0,662000000.0,3414000000.0,,,20239000000.0,,,1590000000.0,25611000000.0,,18890000000.0,,,984000000.0,49725000000.0,13831000000.0,3956000000.0,2094000000.0,21831000000.0,,,,797000000.0,56602000000.0,-7367000000.0,164000000.0,-6877000000.0,49725000000.0,503000000.0,50000000.0,,,2646000000.0,,212000000.0,,191000000.0,81000000.0,2977000000.0,,,,,,343000000.0,,0.0,-310000000.0,,,-386000000.0,2281000000.0,57000000.0
2022-07-29,51135000000.0,33952000000.0,17183000000.0,,8758000000.0,,7531000000.0,,7024000000.0,1699000000.0,5325000000.0,8.18,8.16,649000000.0,651000000.0,1482000000.0,,,19329000000.0,,,1406000000.0,22667000000.0,,18713000000.0,,,1027000000.0,46725000000.0,12631000000.0,3767000000.0,1968000000.0,20366000000.0,,,,800000000.0,55167000000.0,-8895000000.0,137000000.0,-8442000000.0,46725000000.0,1007000000.0,110000000.0,,,1728000000.0,,120000000.0,,97000000.0,-263000000.0,6012000000.0,,,,,,687000000.0,,1000000.0,-709000000.0,,,-4954000000.0,349000000.0,1415000000.0
2022-10-28,74614000000.0,49614000000.0,25000000000.0,,15200000000.0,,8455000000.0,,7653000000.0,2174000000.0,5479000000.0,8.56,8.53,638000000.0,640000000.0,3192000000.0,,,19817000000.0,,,1518000000.0,24991000000.0,,17275000000.0,,,831000000.0,46973000000.0,12249000000.0,4226000000.0,1736000000.0,20876000000.0,,,,829000000.0,59841000000.0,-13313000000.0,140000000.0,-12868000000.0,46973000000.0,1509000000.0,165000000.0,,,2308000000.0,,-20000000.0,,-117000000.0,205000000.0,8138000000.0,,,,,,1090000000.0,,0.0,-1115000000.0,,,-4932000000.0,2059000000.0,1540000000.0
2023-02-03,97059000000.0,64802000000.0,32257000000.0,,20332000000.0,,10159000000.0,,9036000000.0,2599000000.0,6437000000.0,10.2,10.17,629000000.0,631000000.0,1348000000.0,,,18532000000.0,250000000.0,,1178000000.0,21442000000.0,121000000.0,17567000000.0,311000000.0,,810000000.0,43708000000.0,10524000000.0,3488000000.0,1603000000.0,19511000000.0,,,,862000000.0,57962000000.0,-14862000000.0,307000000.0,-14254000000.0,43708000000.0,1981000000.0,223000000.0,-188000000.0,,2594000000.0,,-56000000.0,,-183000000.0,388000000.0,8589000000.0,,,10000000.0,,,1829000000.0,,1000000.0,-1309000000.0,,,-7049000000.0,215000000.0,1720000000.0
2023-05-05,22347000000.0,14820000000.0,7527000000.0,,3824000000.0,,3288000000.0,,2939000000.0,679000000.0,2260000000.0,3.78,3.77,596000000.0,597000000.0,2950000000.0,,,19522000000.0,,,1023000000.0,23918000000.0,,17402000000.0,,,840000000.0,45917000000.0,11885000000.0,3202000000.0,1645000000.0,19210000000.0,,,,869000000.0,60627000000.0,-15310000000.0,304000000.0,-14710000000.0,45917000000.0,465000000.0,59000000.0,,,990000000.0,,-157000000.0,,48000000.0,-1408000000.0,2106000000.0,,,,,,380000000.0,,17000000.0,-304000000.0,,,-200000000.0,1602000000.0,1234000000.0
2023-08-04,47304000000.0,31378000000.0,15926000000.0,,7912000000.0,,7173000000.0,,6484000000.0,1551000000.0,4933000000.0,8.34,8.32,590000000.0,591000000.0,3494000000.0,,,17422000000.0,,,946000000.0,22236000000.0,,17373000000.0,,,850000000.0,44521000000.0,10333000000.0,3470000000.0,1566000000.0,17612000000.0,,,,960000000.0,59253000000.0,-15341000000.0,306000000.0,-14732000000.0,44521000000.0,941000000.0,113000000.0,,,-1109000000.0,,-224000000.0,,-6000000.0,-1375000000.0,5968000000.0,,,,,,765000000.0,,23000000.0,-715000000.0,,,-3107000000.0,2146000000.0,2565000000.0
2023-11-03,67775000000.0,44958000000.0,22817000000.0,,11673000000.0,,9869000000.0,,8836000000.0,2130000000.0,6706000000.0,11.43,11.4,585000000.0,587000000.0,1210000000.0,,,17530000000.0,,,907000000.0,19968000000.0,,17527000000.0,,,859000000.0,42519000000.0,9914000000.0,3135000000.0,1499000000.0,16496000000.0,,,,966000000.0,57666000000.0,-15744000000.0,302000000.0,-15147000000.0,42519000000.0,1427000000.0,160000000.0,,,-1002000000.0,,-236000000.0,,-77000000.0,-2126000000.0,7032000000.0,,,,,,1344000000.0,,23000000.0,-1306000000.0,,,-5864000000.0,-138000000.0,3163000000.0
2024-02-02,86377000000.0,57533000000.0,28844000000.0,,15570000000.0,,11557000000.0,,10175000000.0,2449000000.0,7726000000.0,13.23,13.2,582000000.0,584000000.0,921000000.0,,,16894000000.0,248000000.0,,949000000.0,19071000000.0,,,,,838000000.0,41795000000.0,8704000000.0,3445000000.0,1408000000.0,15568000000.0,,,,931000000.0,56845000000.0,-15637000000.0,300000000.0,-15050000000.0,41795000000.0,1923000000.0,210000000.0,5000000.0,,-1637000000.0,,-182000000.0,,-170000000.0,-2057000000.0,8140000000.0,,,0.0,,,1964000000.0,,27000000.0,-1901000000.0,,,-6666000000.0,-427000000.0,3700000000.0
2024-05-03,21364000000.0,14274000000.0,7090000000.0,,4009000000.0,,2653000000.0,,2301000000.0,546000000.0,1755000000.0,3.06,3.06,571000000.0,572000000.0,3237000000.0,,,18224000000.0,,,1025000000.0,22750000000.0,,17531000000.0,,,834000000.0,45365000000.0,11737000000.0,3644000000.0,1409000000.0,19506000000.0,,,,859000000.0,59971000000.0,-15188000000.0,296000000.0,-14606000000.0,45365000000.0,486000000.0,55000000.0,,,1330000000.0,,86000000.0,,,90000000.0,4262000000.0,,,,,,382000000.0,,0.0,-378000000.0,,,-1568000000.0,2316000000.0,29000000.0
2024-08-02,44950000000.0,29965000000.0,14985000000.0,,8034000000.0,,6100000000.0,,5431000000.0,1294000000.0,4137000000.0,7.24,7.23,570000000.0,571000000.0,4360000000.0,,,16841000000.0,,,806000000.0,22337000000.0,,17515000000.0,,,787000000.0,44934000000.0,10336000000.0,3596000000.0,1417000000.0,18246000000.0,,,,798000000.0,58697000000.0,-14342000000.0,295000000.0,-13763000000.0,44934000000.0,967000000.0,110000000.0,,,-53000000.0,,-129000000.0,,,61000000.0,7415000000.0,,,,,,808000000.0,,0.0,-800000000.0,,,-3176000000.0,3439000000.0,1004000000.0
2024-11-01,65120000000.0,43340000000.0,21780000000.0,,11860000000.0,,8636000000.0,,7651000000.0,1818000000.0,5833000000.0,10.24,10.22,568000000.0,569000000.0,3271000000.0,,,17566000000.0,,,805000000.0,21977000000.0,,17586000000.0,,,836000000.0,44743000000.0,10602000000.0,3585000000.0,1359000000.0,19447000000.0,,,,808000000.0,58162000000.0,-13993000000.0,292000000.0,-13419000000.0,44743000000.0,1461000000.0,164000000.0,,,672000000.0,,-114000000.0,,,-426000000.0,8714000000.0,,,,,,1379000000.0,,11000000.0,-1320000000.0,,,-5044000000.0,2350000000.0,1384000000.0
,,,,,,,,,,,,,,,,,,,,,,,,,,,,,,,,,,,,,,,,,,,,,,,,,,,,,,,,,,,,,,,,,,,
