Date,Net sales,Cost of sales,Gross margin,Research and development,"Selling, general and administrative",Total operating expenses,Operating income,"Other income/(expense), net",Income before provision for income taxes,Provision for income taxes,Net income,Earnings per share basic,Earnings per share diluted,Weighted-average basic,Weighted-average diluted,Cash and cash equivalents,Short-term marketable securities,"Accounts receivable, net",Inventories,Deferred tax assets,Vendor non-trade receivables,Other current assets,Total current assets,Long-term marketable securities,"Property, Plant and Equipment, Net",Goodwill,"Acquired intangible assets, net","Other Assets, Noncurrent",Total assets,accounts payable,Accrued expenses,Deferred revenue,Total current liabilities,Deferred revenue - non-current,deferred tax liabilities,long term taxes payable,Total other non-current liabilities,Total liabilities,Retained Earnings (Accumulated Deficit),Accumulated other comprehensive (loss)/income,Total shareholders equity,Total liabilities and shareholders' equity,"Depreciation, amortization and accretion",Stock-based compensation expense,Deferred income tax expense,"Increase (Decrease) in Accounts receivable, net",Increase (Decrease) in Inventories,Increase (Decrease) in Other Receivables,Increase (Decrease) in Other Operating Assets,Increase (Decrease) in Accounts Payable,Increase (Decrease) in Deferred Revenue,Increase (Decrease) Other liabilities,Cash generated by operating activities,Purchases of marketable securities,Proceeds from maturities of marketable securities,Proceeds from sales of marketable securities,Purchases of other long-term investments,"Business acquisitions, net of cash acquired",Cash payments for capital asset purchases,Payments for acquisition of intangible assets,Payments for (Proceeds from) Other Investing Activities,Cash used in investing activities,Proceeds from issuance of common stock,Excess tax benefits from stock-based compensation,Cash generated/used in financing activities,Increase/(decrease) in cash and cash equivalents,"Cash paid for income taxes, net"
2010-09-26,805874000.0,428548000.0,377326000.0,86353000.0,72142000.0,153332000.0,223994000.0,,223015000.0,29291000.0,193724000.0,1.57,1.55,123665000.0,125202000.0,628281000.0,,526904000.0,338335000.0,46191000.0,,,1919431000.0,,206238000.0,169182000.0,62506000.0,102727000.0,2652296000.0,143454000.0,,,612397000.0,,,114946000.0,23248000.0,765668000.0,2160060000.0,-39866000.0,1886628000.0,2652296000.0,,13009000.0,-783000.0,,,,,,,,255744000.0,50958000.0,,,,,19130000.0,,,-43646000.0,835000.0,3939000.0,-136199000.0,82514000.0,
2010-12-26,1676588000.0,891829000.0,784759000.0,176830000.0,147994000.0,319661000.0,465098000.0,,465157000.0,49577000.0,415580000.0,3.37,3.32,123384000.0,124999000.0,729060000.0,,689400000.0,333874000.0,47380000.0,,,2179745000.0,,229769000.0,169182000.0,56489000.0,104758000.0,2933217000.0,168753000.0,,,689871000.0,,,118323000.0,23720000.0,848438000.0,2381916000.0,-24668000.0,2084779000.0,2933217000.0,,25768000.0,-3822000.0,,,,,,,,441327000.0,80916000.0,,,,,57155000.0,,,-81287000.0,4242000.0,3228000.0,-187732000.0,183293000.0,
2011-03-27,2485675000.0,1326897000.0,1158778000.0,273710000.0,228137000.0,496684000.0,662094000.0,,663816000.0,65996000.0,597820000.0,4.84,4.78,123674000.0,125293000.0,942710000.0,,637795000.0,355734000.0,45934000.0,,,2372774000.0,,251954000.0,169182000.0,51964000.0,107795000.0,3148495000.0,184119000.0,,,667391000.0,,,116911000.0,25088000.0,825339000.0,2564156000.0,-198000.0,2323156000.0,3148495000.0,,38224000.0,-4555000.0,,,,,,,,682920000.0,132662000.0,,,417000.0,,92924000.0,,,-128545000.0,10222000.0,15106000.0,-173008000.0,396943000.0,
2011-06-26,3237693000.0,1740461000.0,1497232000.0,373293000.0,308075000.0,692947000.0,804285000.0,-3409000.0,800876000.0,77128000.0,723748000.0,5.86,5.79,123529000.0,125019000.0,1492132000.0,,590568000.0,396607000.0,69332000.0,,,3276792000.0,,270458000.0,169182000.0,47434000.0,124380000.0,4057394000.0,163541000.0,62500000.0,,684286000.0,,,113582000.0,51193000.0,1587549000.0,2690086000.0,9761000.0,2469845000.0,4057394000.0,,53012000.0,-10721000.0,89716000.0,77461000.0,,,,,,881028000.0,564485000.0,,,417000.0,,127495000.0,,,-479913000.0,12401000.0,23290000.0,526986000.0,946365000.0,70774000.0
2011-09-25,680436000.0,,283883000.0,102559000.0,80200000.0,184484000.0,99399000.0,,87326000.0,15488000.0,71838000.0,0.58,0.58,123130000.0,124049000.0,1339318000.0,,523240000.0,396301000.0,78330000.0,,,3134629000.0,,266411000.0,169182000.0,42905000.0,117870000.0,3900954000.0,113277000.0,,,594594000.0,,,116509000.0,56717000.0,1511072000.0,2761924000.0,-16434000.0,2389882000.0,3900954000.0,,17744000.0,,,,,,,,,86900000.0,158050000.0,,,,,15732000.0,,,-100974000.0,164000.0,1951000.0,-137644000.0,-152814000.0,
2011-12-25,1264417000.0,745708000.0,518709000.0,206583000.0,163456000.0,371764000.0,146945000.0,,127087000.0,22037000.0,105050000.0,0.87,0.86,121435000.0,122382000.0,1506928000.0,,462243000.0,373130000.0,78479000.0,,,3212851000.0,,272409000.0,169182000.0,38386000.0,115918000.0,3978147000.0,108118000.0,,,593605000.0,,,115616000.0,57104000.0,1515403000.0,2795136000.0,-33130000.0,2462744000.0,3978147000.0,,35968000.0,-633000.0,,,,,,,,255916000.0,234576000.0,,,,,42414000.0,,,-131535000.0,1475000.0,2155000.0,-107342000.0,14796000.0,
2012-03-25,1923378000.0,1137522000.0,785856000.0,320031000.0,259037000.0,580793000.0,205063000.0,,181637000.0,30983000.0,150654000.0,1.25,1.24,120904000.0,121830000.0,1410267000.0,,471776000.0,376126000.0,78719000.0,,,3423909000.0,,279955000.0,169182000.0,34094000.0,120903000.0,4193263000.0,179445000.0,,,651655000.0,,,115570000.0,61469000.0,1584121000.0,2840740000.0,-16188000.0,2609142000.0,4193263000.0,,52385000.0,3090000.0,,,,,,,,402313000.0,638637000.0,,,,,70392000.0,,,-441735000.0,1776000.0,2292000.0,-39746000.0,-81865000.0,
2012-06-24,2665192000.0,1581982000.0,1084069000.0,444559000.0,400052000.0,846336000.0,237733000.0,,204418000.0,35695000.0,168723000.0,1.36,1.35,124176000.0,125233000.0,1564752000.0,,765818000.0,632853000.0,-87098000.0,,,4415109000.0,,584596000.0,1446303000.0,1240427000.0,151882000.0,8004652000.0,258778000.0,492178000.0,,1426928000.0,,,274240000.0,219577000.0,2682528000.0,2858809000.0,-33818000.0,5131781000.0,8004652000.0,,81559000.0,42446000.0,-66064000.0,-73987000.0,,,,-9236000.0,,499028000.0,883429000.0,,,,-418681000.0,107272000.0,,,269726000.0,1776000.0,2686000.0,-692747000.0,72620000.0,29113000.0
2012-09-23,906888000.0,573002000.0,333886000.0,163311000.0,153863000.0,317174000.0,16712000.0,,6774000.0,4006000.0,2768000.0,0.02,0.02,179928000.0,181926000.0,1411466000.0,,640217000.0,567920000.0,136556000.0,,,4169416000.0,,593202000.0,1446303000.0,1196467000.0,152762000.0,7724346000.0,148120000.0,496528000.0,,854257000.0,,,282844000.0,296807000.0,2712700000.0,2861577000.0,-33907000.0,5011646000.0,7724346000.0,,24414000.0,-12017000.0,,,,,,,,249262000.0,222187000.0,,,,,43965000.0,,,-60457000.0,951000.0,,-344868000.0,-153286000.0,
2012-12-23,1767774000.0,1118474000.0,649300000.0,329262000.0,298263000.0,628546000.0,20754000.0,,-9348000.0,-15756000.0,9176000.0,0.05,0.05,175314000.0,177490000.0,1190189000.0,,590925000.0,530272000.0,139300000.0,,,3846408000.0,,590547000.0,1454920000.0,1153301000.0,151478000.0,7363164000.0,156237000.0,498787000.0,,825482000.0,,,260063000.0,294300000.0,2666574000.0,2867985000.0,-24484000.0,4696590000.0,7363164000.0,,48441000.0,-19337000.0,,,,,,,,442488000.0,628074000.0,,,,8716000.0,82889000.0,,,-130654000.0,7534000.0,,-693410000.0,-374563000.0,
2013-03-31,2612702000.0,1623570000.0,989132000.0,503468000.0,453070000.0,957559000.0,31573000.0,,-7589000.0,-35761000.0,28172000.0,0.16,0.16,171016000.0,174306000.0,1019109000.0,,544070000.0,545036000.0,137729000.0,,,3669919000.0,,594916000.0,1446244000.0,1116742000.0,152285000.0,7146302000.0,173287000.0,432856000.0,,801013000.0,,,250339000.0,258151000.0,2604102000.0,2886981000.0,-23745000.0,4542200000.0,7146302000.0,,74089000.0,-47271000.0,,,,,,,,544945000.0,832913000.0,,,,9116000.0,117655000.0,,,-177927000.0,22666000.0,-903000.0,-914740000.0,-545643000.0,
2013-06-30,3598916000.0,2195857000.0,1403059000.0,683688000.0,599487000.0,1284988000.0,118071000.0,,66658000.0,-47221000.0,113879000.0,0.67,0.66,168932000.0,173430000.0,1162473000.0,,602624000.0,559317000.0,-18117000.0,,,3793829000.0,,603910000.0,1452196000.0,1074345000.0,159499000.0,7250315000.0,200254000.0,464528000.0,,1404475000.0,,,246479000.0,134313000.0,2574523000.0,2972688000.0,-28693000.0,4488872000.0,7250315000.0,,99330000.0,-70155000.0,-162634000.0,-76351000.0,,,,60205000.0,,719933000.0,1097956000.0,,,,9916000.0,160795000.0,,,-238637000.0,39379000.0,-539000.0,-887790000.0,-402279000.0,7695000.0
2013-09-29,1015059000.0,583201000.0,431858000.0,170567000.0,155883000.0,326450000.0,105408000.0,,91146000.0,5640000.0,85506000.0,0.52,0.5,162896000.0,171363000.0,1156184000.0,,713524000.0,614790000.0,29090000.0,,,3924252000.0,,564845000.0,1452196000.0,1032704000.0,149963000.0,7290345000.0,206072000.0,492860000.0,,1402890000.0,,,248462000.0,129306000.0,2577031000.0,3058194000.0,-23355000.0,4527272000.0,7290345000.0,,23235000.0,,,,,,,,,51925000.0,156409000.0,,,,,23778000.0,,,18939000.0,12574000.0,,-76645000.0,-6289000.0,
2013-12-29,2131120000.0,1211473000.0,919647000.0,345044000.0,304721000.0,649765000.0,269882000.0,,251783000.0,17285000.0,234498000.0,1.44,1.37,162603000.0,171757000.0,1132555000.0,,909720000.0,661572000.0,17095000.0,,,4249036000.0,,546193000.0,1457320000.0,995746000.0,141108000.0,7555798000.0,252586000.0,529119000.0,,1522572000.0,,,248996000.0,129710000.0,2704554000.0,3207186000.0,-15521000.0,4666090000.0,7555798000.0,,46281000.0,12457000.0,,,,,,,,180948000.0,459290000.0,,,,18388000.0,62101000.0,,,-94891000.0,21023000.0,,-116860000.0,-29918000.0,
2014-03-30,3358512000.0,1908067000.0,1450445000.0,531022000.0,457604000.0,988626000.0,461819000.0,,433865000.0,34971000.0,398894000.0,2.46,2.33,162238000.0,171636000.0,1292301000.0,,818390000.0,717356000.0,,,,4447349000.0,,552591000.0,1457320000.0,951593000.0,154600000.0,7707367000.0,252517000.0,515504000.0,,1542705000.0,,,251080000.0,111346000.0,2715819000.0,3371582000.0,-27071000.0,4807292000.0,7707367000.0,,70615000.0,11641000.0,,,,,,,,471158000.0,823932000.0,,,,18388000.0,103739000.0,,,-190701000.0,26134000.0,-296000.0,-151362000.0,129828000.0,
2014-06-29,4607309000.0,2599828000.0,2007481000.0,716471000.0,613341000.0,1329812000.0,677669000.0,,723363000.0,91074000.0,632289000.0,3.84,3.62,164741000.0,174503000.0,1452677000.0,,800616000.0,740503000.0,-24738000.0,,,4783662000.0,,543496000.0,1466225000.0,894078000.0,159353000.0,7993306000.0,223515000.0,604296000.0,,1582001000.0,,,258357000.0,122662000.0,2780222000.0,3575737000.0,-28655000.0,5029735000.0,7993306000.0,,103700000.0,7537000.0,201549000.0,190058000.0,,,,10886000.0,,717049000.0,1312244000.0,,,,30227000.0,145503000.0,,,-265214000.0,34791000.0,6065000.0,-162735000.0,290204000.0,18157000.0
2014-09-28,1152368000.0,646829000.0,505539000.0,188934000.0,148307000.0,337241000.0,168298000.0,,162650000.0,21569000.0,141081000.0,0.87,0.8,161685000.0,177118000.0,1293678000.0,,864403000.0,815612000.0,,,,4690976000.0,,555658000.0,1467319000.0,854834000.0,175558000.0,7893828000.0,249779000.0,578968000.0,,1599625000.0,,,217118000.0,179711000.0,2820723000.0,3687437000.0,-38732000.0,4890673000.0,7893828000.0,,32040000.0,3186000.0,,,,,,,,141161000.0,337100000.0,,,,1137000.0,41871000.0,,,7871000.0,4609000.0,10404000.0,-305837000.0,-158999000.0,
2014-12-28,2384609000.0,1342413000.0,1042196000.0,385702000.0,299455000.0,685157000.0,357039000.0,,341592000.0,23571000.0,318021000.0,1.98,1.8,160467000.0,177082000.0,981275000.0,,944014000.0,913390000.0,,,,4914812000.0,,585372000.0,1466949000.0,815057000.0,173044000.0,8110689000.0,296423000.0,637505000.0,,1708656000.0,,,205535000.0,183678000.0,2928749000.0,3835652000.0,-45391000.0,5000435000.0,8110689000.0,,62672000.0,6506000.0,,,,,,,,302400000.0,1063863000.0,,,,1137000.0,103234000.0,,,-371004000.0,8832000.0,11003000.0,-396606000.0,-471402000.0,
2015-03-29,3777942000.0,2135144000.0,1642798000.0,603567000.0,442227000.0,1045794000.0,597004000.0,,570168000.0,45862000.0,524306000.0,3.28,2.96,159975000.0,177531000.0,1635636000.0,,1046800000.0,919679000.0,,,,6060967000.0,,579824000.0,1466319000.0,776658000.0,190473000.0,9238541000.0,322160000.0,588866000.0,,1734996000.0,,,205536000.0,189291000.0,3960917000.0,4013222000.0,-63240000.0,5097055000.0,9238541000.0,,95620000.0,8245000.0,,,,,,,,493437000.0,2156852000.0,,,2500000.0,1137000.0,135132000.0,,,-765640000.0,16235000.0,13207000.0,466029000.0,182959000.0,
2015-06-28,5259312000.0,2974976000.0,2284336000.0,825242000.0,591611000.0,1496297000.0,788039000.0,,740850000.0,85273000.0,655577000.0,4.11,3.7,159629000.0,177067000.0,1501539000.0,,1093582000.0,943346000.0,-93477000.0,,,6270849000.0,,621418000.0,1387509000.0,728140000.0,185763000.0,9364648000.0,300203000.0,649438000.0,,2631361000.0,,,202930000.0,184023000.0,4019696000.0,4096855000.0,-57796000.0,5103144000.0,9364648000.0,,135354000.0,5551000.0,294155000.0,207462000.0,,,,86146000.0,,785503000.0,3086808000.0,,,2500000.0,1137000.0,198265000.0,,,-1106096000.0,17520000.0,11398000.0,378472000.0,48862000.0,114512000.0
2015-09-27,1600043000.0,877680000.0,722363000.0,234209000.0,152726000.0,386935000.0,335428000.0,,308307000.0,19628000.0,288679000.0,1.82,1.66,158352000.0,174374000.0,1744325000.0,,1088942000.0,916683000.0,,,,6515981000.0,,636769000.0,1387213000.0,688951000.0,182062000.0,9594431000.0,254331000.0,733233000.0,,2281941000.0,,,247448000.0,127607000.0,4057611000.0,4337697000.0,-62958000.0,5358155000.0,9594431000.0,,35774000.0,-5563000.0,,,,,,,,448997000.0,358854000.0,,,,,49454000.0,,1500000.0,-79157000.0,377000.0,3572000.0,-123246000.0,242786000.0,
2015-12-27,3025577000.0,1676704000.0,1348873000.0,454963000.0,319648000.0,774611000.0,574262000.0,,517206000.0,-14081000.0,511659000.0,3.23,2.94,158424000.0,174308000.0,1967873000.0,,1089850000.0,879821000.0,,,,6670197000.0,,643746000.0,1387082000.0,652131000.0,189697000.0,9750421000.0,230974000.0,757260000.0,,2222980000.0,,,257502000.0,135303000.0,4020468000.0,4513561000.0,-68781000.0,5552291000.0,9750421000.0,,68344000.0,2613000.0,,,,,,,,743542000.0,808292000.0,,,,0.0,77597000.0,,6246000.0,-64762000.0,1550000.0,5753000.0,-208982000.0,466334000.0,
2016-03-27,4339632000.0,2419494000.0,1920138000.0,676457000.0,478666000.0,1155123000.0,765015000.0,,678125000.0,23015000.0,655110000.0,4.13,3.76,159039000.0,174373000.0,2232021000.0,,1236617000.0,934932000.0,,,,6941565000.0,,664424000.0,1386559000.0,612779000.0,191097000.0,10024262000.0,373164000.0,655945000.0,,2342186000.0,,,266681000.0,137017000.0,4153134000.0,4609221000.0,-55890000.0,5692339000.0,10024262000.0,,103060000.0,-2295000.0,,,,,,,,926453000.0,844814000.0,,,,0.0,123604000.0,,6246000.0,70969000.0,1858000.0,8015000.0,-266142000.0,730482000.0,
2016-06-26,5885893000.0,3266971000.0,2618922000.0,913712000.0,630954000.0,1544666000.0,1074256000.0,,960117000.0,46068000.0,914049000.0,5.75,5.22,158919000.0,175159000.0,5039322000.0,,1262145000.0,971911000.0,363148000.0,,,9214911000.0,,639608000.0,1400000000.0,564921000.0,215391000.0,12271528000.0,348199000.0,772910000.0,,2419802000.0,,,231514000.0,134562000.0,6169459000.0,4820109000.0,-69333000.0,5894517000.0,12271528000.0,,142348000.0,-49003000.0,169034000.0,66371000.0,,,,27129000.0,,1350277000.0,874998000.0,,,0.0,0.0,175330000.0,,-1636000.0,592483000.0,3405000.0,-1020000.0,1595745000.0,3537783000.0,39745000.0
2016-09-25,1632419000.0,916222000.0,716197000.0,235240000.0,165010000.0,400250000.0,315947000.0,,292793000.0,29000000.0,263835000.0,1.64,1.47,160607000.0,180017000.0,5861701000.0,,1290317000.0,931581000.0,,,,9599002000.0,,649587000.0,1385838000.0,526593000.0,219702000.0,12636362000.0,349743000.0,765655000.0,,2486252000.0,,,241671000.0,142910000.0,6249012000.0,5035547000.0,-57000000.0,6184883000.0,12636362000.0,,38595000.0,7633000.0,,,,,,,,473224000.0,38149000.0,,,,,41979000.0,,7800000.0,376752000.0,1459000.0,0.0,-29508000.0,822379000.0,
2016-12-25,3514718000.0,1951724000.0,1562994000.0,482044000.0,325175000.0,807219000.0,755775000.0,,677598000.0,81000000.0,596626000.0,3.69,3.28,162659000.0,183543000.0,2503960000.0,,1426307000.0,1018891000.0,,,,8503874000.0,,672553000.0,1400000000.0,487897000.0,215876000.0,11521059000.0,445113000.0,847167000.0,,2658018000.0,,,238968000.0,262351000.0,4928050000.0,5295000000.0,-70077000.0,6395696000.0,11521059000.0,,70850000.0,42248000.0,,,,,,,,877322000.0,2370910000.0,,,,,78492000.0,,7541000.0,-1650465000.0,4580000.0,,-1758766000.0,-2535362000.0,
2017-03-26,5668713000.0,3134315000.0,2534398000.0,748030000.0,492175000.0,1240205000.0,1294193000.0,,1208178000.0,-44133000.0,1171339000.0,7.22,6.4,163408000.0,185094000.0,2128570000.0,,1636090000.0,1133196000.0,,,,8875948000.0,,675707000.0,1400000000.0,449605000.0,232224000.0,11875186000.0,473415000.0,850762000.0,,2756739000.0,,,137173000.0,282615000.0,4953824000.0,5795760000.0,-75602000.0,6746254000.0,11875186000.0,,106173000.0,69867000.0,,,,,,,,1300010000.0,3594060000.0,,,,,122608000.0,,11127000.0,-2117715000.0,12544000.0,,-2092585000.0,-2910752000.0,
2017-06-25,8013620000.0,4410261000.0,3603359000.0,1033742000.0,667485000.0,1701227000.0,1902132000.0,,1811673000.0,113910000.0,1697763000.0,10.47,9.24,162222000.0,183770000.0,2377534000.0,,1673398000.0,1232916000.0,431772000.0,,,9142498000.0,,685595000.0,1400000000.0,410995000.0,241799000.0,12122765000.0,464643000.0,969361000.0,,2950115000.0,,,120178000.0,280186000.0,5135453000.0,6249691000.0,-61700000.0,6817451000.0,12122765000.0,,149975000.0,104936000.0,411287000.0,307875000.0,,,,258473000.0,,2029282000.0,4581851000.0,,,0.0,0.0,157419000.0,,12815000.0,-2058613000.0,12913000.0,38635000.0,-2632394000.0,-2661788000.0,28104000.0
2017-09-24,2478140000.0,1328797000.0,1149343000.0,275078000.0,181043000.0,456121000.0,693222000.0,,687720000.0,97030000.0,590690000.0,3.64,3.21,162141000.0,183880000.0,2406462000.0,,1530762000.0,1328297000.0,,,,9228780000.0,,745600000.0,1500000000.0,420359000.0,263812000.0,12398626000.0,471805000.0,1078998000.0,,2788631000.0,,,129611000.0,278733000.0,4990452000.0,6808174000.0,-52787000.0,7271178000.0,12398626000.0,,41783000.0,43204000.0,,,,,,,,858306000.0,1425407000.0,,,,115613000.0,60064000.0,,10600000.0,-303891000.0,1042000.0,,-528804000.0,28928000.0,
2017-12-24,5058955000.0,2704045000.0,2354910000.0,556389000.0,367928000.0,924317000.0,1430593000.0,,1421939000.0,841204000.0,580735000.0,3.59,3.16,161638000.0,183958000.0,1745173000.0,,2279044000.0,1507435000.0,,,,9666122000.0,,807340000.0,1500000000.0,380929000.0,316660000.0,12912265000.0,421788000.0,1339612000.0,,3911695000.0,,,818880000.0,118177000.0,6638710000.0,6717621000.0,-64160000.0,6143131000.0,12912265000.0,,83907000.0,-228274000.0,,,,,,,,887010000.0,2251486000.0,,,,115697000.0,144757000.0,,14996000.0,-598704000.0,4115000.0,,-924826000.0,-632361000.0,
2018-03-25,7951070000.0,4265446000.0,3685624000.0,861801000.0,565719000.0,1427520000.0,2258104000.0,,2193640000.0,834105000.0,1359535000.0,8.4,7.45,162378000.0,182565000.0,4698995000.0,,2082632000.0,1693128000.0,,,,10425797000.0,,826500000.0,1500000000.0,340238000.0,328724000.0,13663499000.0,630912000.0,1145341000.0,,3948420000.0,,,818700000.0,230620000.0,6779471000.0,7414395000.0,-65431000.0,6803055000.0,13663499000.0,,125002000.0,-209214000.0,,,,,,,,1937389000.0,2377459000.0,,,,115697000.0,193814000.0,,14358000.0,1487160000.0,6632000.0,,-1111288000.0,2321461000.0,
2018-06-24,11076998000.0,5911966000.0,5165032000.0,1189514000.0,762219000.0,1951733000.0,3213299000.0,,3151789000.0,771108000.0,2380681000.0,14.73,13.17,161643000.0,180782000.0,4512257000.0,,2176936000.0,1876162000.0,68573000.0,,,9149911000.0,,902547000.0,1500000000.0,317836000.0,367979000.0,12479478000.0,510983000.0,1309209000.0,,3150308000.0,,,851936000.0,90629000.0,5899435000.0,8261194000.0,-57449000.0,6501851000.0,12479478000.0,,172216000.0,3046000.0,501628000.0,701008000.0,,,,112413000.0,,2655747000.0,2532829000.0,650255000.0,5035460000.0,,115697000.0,273469000.0,,15184000.0,2748440000.0,9258000.0,0.0,-3272057000.0,2134723000.0,142800000.0
2018-09-23,2330691000.0,1272493000.0,1058198000.0,291672000.0,174775000.0,466447000.0,591751000.0,,591374000.0,58014000.0,533360000.0,3.43,3.23,155658000.0,165327000.0,2568085000.0,,1846845000.0,1874194000.0,,,,7515873000.0,,951376000.0,1500000000.0,282689000.0,466842000.0,10957577000.0,384403000.0,1347872000.0,542321000.0,2824965000.0,,,845740000.0,100144000.0,5575940000.0,8767786000.0,-57729000.0,5322825000.0,10957577000.0,,50343000.0,-83501000.0,,,,,,,,720286000.0,749829000.0,,,,0.0,56098000.0,,3650000.0,-672331000.0,0.0,,-1990193000.0,-1944549000.0,
2018-12-23,4853364000.0,2650133000.0,2203231000.0,577228000.0,343873000.0,921101000.0,1282130000.0,,1251104000.0,148900000.0,1102215000.0,7.1,6.73,155340000.0,163749000.0,3359793000.0,,1868842000.0,1703307000.0,,,,7355845000.0,,1013306000.0,1500000000.0,251898000.0,407547000.0,10768458000.0,343942000.0,1203577000.0,432216000.0,2166837000.0,,,859232000.0,87827000.0,4927086000.0,9165445000.0,-64692000.0,5784363000.0,10768458000.0,,89149000.0,-62704000.0,,,,,,,,1362705000.0,785188000.0,,,,0.0,162021000.0,,4019000.0,-5400000.0,109000.0,,-2505746000.0,-1153473000.0,
2019-03-31,7292412000.0,4014844000.0,3277568000.0,895742000.0,534179000.0,1429921000.0,1847647000.0,,1837153000.0,187548000.0,1649605000.0,10.72,10.2,153891000.0,161683000.0,4931611000.0,,1522273000.0,1622242000.0,,,,9442241000.0,,1040329000.0,1500000000.0,223022000.0,448988000.0,12895262000.0,416187000.0,1046938000.0,378396000.0,2805628000.0,,,863155000.0,83986000.0,7554283000.0,9547961000.0,-62660000.0,5291196000.0,12895262000.0,,142389000.0,-75105000.0,,,,,,,,2295526000.0,1975688000.0,395569000.0,809379000.0,,0.0,237543000.0,,5288000.0,-1013571000.0,5119000.0,,-862224000.0,418827000.0,
2019-06-30,9653559000.0,5295100000.0,4358459000.0,1191320000.0,702407000.0,1893727000.0,2464732000.0,,2446571000.0,255141000.0,2191430000.0,14.37,13.7,152478000.0,159915000.0,3658219000.0,,1455522000.0,1540140000.0,83456000.0,,,8560409000.0,,1059077000.0,1500000000.0,216950000.0,425123000.0,12001333000.0,376561000.0,946641000.0,381317000.0,2371650000.0,,,892790000.0,190821000.0,7278029000.0,9930919000.0,-64030000.0,4673865000.0,12001333000.0,,187234000.0,-4980000.0,-732138000.0,-281355000.0,,,,-178074000.0,,3176013000.0,2930049000.0,466539000.0,1137302000.0,,0.0,303491000.0,,7355000.0,-1637054000.0,6813000.0,0.0,-2390080000.0,-855162000.0,300268000.0
2019-09-29,2165746000.0,1184036000.0,981710000.0,286827000.0,157428000.0,444255000.0,537455000.0,,524727000.0,58938000.0,465789000.0,3.22,3.09,144673000.0,150682000.0,4607182000.0,,1635643000.0,1483385000.0,,,,8834615000.0,,1030168000.0,1500000000.0,,533417000.0,12343502000.0,415808000.0,990035000.0,406681000.0,2457682000.0,,,856895000.0,261890000.0,7364556000.0,10233005000.0,-72560000.0,4936393000.0,12343502000.0,,42905000.0,-2992000.0,,,,,,,,464047000.0,147632000.0,600347000.0,337763000.0,,,39256000.0,,540000.0,750682000.0,3869000.0,,-262096000.0,948440000.0,
2019-12-29,4749247000.0,2587893000.0,2161354000.0,605688000.0,331700000.0,937388000.0,1223966000.0,,1197314000.0,217015000.0,980299000.0,6.79,6.52,144330000.0,150389000.0,3035887000.0,,2030490000.0,1528620000.0,,,,8454965000.0,,,1500000000.0,,480056000.0,11914122000.0,452779000.0,1114013000.0,366417000.0,2565501000.0,,,872778000.0,272043000.0,7496389000.0,10584005000.0,-60247000.0,4379429000.0,11914122000.0,,88630000.0,74516000.0,,,,,,,,771975000.0,1619695000.0,952327000.0,795559000.0,,,101310000.0,,10528000.0,16353000.0,4501000.0,,-1412792000.0,-623602000.0,
2020-03-29,7252872000.0,3924511000.0,3328361000.0,913602000.0,496679000.0,1410281000.0,1918080000.0,,1826809000.0,271729000.0,1555080000.0,10.75,10.39,145301000.0,149648000.0,3961586000.0,,2191070000.0,1674740000.0,,,,9408785000.0,,,1500000000.0,,560344000.0,12938635000.0,498860000.0,1024793000.0,539601000.0,2105661000.0,,,889287000.0,350603000.0,8389482000.0,10991046000.0,-112676000.0,4537607000.0,12938635000.0,,136044000.0,74516000.0,,,,,,,,1313403000.0,1889823000.0,1163555000.0,1065618000.0,,,152685000.0,,540000.0,186125000.0,6215000.0,,-1187330000.0,302345000.0,
2020-06-28,10044736000.0,5436043000.0,4608693000.0,1252412000.0,682479000.0,1934891000.0,2673802000.0,,2574978000.0,323225000.0,2251753000.0,15.55,15.1,144814000.0,149090000.0,4915172000.0,,2097099000.0,1900024000.0,133386000.0,,,10853535000.0,,1053090000.0,1500000000.0,168532000.0,727134000.0,14559047000.0,592387000.0,1272655000.0,457523000.0,3162442000.0,,,909709000.0,332559000.0,9375558000.0,11520591000.0,-94211000.0,5172494000.0,14559047000.0,,189197000.0,-17777000.0,641827000.0,411608000.0,,,,76207000.0,,2126451000.0,2897627000.0,1647379000.0,1235248000.0,,0.0,203239000.0,,25845000.0,-244084000.0,8084000.0,,-623930000.0,1255687000.0,222909000.0
2020-09-27,3177080000.0,1670901000.0,1506179000.0,355367000.0,189748000.0,545115000.0,961064000.0,,922272000.0,98821000.0,823451000.0,5.67,5.59,145267000.0,147248000.0,4129067000.0,,2317922000.0,2138050000.0,,,,11274883000.0,,,1500000000.0,,748795000.0,15057008000.0,662674000.0,1333568000.0,576488000.0,3406868000.0,,,879870000.0,351283000.0,9631516000.0,12157153000.0,-82672000.0,5419185000.0,15057008000.0,,55988000.0,-1850000.0,,,,,,,,642511000.0,1750188000.0,597252000.0,415862000.0,,,62806000.0,,1786000.0,-801666000.0,5538000.0,,-631485000.0,-786558000.0,
2020-12-27,6633317000.0,3523343000.0,3109974000.0,730539000.0,408647000.0,1139186000.0,1970788000.0,,1902055000.0,209375000.0,1692680000.0,11.71,11.55,144549000.0,146579000.0,3687165000.0,,2900362000.0,2348955000.0,,,,11467952000.0,,,1500000000.0,,800162000.0,15370374000.0,722490000.0,1479242000.0,556474000.0,3591053000.0,,,902047000.0,376230000.0,9861826000.0,12839890000.0,-56126000.0,5503033000.0,15370374000.0,,108097000.0,-4312000.0,,,,,,,,987148000.0,2452216000.0,1289006000.0,594238000.0,,,154878000.0,,7876000.0,-731726000.0,13646000.0,,-1496802000.0,-1229111000.0,
2021-03-28,10480971000.0,5590866000.0,4890105000.0,1111659000.0,612350000.0,1724009000.0,3166096000.0,,3062043000.0,298242000.0,2763801000.0,19.2,18.94,143925000.0,145923000.0,3673366000.0,,2809068000.0,2552032000.0,,,,11322270000.0,,,1500000000.0,,796093000.0,15284913000.0,760942000.0,1292174000.0,733783000.0,3612333000.0,,,924629000.0,381505000.0,9910080000.0,13725681000.0,-63297000.0,5371616000.0,15284913000.0,,163843000.0,-5448000.0,,,,,,,,2152228000.0,3242741000.0,1951037000.0,956261000.0,,,244474000.0,,35873000.0,-615790000.0,23272000.0,,-2785208000.0,-1242257000.0,
2021-06-27,14626150000.0,7820844000.0,6805306000.0,1493408000.0,829875000.0,2323283000.0,4482023000.0,,4370804000.0,462346000.0,3908458000.0,27.22,26.9,143609000.0,145320000.0,4418263000.0,,3026430000.0,2689294000.0,307594000.0,,,11652387000.0,,1259425000.0,1500000000.0,132365000.0,1061300000.0,15892152000.0,829710000.0,1719483000.0,967325000.0,3527867000.0,,,948037000.0,398727000.0,9864964000.0,14684912000.0,-64128000.0,6027188000.0,15892152000.0,,220164000.0,-151477000.0,928928000.0,792591000.0,,,,508008000.0,,3588163000.0,3389388000.0,2381758000.0,1472152000.0,,,349096000.0,,42155000.0,73271000.0,24123000.0,,-4166982000.0,-498333000.0,518567000.0
2021-09-26,4304465000.0,2327711000.0,1976754000.0,382327000.0,222194000.0,604521000.0,1372233000.0,,1343376000.0,163632000.0,1179744000.0,8.32,8.27,141743000.0,142612000.0,4042151000.0,,3397180000.0,2872141000.0,,,,11144682000.0,,,1500000000.0,125014000.0,1181930000.0,15565552000.0,837708000.0,1633729000.0,931415000.0,3409220000.0,,,881325000.0,466000000.0,9745509000.0,15653440000.0,-81768000.0,5820043000.0,15565552000.0,,58099000.0,-13023000.0,,,,,,,,457524000.0,25297000.0,106836000.0,656504000.0,,,136427000.0,,4923000.0,596693000.0,742000.0,,-1427592000.0,-377151000.0,
2021-12-26,8531069000.0,4576399000.0,3954670000.0,785971000.0,458327000.0,1244298000.0,2710372000.0,,2699514000.0,324940000.0,2374574000.0,16.82,16.71,141187000.0,142071000.0,5086544000.0,,3402840000.0,3074177000.0,,,,12102862000.0,,,1500000000.0,112077000.0,1226563000.0,16685428000.0,952666000.0,1770406000.0,1133878000.0,3863151000.0,,,891545000.0,466830000.0,10209647000.0,16637683000.0,-88146000.0,6475781000.0,16685428000.0,,120933000.0,-26573000.0,,,,,,,,1898030000.0,268457000.0,134096000.0,1197575000.0,,,274920000.0,,5518000.0,782776000.0,4193000.0,,-2005695000.0,666657000.0,
2022-03-27,12591485000.0,6820190000.0,5771295000.0,1193091000.0,675735000.0,1868826000.0,3902469000.0,,3834209000.0,437857000.0,3396352000.0,24.17,24.02,140534000.0,141400000.0,4194719000.0,,3702320000.0,3479332000.0,,,,11888101000.0,,,1513729000.0,113306000.0,1260984000.0,16589031000.0,1007026000.0,1634917000.0,1545109000.0,4194741000.0,,,916668000.0,450475000.0,10562541000.0,17451404000.0,-97666000.0,6026490000.0,16589031000.0,,189476000.0,-83451000.0,,,,,,,,2655740000.0,567819000.0,167123000.0,1543094000.0,,,420288000.0,,33898000.0,688212000.0,4685000.0,,-3555403000.0,-224995000.0,
2022-06-26,17227039000.0,9355232000.0,7871807000.0,1604248000.0,885737000.0,2489985000.0,5381822000.0,,5193114000.0,587828000.0,4605286000.0,32.92,32.75,139899000.0,140628000.0,3522001000.0,,4313818000.0,3966294000.0,560697000.0,,,12285235000.0,,1605434000.0,1515113000.0,101850000.0,1394313000.0,17195632000.0,1011208000.0,1974272000.0,1571898000.0,4564759000.0,,,931117000.0,422941000.0,10917266000.0,18454724000.0,-109982000.0,6278366000.0,17195632000.0,,259064000.0,-257438000.0,1287680000.0,1351344000.0,,,,604573000.0,,3099674000.0,567819000.0,190269000.0,1543434000.0,,,546034000.0,,7575000.0,612275000.0,5682000.0,,-4578937000.0,-897215000.0,807669000.0
2022-09-25,5074121000.0,2737286000.0,2336835000.0,433375000.0,205620000.0,638995000.0,1697840000.0,,1654745000.0,228866000.0,1425879000.0,10.42,10.39,136891000.0,137208000.0,4256499000.0,,4569735000.0,4360325000.0,,,,13612664000.0,,,1514547000.0,110385000.0,1513940000.0,18721282000.0,1146286000.0,1948776000.0,1951210000.0,5053382000.0,,,840214000.0,418756000.0,11308715000.0,19644623000.0,-133765000.0,7412567000.0,18721282000.0,,71110000.0,-133616000.0,,,,,,,,1189588000.0,0.0,14695000.0,0.0,,,140063000.0,,2435000.0,-127803000.0,6796000.0,,-310941000.0,733919000.0,
2022-12-25,10351690000.0,5638506000.0,4713184000.0,895760000.0,439422000.0,1335182000.0,3378002000.0,,3306673000.0,412287000.0,2894386000.0,21.21,21.16,136455000.0,136774000.0,4484716000.0,,4070088000.0,4819966000.0,,,,13708788000.0,,,1620437000.0,184781000.0,1577876000.0,19206381000.0,919408000.0,2068370000.0,,4546922000.0,,,862405000.0,496362000.0,10901746000.0,20879153000.0,-108871000.0,8304635000.0,19206381000.0,,144194000.0,-140296000.0,,,,,,,,2329775000.0,0.0,32438000.0,0.0,,119955000.0,303441000.0,,4092000.0,-395050000.0,7673000.0,,-973153000.0,962525000.0,
2023-03-26,14221259000.0,7902463000.0,6318796000.0,1325211000.0,632922000.0,1998541000.0,4320255000.0,,4245595000.0,537201000.0,3708394000.0,27.28,27.2,135945000.0,136314000.0,5305648000.0,,3262140000.0,4881935000.0,,,,13730027000.0,,,1622172000.0,179647000.0,1605710000.0,19243361000.0,601930000.0,1990147000.0,,4441329000.0,,,885348000.0,512376000.0,10835973000.0,21460118000.0,-105095000.0,8407388000.0,19243361000.0,,218105000.0,-133101000.0,,,,,,,,4056213000.0,0.0,65015000.0,6837000.0,,119955000.0,422898000.0,,8381000.0,-479382000.0,7673000.0,,-1792681000.0,1782801000.0,
2023-06-25,17428516000.0,9651591000.0,7776925000.0,1727162000.0,832753000.0,2602065000.0,5174860000.0,,5109210000.0,598279000.0,4510931000.0,33.3,33.21,135472000.0,135834000.0,5337056000.0,,2823376000.0,4816190000.0,712349000.0,,,13228412000.0,,1802951000.0,1622489000.0,168454000.0,1655300000.0,18781643000.0,470702000.0,2010637000.0,1695221000.0,4184918000.0,,,882084000.0,501286000.0,10571471000.0,22032096000.0,-100706000.0,8210172000.0,18781643000.0,,286600000.0,-172061000.0,-1452256000.0,961968000.0,,,,163467000.0,,5178938000.0,0.0,91295000.0,6837000.0,,119955000.0,501568000.0,,11171000.0,-534562000.0,11111000.0,,-2830667000.0,1813837000.0,809748000.0
2023-09-24,3482062000.0,1827360000.0,1654702000.0,422629000.0,207023000.0,631673000.0,1023029000.0,,1025630000.0,138232000.0,887398000.0,6.69,6.66,132584000.0,133166000.0,5126150000.0,,2810953000.0,4747781000.0,,,,12993562000.0,,,1626382000.0,157618000.0,1650384000.0,18538457000.0,528163000.0,2120055000.0,,4247177000.0,,,780511000.0,482979000.0,10491127000.0,22655389000.0,-121350000.0,8047330000.0,18538457000.0,,67211000.0,-24238000.0,,,,,,,,951163000.0,,7275000.0,,,,76992000.0,,4966000.0,-74683000.0,2818000.0,,-1326012000.0,-460563000.0,
2023-12-24,7240321000.0,3828164000.0,3412157000.0,892341000.0,435866000.0,1331916000.0,2080241000.0,,2112681000.0,271017000.0,1841664000.0,13.94,13.88,132107000.0,132693000.0,5623289000.0,,2707458000.0,4429906000.0,,,,13054612000.0,,,1626512000.0,151081000.0,1804165000.0,18783852000.0,499704000.0,1975945000.0,1792955000.0,4272383000.0,,,797556000.0,511430000.0,10561374000.0,23347148000.0,-117694000.0,8222478000.0,18783852000.0,,137112000.0,-112985000.0,,,,,,,,2405003000.0,,23116000.0,,,0.0,192268000.0,,7489000.0,-176641000.0,4522000.0,,-2185906000.0,38150000.0,
2024-03-31,11033879000.0,5821186000.0,5212693000.0,1404615000.0,651770000.0,2075340000.0,3137353000.0,,3205866000.0,398376000.0,2807490000.0,21.32,21.22,131663000.0,132282000.0,5672232000.0,,2203707000.0,4322967000.0,,,,12488436000.0,,,1626519000.0,142479000.0,1840475000.0,18279650000.0,531648000.0,1791642000.0,1601733000.0,4430089000.0,,,832397000.0,516678000.0,10257549000.0,24051937000.0,-127788000.0,8022101000.0,18279650000.0,,213966000.0,-137606000.0,,,,,,,,3789839000.0,,34336000.0,3430000.0,,0.0,295922000.0,,10845000.0,-269001000.0,12757000.0,,-3421699000.0,86381000.0,
2024-06-30,14905386000.0,7852595000.0,7052791000.0,1902444000.0,868247000.0,2788878000.0,4263913000.0,,4360222000.0,532450000.0,3827772000.0,29.13,29.0,131410000.0,131995000.0,5847856000.0,,2519250000.0,4217924000.0,908635000.0,,,12883220000.0,,2129982000.0,1626528000.0,138545000.0,1941917000.0,18744728000.0,613966000.0,1801877000.0,1417781000.0,4338438000.0,,,813304000.0,575012000.0,10205274000.0,24811315000.0,-130428000.0,8539454000.0,18744728000.0,,293058000.0,-198981000.0,-303443000.0,-528723000.0,,,,-277440000.0,,4652269000.0,0.0,34336000.0,3430000.0,,0.0,396670000.0,,11710000.0,-370614000.0,15553000.0,,-3995850000.0,263431000.0,991821000.0
2024-09-29,4167976000.0,2165293000.0,2002683000.0,495358000.0,243128000.0,738486000.0,1264197000.0,,1294278000.0,177834000.0,1116444000.0,0.86,0.86,1299236000.0,1304066000.0,6067471000.0,,2937217000.0,4209878000.0,,,,13492368000.0,,,1600000000.0,,2067508000.0,19532489000.0,704247000.0,2196424000.0,1937315000.0,5342668000.0,,,664717000.0,574126000.0,11060598000.0,25630045000.0,-87803000.0,8471891000.0,19532489000.0,,80011000.0,-108722000.0,,,,,,,,1568471000.0,,0.0,,,,110588000.0,,-37000.0,-110551000.0,-43000.0,,-1259321000.0,221281000.0,
,,,,,,,,,,,,,,,,,,,,,,,,,,,,,,,,,,,,,,,,,,,,,,,,,,,,,,,,,,,,,,,,,,,
,,,,,,,,,,,,,,,,,,,,,,,,,,,,,,,,,,,,,,,,,,,,,,,,,,,,,,,,,,,,,,,,,,,
,,,,,,,,,,,,,,,,,,,,,,,,,,,,,,,,,,,,,,,,,,,,,,,,,,,,,,,,,,,,,,,,,,,
