Date,Net sales,Cost of sales,Gross margin,Research and development,"Selling, general and administrative",Total operating expenses,Operating income,"Other income/(expense), net",Income before provision for income taxes,Provision for income taxes,Net income,Earnings per share basic,Earnings per share diluted,Weighted-average basic,Weighted-average diluted,Cash and cash equivalents,Short-term marketable securities,"Accounts receivable, net",Inventories,Deferred tax assets,Vendor non-trade receivables,Other current assets,Total current assets,Long-term marketable securities,"Property, Plant and Equipment, Net",Goodwill,"Acquired intangible assets, net","Other Assets, Noncurrent",Total assets,accounts payable,Accrued expenses,Deferred revenue,Total current liabilities,Deferred revenue - non-current,deferred tax liabilities,long term taxes payable,Total other non-current liabilities,Total liabilities,Retained Earnings (Accumulated Deficit),Accumulated other comprehensive (loss)/income,Total shareholders equity,Total liabilities and shareholders' equity,"Depreciation, amortization and accretion",Stock-based compensation expense,Deferred income tax expense,"Increase (Decrease) in Accounts receivable, net",Increase (Decrease) in Inventories,Increase (Decrease) in Other Receivables,Increase (Decrease) in Other Operating Assets,Increase (Decrease) in Accounts Payable,Increase (Decrease) in Deferred Revenue,Increase (Decrease) Other liabilities,Cash generated by operating activities,Purchases of marketable securities,Proceeds from maturities of marketable securities,Proceeds from sales of marketable securities,Purchases of other long-term investments,"Business acquisitions, net of cash acquired",Cash payments for capital asset purchases,Payments for acquisition of intangible assets,Payments for (Proceeds from) Other Investing Activities,Cash used in investing activities,Proceeds from issuance of common stock,Excess tax benefits from stock-based compensation,Cash generated/used in financing activities,Increase/(decrease) in cash and cash equivalents,"Cash paid for income taxes, net"
2010-08-01,290505000.0,,154655000.0,,87938000.0,,66717000.0,,68971000.0,27676000.0,41380000.0,0.59,0.58,70820000.0,71750000.0,178172000.0,,,66520000.0,,,,259050000.0,,64609000.0,,,3587000.0,363696000.0,7275000.0,249000.0,,46713000.0,,5284000.0,,18385000.0,70382000.0,109189000.0,11032000.0,289354000.0,363696000.0,11990000.0,3563000.0,12475000.0,,17777000.0,,,-4721000.0,,,34552000.0,,,,,12482000.0,11571000.0,,,-24053000.0,,3800000.0,6138000.0,18599000.0,
2010-10-31,466305000.0,,251487000.0,,142394000.0,,109093000.0,,111438000.0,44207000.0,67081000.0,0.95,0.93,70938000.0,71835000.0,224775000.0,,,73023000.0,,,,311717000.0,,67457000.0,,,3493000.0,418972000.0,9275000.0,255000.0,,64276000.0,,8921000.0,,19102000.0,92299000.0,134890000.0,14517000.0,322149000.0,418972000.0,18416000.0,5365000.0,18170000.0,,24023000.0,,,-2665000.0,,,87917000.0,,,,,12482000.0,21951000.0,,,-34433000.0,,3958000.0,7945000.0,65202000.0,
2011-01-30,711704000.0,,394947000.0,,212784000.0,,180391000.0,,183277000.0,61080000.0,121847000.0,1.72,1.69,70860000.0,71929000.0,316286000.0,,,,,,,389279000.0,,70954000.0,,,4063000.0,499302000.0,6659000.0,,,85364000.0,,,,19645000.0,105009000.0,189656000.0,20329000.0,390389000.0,499302000.0,24614000.0,7273000.0,11234000.0,,,,,,,,179995000.0,,,,,12482000.0,30357000.0,,,-42839000.0,,7863000.0,13699000.0,156713000.0,
2011-05-01,186780000.0,,109684000.0,,57997000.0,,51687000.0,,52591000.0,19075000.0,33372000.0,0.47,0.46,71380000.0,72455000.0,260871000.0,,,,,,,349988000.0,,144917000.0,,,4597000.0,536460000.0,3409000.0,,,58990000.0,,,,21609000.0,80599000.0,223028000.0,37494000.0,451813000.0,536460000.0,6041000.0,2729000.0,-298000.0,2557000.0,5552000.0,,,-3104000.0,,,5655000.0,,,,,,74831000.0,,,-74831000.0,,2195000.0,8158000.0,-55415000.0,
2011-07-31,399103000.0,,231757000.0,,120587000.0,,111170000.0,,112671000.0,40537000.0,71751000.0,0.5,0.49,143163000.0,145228000.0,264728000.0,,,88884000.0,,,,383972000.0,,151120000.0,21999000.0,,4556000.0,586461000.0,4445000.0,,,64958000.0,,,,21826000.0,86784000.0,261407000.0,36416000.0,495389000.0,586461000.0,13561000.0,5066000.0,-10487000.0,,30164000.0,,,-2085000.0,,,19529000.0,,,,,,87324000.0,,,-87324000.0,,4391000.0,12095000.0,-51558000.0,
2011-10-30,629319000.0,,360252000.0,,189361000.0,,170891000.0,,173011000.0,61935000.0,110545000.0,0.77,0.76,143370000.0,145349000.0,276946000.0,,,129169000.0,,,,427816000.0,,153119000.0,24042000.0,,4434000.0,636070000.0,6040000.0,,,82514000.0,,,,24466000.0,106980000.0,300201000.0,21831000.0,524655000.0,636070000.0,20888000.0,7745000.0,-10456000.0,,70995000.0,,,-620000.0,,,53520000.0,,,,,5654000.0,100690000.0,,,-106344000.0,,5613000.0,14474000.0,-39340000.0,
2012-01-29,1000839000.0,,569270000.0,,282312000.0,,286958000.0,,289458000.0,104494000.0,184063000.0,1.29,1.27,143196000.0,145278000.0,409437000.0,,,,8587000.0,,,527093000.0,,162941000.0,,,4141000.0,734634000.0,14536000.0,,,103439000.0,,,,25014000.0,128453000.0,373719000.0,21549000.0,601376000.0,734634000.0,30259000.0,10340000.0,-693000.0,-3743000.0,46072000.0,,,,,,203615000.0,,,,,5654000.0,116657000.0,,,-122311000.0,,5750000.0,15364000.0,93151000.0,
2012-04-29,285698000.0,,157264000.0,,84199000.0,,73065000.0,,73975000.0,27001000.0,46643000.0,0.32,0.32,143678000.0,145637000.0,424330000.0,,,107679000.0,,,,558105000.0,,168374000.0,26246000.0,,4115000.0,770619000.0,4229000.0,,,70834000.0,,,,26383000.0,97217000.0,420362000.0,29094000.0,668266000.0,770619000.0,9798000.0,3891000.0,81000.0,,2749000.0,,,-10225000.0,,,15952000.0,,,,,,12696000.0,,,-12696000.0,,4237000.0,8811000.0,14893000.0,
2012-07-29,-568333000.0,,-313019000.0,,-169766000.0,,-143253000.0,,-145329000.0,-40653000.0,103865000.0,0.72,0.71,143972000.0,145698000.0,444286000.0,,,125378000.0,,,,603525000.0,,181122000.0,26042000.0,,5095000.0,829138000.0,6953000.0,,,74976000.0,,,,27817000.0,102793000.0,477584000.0,18527000.0,720729000.0,829138000.0,19479000.0,8040000.0,85000.0,,21468000.0,,,-7601000.0,,,63520000.0,,,,,,39046000.0,,,-39046000.0,,5121000.0,10470000.0,34849000.0,
2012-10-28,884869000.0,,488319000.0,,264455000.0,,223864000.0,,227364000.0,65308000.0,161181000.0,1.12,1.11,144057000.0,145750000.0,439423000.0,,,164726000.0,,,,641084000.0,,204052000.0,25989000.0,,4181000.0,888781000.0,6569000.0,,,91190000.0,,,,29770000.0,120960000.0,534900000.0,21168000.0,767821000.0,888781000.0,30962000.0,11828000.0,-347000.0,,60538000.0,,,-7958000.0,,,113240000.0,,,,,,72041000.0,,,-72041000.0,,7172000.0,-11863000.0,29986000.0,
2013-02-03,1370358000.0,,762826000.0,,386387000.0,,376439000.0,,381396000.0,109965000.0,270556000.0,1.88,1.85,144000000.0,145806000.0,590179000.0,,,,15033000.0,,,787053000.0,,214639000.0,5168000.0,,4152000.0,1051078000.0,1045000.0,,,133357000.0,,,,30422000.0,163779000.0,644275000.0,21090000.0,887299000.0,1051078000.0,43000000.0,15637000.0,-6445000.0,,51022000.0,,,,,,280113000.0,,,,,,93229000.0,,,-93229000.0,,9901000.0,-5491000.0,180742000.0,
2013-05-05,345782000.0,,170725000.0,,104836000.0,,65889000.0,,67390000.0,20111000.0,47279000.0,0.33,0.32,144482000.0,145849000.0,588418000.0,,,,,,,781619000.0,,222878000.0,25865000.0,,4164000.0,1053476000.0,3756000.0,,,92326000.0,,,,,123416000.0,691554000.0,16643000.0,930060000.0,1053476000.0,11729000.0,4286000.0,,,6229000.0,,,2709000.0,,,25135000.0,,,,,,20976000.0,,,-20976000.0,,280000.0,-4358000.0,-1761000.0,
2013-08-04,690295000.0,,356679000.0,,211804000.0,,144875000.0,,147671000.0,43928000.0,103743000.0,0.72,0.71,144818000.0,145916000.0,610273000.0,,,,,,,838140000.0,,228794000.0,23851000.0,,4125000.0,1114122000.0,12721000.0,,,100941000.0,,,,,134834000.0,748018000.0,-5258000.0,979288000.0,1114122000.0,23807000.0,8288000.0,,,26141000.0,,,11667000.0,,,70931000.0,,,,,,44014000.0,,,-44014000.0,,5972000.0,6305000.0,20094000.0,
2013-11-03,1070195000.0,,561286000.0,,324075000.0,,237211000.0,,241460000.0,71605000.0,169855000.0,1.17,1.16,145120000.0,146014000.0,600745000.0,,,,,,,880591000.0,,243626000.0,24488000.0,,5243000.0,1174554000.0,4783000.0,,,94614000.0,,,,,131794000.0,814130000.0,-14411000.0,1042760000.0,1174554000.0,36723000.0,12453000.0,,,72052000.0,,,3728000.0,,,94806000.0,,,,,,71945000.0,,,-71945000.0,,6453000.0,8654000.0,10566000.0,
2014-02-02,1591188000.0,,840076000.0,,448718000.0,,391358000.0,,397126000.0,117579000.0,279547000.0,1.93,1.91,144913000.0,146043000.0,698649000.0,,,186090000.0,14323000.0,,,942839000.0,,255603000.0,,,4745000.0,1249688000.0,12647000.0,,,113514000.0,,3977000.0,,39492000.0,153006000.0,923822000.0,-68068000.0,1096682000.0,1249688000.0,49068000.0,10087000.0,820000.0,,37407000.0,,,11627000.0,9306000.0,13722000.0,278339000.0,,,,,0.0,106408000.0,,,-106408000.0,,6457000.0,8907000.0,108470000.0,
2014-05-04,384618000.0,,195744000.0,,125943000.0,,69801000.0,,71444000.0,52463000.0,18981000.0,0.13,0.13,145383000.0,145861000.0,751965000.0,,,,,,,981383000.0,,271370000.0,25371000.0,,5102000.0,1290957000.0,6960000.0,,,105483000.0,,,,,162576000.0,942803000.0,-55678000.0,1128381000.0,1290957000.0,12460000.0,1977000.0,30946000.0,,-11241000.0,,,-5805000.0,,,70975000.0,,,,,,25447000.0,,,-25447000.0,,0.0,-1649000.0,53316000.0,
2014-08-03,775326000.0,,393051000.0,,255362000.0,,137689000.0,,141222000.0,73493000.0,67729000.0,0.47,0.46,145282000.0,145715000.0,725073000.0,,,,,,,974102000.0,,285849000.0,25405000.0,,5039000.0,1297920000.0,7100000.0,,,114900000.0,,,,,171253000.0,937767000.0,-52014000.0,1126667000.0,1297920000.0,26097000.0,3369000.0,27789000.0,,-9980000.0,,,-5709000.0,,,123985000.0,,,,,,52102000.0,,,-52102000.0,,46000.0,-57167000.0,26424000.0,
2014-11-02,1194722000.0,,604139000.0,,385294000.0,,218845000.0,,224192000.0,96012000.0,128180000.0,0.89,0.88,144581000.0,144949000.0,633582000.0,,,,,,,944657000.0,,301841000.0,25184000.0,,5733000.0,1284487000.0,9545000.0,,,147750000.0,,11376000.0,,40100000.0,199226000.0,926369000.0,-81270000.0,1085261000.0,1284487000.0,41709000.0,5382000.0,20917000.0,,44152000.0,,,-2980000.0,,,166841000.0,,,,,,89373000.0,,,-89373000.0,,53000.0,-131781000.0,-65067000.0,
2015-02-01,1797213000.0,,914180000.0,,538147000.0,,376033000.0,,383135000.0,144102000.0,239033000.0,1.66,1.66,143935000.0,144298000.0,664479000.0,,,208116000.0,12385000.0,,,951012000.0,,296008000.0,,,7012000.0,1296213000.0,9339000.0,,,159881000.0,,3633000.0,,43131000.0,206645000.0,1020619000.0,-173407000.0,1089568000.0,1296213000.0,58364000.0,8269000.0,1266000.0,,26806000.0,,,-2198000.0,11326000.0,3271000.0,314449000.0,,,,,,119733000.0,,,-119733000.0,,413000.0,-149077000.0,-34170000.0,
2015-05-03,423544000.0,,205877000.0,,137841000.0,,68036000.0,,68565000.0,20755000.0,47810000.0,0.34,0.34,141967000.0,142337000.0,655881000.0,,,,,,,972792000.0,,314336000.0,24672000.0,,8018000.0,1337716000.0,5318000.0,,,143482000.0,,3800000.0,,45423000.0,192705000.0,1050016000.0,-150801000.0,1145011000.0,1337716000.0,16096000.0,2068000.0,0.0,,25797000.0,,,-4092000.0,,,20940000.0,,,,,,27936000.0,,,-27936000.0,,209000.0,-17041000.0,-8598000.0,
2015-08-02,876554000.0,,417902000.0,,283287000.0,,134615000.0,,135986000.0,40508000.0,95478000.0,0.67,0.67,141656000.0,141977000.0,541262000.0,,,,,,,918269000.0,,324093000.0,24260000.0,,10581000.0,1294221000.0,7488000.0,,,148108000.0,,3545000.0,,47100000.0,198753000.0,1035903000.0,-190169000.0,1095468000.0,1294221000.0,32791000.0,6021000.0,-11000.0,,74010000.0,,,-1809000.0,,,32161000.0,,,,,,65118000.0,,,-65118000.0,,649000.0,-78837000.0,-123217000.0,
2015-11-01,1356247000.0,,642699000.0,,439906000.0,,202793000.0,,201274000.0,52643000.0,148631000.0,1.05,1.05,141198000.0,141470000.0,403446000.0,,,,,,,928504000.0,,346705000.0,24244000.0,,10184000.0,1321559000.0,5845000.0,,,208328000.0,,3524000.0,,49748000.0,261600000.0,1003331000.0,-190834000.0,1059959000.0,1321559000.0,52498000.0,6639000.0,5105000.0,,151317000.0,,,-3448000.0,,,25940000.0,,,,,,108061000.0,,,-108061000.0,,666000.0,-167452000.0,-261033000.0,
2016-01-31,2060523000.0,,997166000.0,,628090000.0,,369076000.0,,368495000.0,102448000.0,266047000.0,1.9,1.89,140365000.0,140610000.0,501482000.0,,,284009000.0,1043000.0,,,917039000.0,,349605000.0,,,10854000.0,1314077000.0,10381000.0,,,225504000.0,,10759000.0,,50332000.0,286595000.0,1019515000.0,-238203000.0,1027482000.0,1314077000.0,73383000.0,10356000.0,7375000.0,,83286000.0,,,1247000.0,16574000.0,19563000.0,298740000.0,,,,,,143487000.0,,,-143487000.0,,-1202000.0,-273693000.0,-162997000.0,
2016-05-01,495516000.0,,239131000.0,,181542000.0,,57589000.0,,57103000.0,11767000.0,45336000.0,0.33,0.33,137263000.0,137496000.0,550046000.0,,,,,,,971193000.0,,377813000.0,24493000.0,,14285000.0,1401655000.0,6443000.0,,,202428000.0,,11382000.0,,51620000.0,265430000.0,1049430000.0,-164641000.0,1136225000.0,1401655000.0,19185000.0,3174000.0,,,-12912000.0,,,-4532000.0,-9042000.0,,39734000.0,,,,,,26644000.0,,,-26644000.0,,293000.0,-13329000.0,48564000.0,
2016-07-31,1010036000.0,,493292000.0,,361744000.0,,131548000.0,,131640000.0,32679000.0,98961000.0,0.72,0.72,137071000.0,137309000.0,535350000.0,,,,,,,962683000.0,,395010000.0,24263000.0,,20215000.0,1415501000.0,8295000.0,,,197438000.0,,11198000.0,,50663000.0,259299000.0,1090549000.0,-192693000.0,1156202000.0,1415501000.0,39683000.0,8126000.0,,,-16947000.0,,,-2512000.0,-12679000.0,,99988000.0,,,,,,71261000.0,,,-71261000.0,,1205000.0,-23877000.0,33868000.0,
2016-10-30,1554452000.0,,771718000.0,,547195000.0,,224523000.0,,225243000.0,57997000.0,167246000.0,1.22,1.22,137095000.0,137321000.0,480386000.0,,,,,,,1022910000.0,,399658000.0,24112000.0,,19359000.0,1478940000.0,9132000.0,,,212708000.0,,11064000.0,,50699000.0,274471000.0,1158834000.0,-217441000.0,1204469000.0,1478940000.0,63641000.0,12939000.0,,,73660000.0,,,-1558000.0,-14123000.0,,97331000.0,,,,,,106168000.0,,,-106168000.0,,1328000.0,-23960000.0,-21096000.0,
2017-01-29,2344392000.0,,1199617000.0,,778465000.0,,421152000.0,,422729000.0,119348000.0,303381000.0,2.21,2.21,137086000.0,137302000.0,734846000.0,,,298432000.0,18994000.0,,,1162737000.0,,423499000.0,,,20492000.0,1657541000.0,24846000.0,,,241449000.0,,7262000.0,,48857000.0,297568000.0,1294214000.0,-201500000.0,1359973000.0,1657541000.0,87697000.0,16822000.0,-18168000.0,,5403000.0,,,14080000.0,16010000.0,467000.0,385119000.0,,,,,,149511000.0,,,-149511000.0,,1273000.0,-25338000.0,233364000.0,
2017-04-30,520307000.0,,256895000.0,,199141000.0,,45423000.0,,46330000.0,15084000.0,31246000.0,0.23,0.23,137037000.0,137192000.0,698289000.0,,,,,,,1132681000.0,,398833000.0,23990000.0,,21063000.0,1609334000.0,8533000.0,,,205973000.0,,6950000.0,,48724000.0,261647000.0,1312957000.0,-233275000.0,1347687000.0,1609334000.0,23163000.0,2730000.0,,,13445000.0,,,-15798000.0,-10367000.0,-137000.0,19400000.0,,,,,,19879000.0,,,-19879000.0,,,-14487000.0,-36557000.0,
2017-07-30,1101361000.0,,554317000.0,,424665000.0,,114135000.0,,115854000.0,35897000.0,79957000.0,0.59,0.58,136604000.0,136747000.0,721212000.0,,,,,,,1171022000.0,,426961000.0,24549000.0,,24175000.0,1686923000.0,19049000.0,,,224291000.0,,7668000.0,,57155000.0,289114000.0,1285559000.0,-160421000.0,1397809000.0,1686923000.0,51569000.0,8710000.0,,,10041000.0,,,-6784000.0,-15192000.0,25028000.0,102038000.0,,,,,,49889000.0,,,-49889000.0,,,-91910000.0,-13634000.0,
2017-10-29,1720379000.0,,876279000.0,,640032000.0,,199723000.0,,202494000.0,63593000.0,138901000.0,1.02,1.02,136191000.0,136357000.0,650054000.0,,,,,,,1188348000.0,,440403000.0,24340000.0,,29639000.0,1720449000.0,14113000.0,,,240577000.0,,0.0,,58596000.0,299173000.0,1336216000.0,-191439000.0,1421276000.0,1720449000.0,80129000.0,13048000.0,-18385000.0,,95475000.0,,,-11141000.0,-18272000.0,23002000.0,131309000.0,,,,,,107128000.0,,8324000.0,-120051000.0,,,-100707000.0,-84792000.0,
2018-01-28,2649181000.0,,1398790000.0,,904264000.0,,456001000.0,,459998000.0,201336000.0,258662000.0,1.9,1.9,135988000.0,136198000.0,990501000.0,,,329562000.0,31155000.0,,,1436282000.0,,473642000.0,,,31389000.0,1998483000.0,24646000.0,,,292598000.0,,,48268000.0,59321000.0,401523000.0,1455002000.0,-142923000.0,1596960000.0,1998483000.0,108235000.0,17610000.0,717000.0,,21178000.0,,,-1551000.0,17282000.0,30810000.0,489337000.0,,,,,,157864000.0,,8325000.0,-173392000.0,,,-97862000.0,255655000.0,
2018-04-29,649706000.0,,344733000.0,,240428000.0,,104305000.0,,107223000.0,32070000.0,75153000.0,0.55,0.55,135502000.0,135931000.0,966571000.0,,,,,,,1452855000.0,,472262000.0,24345000.0,,31304000.0,2011705000.0,16255000.0,,,267341000.0,,1582000.0,44078000.0,62470000.0,375471000.0,1530147000.0,-185895000.0,1636234000.0,2011705000.0,26773000.0,5193000.0,400000.0,,50770000.0,,,-7676000.0,-12299000.0,2811000.0,35837000.0,,,,,,34314000.0,,,-34314000.0,,,1900000.0,-23930000.0,
2018-07-29,,632279000.0,740927000.0,,502414000.0,,238513000.0,,243022000.0,72099000.0,170923000.0,1.27,1.26,134744000.0,135230000.0,777841000.0,,,,28345000.0,,,1308037000.0,,487546000.0,24255000.0,,32974000.0,1881157000.0,110523000.0,,,449161000.0,,,44078000.0,66121000.0,560942000.0,1224044000.0,-204144000.0,1320215000.0,1881157000.0,55429000.0,13048000.0,2464000.0,,73065000.0,,,86885000.0,-17043000.0,14500000.0,210026000.0,,,,,,84007000.0,,771000.0,-89292000.0,,,-300239000.0,-212660000.0,
2018-10-28,,973157000.0,1147704000.0,,773288000.0,,374416000.0,,380969000.0,115633000.0,265336000.0,1.98,1.97,133964000.0,134512000.0,703607000.0,,,,28155000.0,,,1363467000.0,,531250000.0,24237000.0,,33902000.0,1981011000.0,153140000.0,,,443671000.0,,,54112000.0,74889000.0,574254000.0,1310452000.0,-211462000.0,1406757000.0,1981011000.0,87115000.0,18616000.0,2382000.0,,177890000.0,,,129617000.0,-17827000.0,32387000.0,316876000.0,,,,,,156746000.0,,771000.0,-165914000.0,,,-406361000.0,-286894000.0,
2019-02-03,,1472032000.0,1816287000.0,,1110451000.0,,705836000.0,,715250000.0,231449000.0,483801000.0,3.63,3.61,133413000.0,133971000.0,881320000.0,,,404842000.0,12300000.0,,,1429282000.0,,567237000.0,,,37404000.0,2084711000.0,95533000.0,,8045000.0,500477000.0,,,42099000.0,81911000.0,638736000.0,1346890000.0,-216808000.0,1445975000.0,2084711000.0,122484000.0,28568000.0,18954000.0,,85942000.0,,,71962000.0,24885000.0,44580000.0,742779000.0,,,,,,225807000.0,,771000.0,-242794000.0,,,-590214000.0,-109181000.0,
2019-05-05,,360595000.0,421720000.0,,292908000.0,,128812000.0,,131191000.0,34588000.0,96603000.0,0.74,0.74,130694000.0,131337000.0,,,,,26312000.0,,,1171584000.0,,582738000.0,24094000.0,,31318000.0,2463020000.0,88258000.0,,8434000.0,502942000.0,,,38090000.0,3676000.0,1096300000.0,1281432000.0,-232531000.0,1366720000.0,2463020000.0,32823000.0,10157000.0,,,42856000.0,,,-5420000.0,-13641000.0,5234000.0,-62803000.0,,,,,,68434000.0,,131000.0,-63908000.0,,,-170292000.0,-305079000.0,
2019-08-04,,758151000.0,907516000.0,,610722000.0,,296794000.0,,301023000.0,79430000.0,221593000.0,1.7,1.69,130489000.0,131060000.0,,,,,26296000.0,,,1333013000.0,,617090000.0,24184000.0,,37117000.0,2694744000.0,110513000.0,,79629000.0,552609000.0,,,48226000.0,4105000.0,1187365000.0,1404866000.0,-228017000.0,1507379000.0,2694744000.0,70422000.0,22005000.0,,,93358000.0,,,15791000.0,-19413000.0,7596000.0,50042000.0,,,,,,135764000.0,,1267000.0,-131969000.0,,,-170985000.0,-257582000.0,
2019-11-03,2581805000.0,1169245000.0,1412560000.0,,939937000.0,,472623000.0,,478777000.0,131202000.0,347575000.0,2.67,2.65,130420000.0,130975000.0,,,,,26339000.0,,,1451676000.0,,656372000.0,24478000.0,,43787000.0,2855144000.0,116281000.0,,10427000.0,574769000.0,,,48226000.0,5298000.0,1206408000.0,1522921000.0,-218137000.0,1648736000.0,2855144000.0,114444000.0,36070000.0,,,225124000.0,,,21085000.0,-24183000.0,23993000.0,95106000.0,,,,,,214217000.0,,1636000.0,-212475000.0,,,-179555000.0,-295167000.0,
2020-02-02,3979296000.0,1755910000.0,2223386000.0,,1334276000.0,,889110000.0,,897393000.0,251797000.0,645596000.0,4.95,4.93,130393000.0,130955000.0,,,,518513000.0,178189000.0,,,1807938000.0,,671693000.0,,,56201000.0,3281354000.0,79997000.0,,12705000.0,620418000.0,,,48226000.0,5596000.0,1329136000.0,1820637000.0,-224581000.0,1952218000.0,3281354000.0,161933000.0,45593000.0,24394000.0,,117591000.0,,,-14810000.0,33289000.0,23409000.0,669316000.0,,,,,,283048000.0,,-4293000.0,-278408000.0,,,-177173000.0,212185000.0,
2020-05-03,651962000.0,317560000.0,334402000.0,,301651000.0,,32751000.0,,33925000.0,5293000.0,28632000.0,0.22,0.22,130251000.0,130803000.0,,,,,,,10404000.0,1694545000.0,,659265000.0,,,60859000.0,3201786000.0,78940000.0,,27775000.0,631496000.0,,,48226000.0,6271000.0,1365999000.0,1786147000.0,-285185000.0,1835787000.0,3201786000.0,43532000.0,6128000.0,,,122810000.0,,,2222000.0,-13640000.0,67155000.0,-121243000.0,,,,,,52101000.0,,0.0,-45626000.0,,,-90587000.0,-270499000.0,
2020-08-02,1554904000.0,731001000.0,823903000.0,,652510000.0,,157160000.0,,157990000.0,42557000.0,115433000.0,0.89,0.88,130248000.0,130802000.0,,,,,,,10077000.0,1489755000.0,,698514000.0,386593000.0,,77298000.0,3494027000.0,122767000.0,177436000.0,,763309000.0,,,43150000.0,6919000.0,1492925000.0,1872948000.0,-230885000.0,2001102000.0,3494027000.0,84176000.0,21912000.0,,,138194000.0,,,35967000.0,-13848000.0,3358000.0,60062000.0,,,,,452581000.0,104723000.0,,-1000000.0,-545323000.0,,,-82157000.0,-570507000.0,
2020-11-01,2672330000.0,1221073000.0,1451257000.0,,1064172000.0,,362080000.0,,362330000.0,103254000.0,259076000.0,1.99,1.98,130318000.0,130924000.0,,,,,,,8301000.0,1600813000.0,,719880000.0,386632000.0,,92671000.0,3627920000.0,160779000.0,190366000.0,,730878000.0,,,43150000.0,8354000.0,1464967000.0,2016591000.0,-228616000.0,2162953000.0,3627920000.0,133209000.0,37098000.0,,,234154000.0,,,73596000.0,-15624000.0,10729000.0,85404000.0,,,,,452581000.0,170830000.0,,-1000000.0,-616544000.0,,,-81404000.0,-611924000.0,
2021-01-31,4401879000.0,1937888000.0,2463991000.0,,1609003000.0,,819986000.0,,819350000.0,230437000.0,588913000.0,4.52,4.5,130289000.0,130871000.0,,,,647230000.0,214757000.0,,12270000.0,2124379000.0,,745687000.0,386877000.0,,106626000.0,4185215000.0,172246000.0,23598000.0,,883178000.0,,,43150000.0,8976000.0,1626649000.0,2346428000.0,-177155000.0,2558566000.0,4185215000.0,185478000.0,50797000.0,34125000.0,,96548000.0,,,82663000.0,47962000.0,10784000.0,803336000.0,,,,,452581000.0,229226000.0,,-882000.0,-695532000.0,,,-80788000.0,57012000.0,
2021-05-02,1226465000.0,526151000.0,700314000.0,,496634000.0,,193821000.0,,194048000.0,49092000.0,144956000.0,1.11,1.11,130358000.0,130984000.0,,,,,,,22109000.0,2253452000.0,,774685000.0,387115000.0,,110782000.0,4329831000.0,196934000.0,258642000.0,,964814000.0,,,38073000.0,9365000.0,1689976000.0,2408006000.0,-133519000.0,2639855000.0,4329831000.0,50485000.0,14932000.0,,,74218000.0,,,19623000.0,-15838000.0,4554000.0,214109000.0,,,,,,64225000.0,,,-85464000.0,,,-122235000.0,29222000.0,
2021-08-01,2677083000.0,1134083000.0,1543000000.0,,1037951000.0,,484852000.0,,485175000.0,132145000.0,353030000.0,2.71,2.7,130187000.0,130742000.0,,,,,,,21876000.0,2275307000.0,,806387000.0,387024000.0,,124505000.0,4405098000.0,203546000.0,269024000.0,,981354000.0,,,38073000.0,9761000.0,1733932000.0,2445845000.0,-157039000.0,2671166000.0,4405098000.0,104123000.0,30221000.0,,,137364000.0,,,28232000.0,-19377000.0,1483000.0,499772000.0,,,,,0.0,144494000.0,,10000000.0,-201493000.0,,,-290767000.0,19524000.0,
2021-10-31,4127504000.0,1755111000.0,2372393000.0,,1583075000.0,,742799000.0,,743137000.0,202319000.0,540818000.0,4.16,4.14,130019000.0,130557000.0,,,,,,,19597000.0,2311294000.0,,876489000.0,387065000.0,,127480000.0,4572007000.0,227067000.0,314394000.0,,1118020000.0,,,38073000.0,12625000.0,1913552000.0,2398186000.0,-146765000.0,2658455000.0,4572007000.0,162086000.0,51878000.0,,,288821000.0,,,50903000.0,-18969000.0,8376000.0,658124000.0,,,,,0.0,266991000.0,,10000000.0,-313438000.0,,,-523197000.0,-156926000.0,
2022-01-30,6256617000.0,2648052000.0,3608565000.0,,2225034000.0,,1333355000.0,,1333869000.0,358547000.0,975322000.0,7.52,7.49,129768000.0,130295000.0,,,,966481000.0,235273000.0,,32550000.0,2614853000.0,,927710000.0,386880000.0,,132102000.0,4942478000.0,289728000.0,330800000.0,,1405334000.0,,,38074000.0,13616000.0,2202432000.0,2512840000.0,-195917000.0,2740046000.0,4942478000.0,224206000.0,69137000.0,-6867000.0,,323609000.0,,,117655000.0,71441000.0,30073000.0,1389108000.0,,,,,0.0,394502000.0,,10000000.0,-427891000.0,,,-844987000.0,109354000.0,
2022-05-01,1613463000.0,743070000.0,870393000.0,,607851000.0,,260347000.0,,260325000.0,70327000.0,189998000.0,1.48,1.48,128077000.0,128541000.0,,,,,,,45083000.0,2303240000.0,,974784000.0,386837000.0,,137160000.0,4697212000.0,308086000.0,362938000.0,,1206891000.0,,,28555000.0,14385000.0,2029162000.0,2471432000.0,-216709000.0,2668050000.0,4697212000.0,64470000.0,18358000.0,,,320607000.0,,,20630000.0,-23816000.0,-15476000.0,-243256000.0,,,,,,111352000.0,,,-101328000.0,,,-259560000.0,-610855000.0,
2022-07-31,3481791000.0,1555922000.0,1925869000.0,,1270104000.0,,661555000.0,,661678000.0,182159000.0,479519000.0,3.75,3.74,127848000.0,128224000.0,,,,,,,50054000.0,2387094000.0,,1059859000.0,386868000.0,,146056000.0,4920711000.0,259927000.0,345105000.0,,1207210000.0,,,28555000.0,16012000.0,2062913000.0,2636377000.0,-212283000.0,2857798000.0,4920711000.0,132441000.0,39175000.0,,,510567000.0,,,-28249000.0,-35099000.0,-16461000.0,-145618000.0,,,,,,256070000.0,,-15657000.0,-224944000.0,,,-384576000.0,-761040000.0,
2022-10-30,5338680000.0,2373959000.0,2964721000.0,,1954340000.0,,1013982000.0,,1014436000.0,279447000.0,734989000.0,5.75,5.74,127736000.0,128089000.0,,,,,,,63838000.0,2634181000.0,,1122490000.0,386515000.0,,149257000.0,5309436000.0,300870000.0,357365000.0,,1322835000.0,,,28555000.0,17585000.0,2270232000.0,2874955000.0,-291807000.0,3039204000.0,5309436000.0,211629000.0,59487000.0,,,832024000.0,,,26537000.0,-33481000.0,-2865000.0,-79801000.0,,,,,,431677000.0,,-15657000.0,-386862000.0,,,-399428000.0,-907247000.0,
2023-01-29,8110518000.0,3618178000.0,4492340000.0,,2757447000.0,,1328408000.0,,1332571000.0,477771000.0,854800000.0,6.7,6.68,127666000.0,128017000.0,,,,1447367000.0,313797000.0,,79962000.0,3159453000.0,,1269614000.0,24144000.0,,156045000.0,5607038000.0,172732000.0,399223000.0,,1492198000.0,,,28555000.0,20040000.0,2458239000.0,2926127000.0,-252584000.0,3148799000.0,5607038000.0,291791000.0,78075000.0,9400000.0,,510510000.0,,,-107280000.0,68266000.0,-2925000.0,966463000.0,,,,,0.0,638657000.0,,-20916000.0,-569937000.0,,,-467487000.0,-105004000.0,
2023-04-30,2000792000.0,849987000.0,1150805000.0,,747513000.0,,401414000.0,,409439000.0,119034000.0,290405000.0,2.28,2.28,127246000.0,127621000.0,,,,1580313000.0,,,72024000.0,3053302000.0,,1312793000.0,24041000.0,,161725000.0,5571544000.0,287464000.0,342751000.0,,1256771000.0,,,28555000.0,23027000.0,2251468000.0,3118584000.0,-277614000.0,3320076000.0,5571544000.0,84116000.0,21301000.0,,,155174000.0,,,116935000.0,-26506000.0,1975000.0,45503000.0,,,,,,136942000.0,,,-138219000.0,,,-115399000.0,-204260000.0,
2023-07-30,4209957000.0,1760641000.0,2449316000.0,,1564888000.0,,880671000.0,,896058000.0,264050000.0,632008000.0,4.97,4.96,127108000.0,127442000.0,,,,1660753000.0,,,59435000.0,3323933000.0,,1367172000.0,24176000.0,,173587000.0,5992458000.0,298914000.0,399178000.0,,1386370000.0,,,15864000.0,24748000.0,2458976000.0,3267589000.0,-239842000.0,3533482000.0,5992458000.0,178125000.0,45584000.0,,,234050000.0,,,126007000.0,-35377000.0,9625000.0,522213000.0,,,,,,282453000.0,,658000.0,-283660000.0,,,-305651000.0,-47337000.0,
2023-10-29,6414175000.0,2708195000.0,3705980000.0,,2407683000.0,,1218786000.0,,1244015000.0,363293000.0,880722000.0,6.94,6.92,126892000.0,127218000.0,,,,1663617000.0,,,50527000.0,3364899000.0,,1413918000.0,23912000.0,,165032000.0,6022264000.0,309324000.0,392949000.0,,1448114000.0,,,15864000.0,27650000.0,2496415000.0,3304683000.0,-315830000.0,3525849000.0,6022264000.0,276094000.0,70157000.0,,,301801000.0,,,141685000.0,-35927000.0,8729000.0,912066000.0,,,,,,445353000.0,,658000.0,-445325000.0,,,-510583000.0,-63729000.0,
2024-01-28,9619278000.0,4009873000.0,5609405000.0,,3397218000.0,,2132676000.0,,2175735000.0,625545000.0,1550190000.0,12.23,12.2,126726000.0,127060000.0,,,,1323602000.0,450172000.0,,46652000.0,4060577000.0,,1545811000.0,24083000.0,,186684000.0,7091941000.0,348441000.0,348555000.0,,1631261000.0,,,15864000.0,29201000.0,2859860000.0,3920362000.0,-264256000.0,4232081000.0,7091941000.0,379384000.0,93560000.0,-26747000.0,,-66584000.0,,,177367000.0,84315000.0,12230000.0,2296164000.0,,,,,,651865000.0,,658000.0,-654132000.0,,,-548828000.0,1089104000.0,
2024-04-28,2208891000.0,933823000.0,1275068000.0,,842426000.0,,432642000.0,,455925000.0,134504000.0,321421000.0,2.55,2.54,125989000.0,126336000.0,,,,1345267000.0,,,34573000.0,3768087000.0,,1561185000.0,23992000.0,,202383000.0,6828495000.0,261605000.0,374446000.0,,1383571000.0,,,15864000.0,32471000.0,2608687000.0,3944000000.0,-295080000.0,4219808000.0,6828495000.0,95759000.0,25758000.0,,,36425000.0,,,-82366000.0,-37172000.0,2236000.0,127524000.0,,,,,,130681000.0,,,-131537000.0,,,-328628000.0,-343299000.0,
2024-07-28,4579969000.0,1892716000.0,2687253000.0,,1714385000.0,,972868000.0,,1014145000.0,299802000.0,714343000.0,5.7,5.69,125358000.0,125600000.0,,,,1429043000.0,,,25073000.0,3571744000.0,,1614893000.0,23925000.0,,221528000.0,6744135000.0,317348000.0,396423000.0,,1468651000.0,,,0.0,34140000.0,2712490000.0,3751713000.0,-309817000.0,4031645000.0,6744135000.0,199332000.0,47325000.0,,,126076000.0,,,-23683000.0,-54226000.0,-2774000.0,570664000.0,,,,,,275767000.0,,5009000.0,-266625000.0,,,-916543000.0,-633859000.0,
2024-10-27,6976629000.0,2887770000.0,4088859000.0,,2624212000.0,,1463529000.0,,1518549000.0,452336000.0,1066213000.0,8.57,8.55,124471000.0,124668000.0,,,,1800893000.0,,,32403000.0,3605289000.0,,1697759000.0,164462000.0,,232594000.0,7083669000.0,385960000.0,561615000.0,,1803533000.0,,,0.0,37440000.0,3097937000.0,3694547000.0,-319802000.0,3985732000.0,7083669000.0,312931000.0,71494000.0,,,477682000.0,,,45579000.0,-66623000.0,759000.0,871323000.0,,,,,130996000.0,454250000.0,,5009000.0,-575214000.0,,,-1328510000.0,-1055552000.0,
,,,,,,,,,,,,,,,,,,,,,,,,,,,,,,,,,,,,,,,,,,,,,,,,,,,,,,,,,,,,,,,,,,,
,,,,,,,,,,,,,,,,,,,,,,,,,,,,,,,,,,,,,,,,,,,,,,,,,,,,,,,,,,,,,,,,,,,
