Date,Net sales,Cost of sales,Gross margin,Research and development,"Selling, general and administrative",Total operating expenses,Operating income,"Other income/(expense), net",Income before provision for income taxes,Provision for income taxes,Net income,Earnings per share basic,Earnings per share diluted,Weighted-average basic,Weighted-average diluted,Cash and cash equivalents,Short-term marketable securities,"Accounts receivable, net",Inventories,Deferred tax assets,Vendor non-trade receivables,Other current assets,Total current assets,Long-term marketable securities,"Property, Plant and Equipment, Net",Goodwill,"Acquired intangible assets, net","Other Assets, Noncurrent",Total assets,accounts payable,Accrued expenses,Deferred revenue,Total current liabilities,Deferred revenue - non-current,deferred tax liabilities,long term taxes payable,Total other non-current liabilities,Total liabilities,Retained Earnings (Accumulated Deficit),Accumulated other comprehensive (loss)/income,Total shareholders equity,Total liabilities and shareholders' equity,"Depreciation, amortization and accretion",Stock-based compensation expense,Deferred income tax expense,"Increase (Decrease) in Accounts receivable, net",Increase (Decrease) in Inventories,Increase (Decrease) in Other Receivables,Increase (Decrease) in Other Operating Assets,Increase (Decrease) in Accounts Payable,Increase (Decrease) in Deferred Revenue,Increase (Decrease) Other liabilities,Cash generated by operating activities,Purchases of marketable securities,Proceeds from maturities of marketable securities,Proceeds from sales of marketable securities,Purchases of other long-term investments,"Business acquisitions, net of cash acquired",Cash payments for capital asset purchases,Payments for acquisition of intangible assets,Payments for (Proceeds from) Other Investing Activities,Cash used in investing activities,Proceeds from issuance of common stock,Excess tax benefits from stock-based compensation,Cash generated/used in financing activities,Increase/(decrease) in cash and cash equivalents,"Cash paid for income taxes, net"
2009-12-31,10350000000.0,,,,,10088000000.0,262000000.0,,164000000.0,65000000.0,99000000.0,0.13,0.13,741.0,741.0,1114000000.0,,,,291000000.0,,,3358000000.0,,10634000000.0,,,277000000.0,14269000000.0,,,,2676000000.0,,2207000000.0,,493000000.0,,4983000000.0,-578000000.0,5466000000.0,14269000000.0,,13000000.0,72000000.0,,,,,,,,985000000.0,,,,,,585000000.0,,-2000000.0,-1569000000.0,,1000000.0,330000000.0,-254000000.0,
2010-03-31,2630000000.0,,,,,2576000000.0,54000000.0,,17000000.0,6000000.0,11000000.0,0.01,0.01,743000000.0,744000000.0,1110000000.0,,,,291000000.0,,,3621000000.0,,10621000000.0,,,288000000.0,14530000000.0,,,,2918000000.0,,2250000000.0,,423000000.0,,4973000000.0,-518000000.0,5536000000.0,14530000000.0,,3000000.0,12000000.0,,,,,,,,373000000.0,,,,,,139000000.0,,,-322000000.0,,-2000000.0,-55000000.0,-4000000.0,
2010-06-30,5798000000.0,,,,,5381000000.0,417000000.0,,200000000.0,77000000.0,123000000.0,0.17,0.17,745000000.0,746000000.0,989000000.0,,,,252000000.0,,,3971000000.0,,10627000000.0,,,389000000.0,14987000000.0,,942000000.0,,3338000000.0,,2192000000.0,,490000000.0,,5075000000.0,-641000000.0,5548000000.0,14987000000.0,,,75000000.0,,,,,,,,913000000.0,,,,,,-298000000.0,,0.0,-932000000.0,,,-106000000.0,-125000000.0,
2010-12-31,12104000000.0,,,,,11116000000.0,988000000.0,,745000000.0,286000000.0,459000000.0,0.62,0.61,746.0,747.0,1261000000.0,,,,2279000000.0,,,4279000000.0,,10578000000.0,,,606000000.0,15463000000.0,,863000000.0,,3305000000.0,,2493000000.0,,465000000.0,,5399000000.0,-262000000.0,6237000000.0,15463000000.0,,,69000000.0,,,,,,,,1561000000.0,,,,,,-493000000.0,,0.0,-1265000000.0,,,-149000000.0,147000000.0,
2011-03-31,3103000000.0,,,,,2989000000.0,114000000.0,,18000000.0,13000000.0,5000000.0,0.01,0.01,748000000.0,749000000.0,2039000000.0,,,,0.0,,,5329000000.0,,10496000000.0,,,589000000.0,16414000000.0,,827000000.0,,4358000000.0,,2496000000.0,,460000000.0,,5399000000.0,79000000.0,6587000000.0,16414000000.0,,,,,,,,,,,965000000.0,,,,,,-57000000.0,,,-231000000.0,,,44000000.0,778000000.0,
2011-06-30,7238.0,,,,,6917.0,321.0,68.0,293.0,127.0,166.0,0.22,0.22,780.0,787.0,1595.0,,,,0.0,,,5421.0,89.0,11721.0,971.0,,832.0,18945.0,1049.0,1130.0,,5318.0,,2263.0,,838.0,,5398.0,-107.0,7202.0,18945.0,,,,,,,,,,,1202.0,,,,,35.0,272.0,,0.0,-820.0,,,-92.0,-444.0,
2011-09-30,11550.0,,,,,11004.0,546.0,-478.0,-226.0,-86.0,-140.0,-0.18,-0.18,792.0,792.0,1016.0,,,,0.0,,,4594.0,112.0,11834.0,970.0,,487.0,17885.0,1083.0,1193.0,,5320.0,,1856.0,,926.0,,5251.0,-513.0,6485.0,17885.0,,,,,,,,,,,985.0,,,,,35.0,548.0,,0.0,-957.0,,,-273.0,-579.0,
2011-12-31,15658000000.0,,,,,14965000000.0,693000000.0,-370000000.0,323000000.0,145000000.0,178000000.0,0.23,0.23,774000000.0,775000000.0,829000000.0,,,,-2303000000.0,,,4345000000.0,97000000.0,12127000000.0,970000000.0,,626000000.0,18068000000.0,1057000000.0,996000000.0,,4533000000.0,,2566000000.0,,910000000.0,,5395000000.0,-224000000.0,6877000000.0,18068000000.0,,,128000000.0,,,,,,,,1385000000.0,,,,,35000000.0,968000000.0,,0.0,-1051000000.0,,,-766000000.0,-432000000.0,
2012-03-31,3991000000.0,,,,,3969000000.0,22000000.0,137000000.0,159000000.0,61000000.0,98000000.0,0.13,0.13,771000000.0,772000000.0,1558000000.0,,,,219000000.0,,,5120000000.0,73000000.0,12095000000.0,970000000.0,,641000000.0,18826000000.0,1208000000.0,1024000000.0,,5047000000.0,,2638000000.0,,924000000.0,,5486000000.0,-57000000.0,7097000000.0,18826000000.0,,,14000000.0,,,,,,,,1225000000.0,,,,,0.0,127000000.0,,,-12000000.0,,,-484000000.0,729000000.0,
2012-06-30,8606000000.0,,,,,8125000000.0,481000000.0,-92000000.0,527000000.0,200000000.0,327000000.0,0.43,0.43,764000000.0,771000000.0,1083000000.0,,,,284000000.0,,,4691000000.0,59000000.0,12342000000.0,970000000.0,,513000000.0,18516000000.0,1153000000.0,1142000000.0,,5080000000.0,,2563000000.0,,945000000.0,,5692000000.0,-320000000.0,6840000000.0,18516000000.0,,,38000000.0,,,,,,,,1370000000.0,,,,,0.0,543000000.0,,-14000000.0,-368000000.0,,,-748000000.0,-475000000.0,
2012-09-30,12915000000.0,,,,,12383000000.0,532000000.0,28000000.0,560000000.0,217000000.0,343000000.0,0.45,0.45,756000000.0,762000000.0,1168000000.0,,,,219000000.0,,,4652000000.0,42000000.0,12572000000.0,970000000.0,,619000000.0,18813000000.0,1140000000.0,1040000000.0,,4969000000.0,,2701000000.0,,1114000000.0,,5700000000.0,-125000000.0,7002000000.0,18813000000.0,,,120000000.0,,,,164000000.0,,,,1833000000.0,,,,,0.0,949000000.0,,-31000000.0,-644000000.0,,,-850000000.0,339000000.0,
2012-12-31,17088000000.0,,,,,16465000000.0,623000000.0,62000000.0,685000000.0,264000000.0,421000000.0,0.56,0.56,750000000.0,757000000.0,1113000000.0,,,,-2638000000.0,,,4227000000.0,41000000.0,12766000000.0,970000000.0,,633000000.0,18596000000.0,1107000000.0,1102000000.0,,4650000000.0,,2884000000.0,,1124000000.0,,5768000000.0,-119000000.0,6992000000.0,18596000000.0,,,297000000.0,,,,,,,,2064000000.0,,,,,0.0,1348000000.0,,,-833000000.0,,,-947000000.0,284000000.0,
2013-03-31,4084000000.0,,,,,4014000000.0,70000000.0,24000000.0,94000000.0,35000000.0,59000000.0,0.08,0.08,725000000.0,727000000.0,1338000000.0,,,,255000000.0,,,4514000000.0,43000000.0,13130000000.0,970000000.0,,583000000.0,19197000000.0,1250000000.0,1004000000.0,,5411000000.0,,2904000000.0,,1153000000.0,,5818000000.0,-111000000.0,6961000000.0,19197000000.0,,,2000000.0,,,,25000000.0,,,,983000000.0,,,,,,534000000.0,,,-472000000.0,,,-286000000.0,225000000.0,
2013-06-30,8727000000.0,,,,,8224000000.0,503000000.0,-70000000.0,456000000.0,173000000.0,283000000.0,0.39,0.39,719000000.0,727000000.0,1489000000.0,,,,287000000.0,,,4864000000.0,41000000.0,13164000000.0,970000000.0,,384000000.0,19382000000.0,1232000000.0,1207000000.0,,5779000000.0,,2883000000.0,,1211000000.0,,6015000000.0,-248000000.0,6781000000.0,19382000000.0,,,23000000.0,,,,19000000.0,,,,1760000000.0,,,,,,727000000.0,,0.0,-771000000.0,,,-613000000.0,376000000.0,
2013-09-30,13271000000.0,,,,,12378000000.0,893000000.0,29000000.0,876000000.0,334000000.0,542000000.0,0.76,0.75,714000000.0,722000000.0,1333000000.0,,,,233000000.0,,,4773000000.0,44000000.0,13203000000.0,970000000.0,,418000000.0,19364000000.0,1134000000.0,1172000000.0,,5546000000.0,,2937000000.0,,1198000000.0,,6246000000.0,-114000000.0,7013000000.0,19364000000.0,,,52000000.0,,,,83000000.0,,,,2188000000.0,,,,,,995000000.0,,0.0,-1130000000.0,,,-838000000.0,220000000.0,
2013-12-31,17699000000.0,,,,,16421000000.0,1278000000.0,-69000000.0,1209000000.0,455000000.0,754000000.0,1.06,1.05,710000000.0,718000000.0,1355000000.0,,,,-2766000000.0,,,4456000000.0,44000000.0,13389000000.0,970000000.0,,530000000.0,19345000000.0,1247000000.0,1229000000.0,,5676000000.0,,2934000000.0,,771000000.0,,6431000000.0,-3000000.0,7336000000.0,19345000000.0,,,56000000.0,,,,46000000.0,,,,2477000000.0,,,,,0.0,1447000000.0,,,-1384000000.0,,,-851000000.0,242000000.0,
2014-03-31,4166000000.0,,,,,3951000000.0,215000000.0,29000000.0,244000000.0,92000000.0,152000000.0,0.22,0.22,698000000.0,707000000.0,1741000000.0,,,,180000000.0,,,4814000000.0,37000000.0,13420000000.0,970000000.0,372000000.0,772000000.0,19976000000.0,1299000000.0,1168000000.0,,6441000000.0,,2997000000.0,,726000000.0,,6555000000.0,-12000000.0,7190000000.0,19976000000.0,,,92000000.0,,,,-7000000.0,,,,1119000000.0,,,,,,407000000.0,,,-358000000.0,,,-375000000.0,386000000.0,
2014-06-30,9178000000.0,,,,,8187000000.0,991000000.0,-29000000.0,990000000.0,373000000.0,617000000.0,0.89,0.88,694000000.0,703000000.0,1882000000.0,,,,165000000.0,,,5317000000.0,39000000.0,13727000000.0,970000000.0,369000000.0,877000000.0,20891000000.0,1292000000.0,1645000000.0,,7027000000.0,,3017000000.0,,710000000.0,,6979000000.0,111000000.0,7516000000.0,20891000000.0,,,81000000.0,,,,21000000.0,,,,2458000000.0,,,,,,907000000.0,,1000000.0,-1215000000.0,,,-716000000.0,527000000.0,
2014-09-30,13977000000.0,,,,,12372000000.0,1605000000.0,-90000000.0,1515000000.0,569000000.0,946000000.0,1.37,1.36,690000000.0,699000000.0,1832000000.0,,,,237000000.0,,,4985000000.0,36000000.0,13965000000.0,970000000.0,366000000.0,619000000.0,20539000000.0,1185000000.0,1277000000.0,,6446000000.0,,3360000000.0,,658000000.0,,7266000000.0,-92000000.0,7429000000.0,20539000000.0,,,472000000.0,,,,7000000.0,,,,2698000000.0,,,,,,1340000000.0,,2000000.0,-1259000000.0,,,-962000000.0,477000000.0,
2014-12-31,18605000000.0,,,,,16380000000.0,2225000000.0,-409000000.0,1816000000.0,680000000.0,1136000000.0,1.65,1.64,687000000.0,696000000.0,1282000000.0,,,,-2782000000.0,,,4404000000.0,35000000.0,14292000000.0,970000000.0,363000000.0,534000000.0,20200000000.0,1203000000.0,1565000000.0,,5923000000.0,,3259000000.0,,1255000000.0,,7416000000.0,-738000000.0,6775000000.0,20200000000.0,,,448000000.0,,,,-142000000.0,,,,2902000000.0,,,,,,1748000000.0,,4000000.0,-1727000000.0,,,-1248000000.0,-73000000.0,
2015-03-31,4414000000.0,,,,,3634000000.0,780000000.0,-57000000.0,723000000.0,270000000.0,453000000.0,0.67,0.66,674000000.0,682000000.0,2025000000.0,,,,452000000.0,,,4963000000.0,31000000.0,14607000000.0,970000000.0,479000000.0,623000000.0,21163000000.0,1145000000.0,1874000000.0,,6903000000.0,,3252000000.0,,1095000000.0,,7829000000.0,-742000000.0,6902000000.0,21163000000.0,,,19000000.0,,,,-13000000.0,,,,1452000000.0,,,,,,573000000.0,,,-302000000.0,,,-407000000.0,743000000.0,
2015-06-30,9525000000.0,,,,,7660000000.0,1865000000.0,-166000000.0,1699000000.0,638000000.0,1061000000.0,1.58,1.57,670000000.0,678000000.0,1772000000.0,,,,421000000.0,,,4596000000.0,40000000.0,14860000000.0,970000000.0,474000000.0,649000000.0,21075000000.0,1134000000.0,1651000000.0,,6876000000.0,,3290000000.0,,708000000.0,,8387000000.0,-664000000.0,7158000000.0,21075000000.0,,,43000000.0,,,,7000000.0,,,,2079000000.0,,,,,,1001000000.0,,9000000.0,-708000000.0,,,-881000000.0,490000000.0,
2015-09-30,14843000000.0,,,,,11753000000.0,3090000000.0,-458000000.0,2632000000.0,987000000.0,1645000000.0,2.47,2.45,665000000.0,673000000.0,1740000000.0,,,,465000000.0,,,4573000000.0,40000000.0,14929000000.0,970000000.0,469000000.0,687000000.0,21159000000.0,1235000000.0,2049000000.0,,7084000000.0,,3111000000.0,,931000000.0,,8922000000.0,-903000000.0,6968000000.0,21159000000.0,,,-82000000.0,,,,-40000000.0,,,,2914000000.0,,,,,,1231000000.0,,9000000.0,-967000000.0,,,-1489000000.0,458000000.0,
2015-12-31,19820000000.0,,,,,15704000000.0,4116000000.0,-637000000.0,3479000000.0,1298000000.0,2181000000.0,3.3,3.27,661000000.0,669000000.0,1583000000.0,,,,,,,4024000000.0,40000000.0,15601000000.0,970000000.0,464000000.0,717000000.0,21312000000.0,1188000000.0,2591000000.0,,7406000000.0,,2490000000.0,,760000000.0,,9409000000.0,-1051000000.0,7358000000.0,21312000000.0,,,-108000000.0,,,,-103000000.0,,,,3238000000.0,,,,,,2041000000.0,,7000000.0,-1913000000.0,,,-1024000000.0,301000000.0,
2016-03-31,4826000000.0,,,,,3882000000.0,944000000.0,-128000000.0,816000000.0,305000000.0,511000000.0,0.8,0.79,641000000.0,648000000.0,2388000000.0,,,,,,,4574000000.0,41000000.0,15964000000.0,970000000.0,460000000.0,733000000.0,22241000000.0,1153000000.0,2472000000.0,,8253000000.0,,2609000000.0,,703000000.0,,9872000000.0,-894000000.0,7496000000.0,22241000000.0,,,26000000.0,,,,-4000000.0,,,,1616000000.0,,,,,,438000000.0,,,-175000000.0,,,-636000000.0,805000000.0,
2016-06-30,10210000000.0,,,,,7990000000.0,2220000000.0,-100000000.0,2120000000.0,787000000.0,1333000000.0,2.09,2.07,637000000.0,644000000.0,2040000000.0,,,,,,,4469000000.0,45000000.0,16294000000.0,970000000.0,434000000.0,714000000.0,22447000000.0,1247000000.0,1869000000.0,,7833000000.0,,2818000000.0,,681000000.0,,10631000000.0,-628000000.0,7821000000.0,22447000000.0,,,80000000.0,,,,49000000.0,,,,2728000000.0,,,,,,900000000.0,,5000000.0,-849000000.0,,,-1422000000.0,457000000.0,
2016-09-30,15350000000.0,,,,,12435000000.0,2915000000.0,-177000000.0,2738000000.0,1016000000.0,1722000000.0,2.73,2.7,630000000.0,638000000.0,1966000000.0,,,,,,,4839000000.0,35000000.0,16546000000.0,970000000.0,430000000.0,690000000.0,23045000000.0,1021000000.0,2146000000.0,,7816000000.0,,3209000000.0,,661000000.0,,10957000000.0,-499000000.0,8047000000.0,23045000000.0,,,395000000.0,,,,61000000.0,,,,3584000000.0,,,,,,1364000000.0,,-5000000.0,-1433000000.0,,,-1768000000.0,383000000.0,
2016-12-31,20425000000.0,,,,,16665000000.0,3760000000.0,-213000000.0,3547000000.0,1303000000.0,2244000000.0,3.58,3.55,627000000.0,633000000.0,1680000000.0,,,,,,,4498000000.0,,17044000000.0,970000000.0,426000000.0,774000000.0,23286000000.0,1178000000.0,1985000000.0,,6844000000.0,,3374000000.0,,728000000.0,,11418000000.0,-323000000.0,8441000000.0,23286000000.0,,,456000000.0,,,,119000000.0,,,,4293000000.0,,,,,,2038000000.0,,0.0,-2272000000.0,,,-1924000000.0,97000000.0,
2017-03-31,4883000000.0,,,,,4225000000.0,658000000.0,-105000000.0,553000000.0,202000000.0,351000000.0,0.57,0.57,613000000.0,614000000.0,1851000000.0,,,,,,,4658000000.0,,17286000000.0,970000000.0,423000000.0,849000000.0,23763000000.0,1214000000.0,1947000000.0,,7458000000.0,,3442000000.0,,703000000.0,,11708000000.0,-312000000.0,8204000000.0,23763000000.0,,,,,,,81000000.0,,,,1625000000.0,,,,,,414000000.0,,,-470000000.0,,,-984000000.0,171000000.0,
2017-06-30,10627000000.0,,,,,8719000000.0,1908000000.0,-185000000.0,1723000000.0,626000000.0,1097000000.0,1.8,1.8,608000000.0,610000000.0,1537000000.0,,,,,,,4343000000.0,,17679000000.0,970000000.0,419000000.0,929000000.0,23921000000.0,1217000000.0,1561000000.0,,7097000000.0,,3540000000.0,,708000000.0,,12378000000.0,-263000000.0,8530000000.0,23921000000.0,,,,,,,200000000.0,,,,2370000000.0,,,,,,965000000.0,,0.0,-1053000000.0,,,-1460000000.0,-314000000.0,
2017-09-30,15897000000.0,,,,,13155000000.0,2742000000.0,-229000000.0,2513000000.0,913000000.0,1600000000.0,2.65,2.64,605000000.0,606000000.0,1460000000.0,,,,,,,4280000000.0,,18156000000.0,970000000.0,416000000.0,843000000.0,24249000000.0,1124000000.0,1593000000.0,,6965000000.0,,3697000000.0,,713000000.0,,12806000000.0,-136000000.0,8800000000.0,24249000000.0,,,,,,,264000000.0,,,,3366000000.0,,,,,,1603000000.0,,0.0,-1673000000.0,,,-1913000000.0,-220000000.0,
2017-12-31,21171000000.0,,,,,17656000000.0,3515000000.0,-264000000.0,3251000000.0,-237000000.0,3488000000.0,5.8,5.79,601000000.0,603000000.0,1495000000.0,,,,,,,4815000000.0,,18539000000.0,970000000.0,413000000.0,786000000.0,25110000000.0,1320000000.0,1777000000.0,,6905000000.0,,2358000000.0,,707000000.0,,14621000000.0,12000000.0,10430000000.0,25110000000.0,,,-1213000000.0,,,,262000000.0,,,,3929000000.0,,,,,,2123000000.0,,0.0,-2408000000.0,,,-1706000000.0,-185000000.0,
2018-03-31,4944000000.0,,,,,4328000000.0,616000000.0,-14000000.0,602000000.0,139000000.0,463000000.0,0.79,0.79,587000000.0,588000000.0,1822000000.0,,,,,,,4801000000.0,,18773000000.0,970000000.0,410000000.0,959000000.0,25503000000.0,1243000000.0,1134000000.0,,7162000000.0,,2216000000.0,,706000000.0,,14238000000.0,78000000.0,9619000000.0,25503000000.0,,,,,,,178000000.0,,,,1002000000.0,,,,,,409000000.0,,,-73000000.0,,,-602000000.0,327000000.0,
2018-06-30,10686000000.0,,,,,9098000000.0,1588000000.0,-27000000.0,1561000000.0,366000000.0,1195000000.0,2.05,2.05,582000000.0,583000000.0,2114000000.0,,,,,,,5408000000.0,,19066000000.0,970000000.0,406000000.0,1021000000.0,26465000000.0,1338000000.0,1361000000.0,,7716000000.0,,2414000000.0,,692000000.0,,14878000000.0,298000000.0,9997000000.0,26465000000.0,,,,,,,213000000.0,,,,2632000000.0,,,,,,929000000.0,,,-766000000.0,,,-1247000000.0,619000000.0,
2018-09-30,16261000000.0,,,,,13875000000.0,2386000000.0,-39000000.0,2347000000.0,536000000.0,1811000000.0,3.13,3.13,578000000.0,579000000.0,2104000000.0,,,,,,,5601000000.0,,19279000000.0,970000000.0,403000000.0,1032000000.0,26882000000.0,1224000000.0,1517000000.0,,7843000000.0,,2553000000.0,,748000000.0,,15402000000.0,412000000.0,10153000000.0,26882000000.0,,,,,,,243000000.0,,,,3904000000.0,,,,,,1384000000.0,,-5000000.0,-1370000000.0,,,-1925000000.0,609000000.0,
2018-12-31,21965000000.0,,,,,18759000000.0,3206000000.0,-42000000.0,3164000000.0,699000000.0,2465000000.0,4.3,4.29,573000000.0,574000000.0,1854000000.0,,,,,,,5028000000.0,,19525000000.0,970000000.0,400000000.0,720000000.0,26243000000.0,1416000000.0,1749000000.0,,7905000000.0,,2427000000.0,,650000000.0,,15967000000.0,20000000.0,9853000000.0,26243000000.0,,,301000000.0,,,,227000000.0,,,,4893000000.0,,,,,,1922000000.0,,-5000000.0,-2038000000.0,,,-2496000000.0,359000000.0,
2019-03-31,5149000000.0,,,,,4644000000.0,505000000.0,-1000000.0,504000000.0,117000000.0,387000000.0,0.7,0.7,551000000.0,552000000.0,2344000000.0,,,,,,,5483000000.0,,17773000000.0,970000000.0,313000000.0,725000000.0,26459000000.0,1412000000.0,1350000000.0,,8723000000.0,,2480000000.0,,608000000.0,,16320000000.0,96000000.0,9791000000.0,26459000000.0,,,,,,,-29000000.0,,,-69000000.0,1105000000.0,,,,,,160000000.0,,,164000000.0,,,-779000000.0,490000000.0,
2019-06-30,11059000000.0,,,,,9586000000.0,1473000000.0,-1000000.0,1472000000.0,344000000.0,1128000000.0,2.06,2.06,547000000.0,547000000.0,2446000000.0,,,,,,,5554000000.0,,17733000000.0,970000000.0,312000000.0,693000000.0,26374000000.0,1330000000.0,1315000000.0,,8611000000.0,,2497000000.0,,639000000.0,,16962000000.0,30000000.0,9940000000.0,26374000000.0,,,,,,,-115000000.0,,,-123000000.0,2071000000.0,,,,,,390000000.0,,,-252000000.0,,,-1392000000.0,592000000.0,
2019-09-30,16698000000.0,,,,,14406000000.0,2292000000.0,-1000000.0,2291000000.0,504000000.0,1787000000.0,3.3,3.29,542000000.0,543000000.0,2488000000.0,,,,,,,5650000000.0,,17842000000.0,970000000.0,311000000.0,653000000.0,26467000000.0,1274000000.0,1456000000.0,,8629000000.0,,2643000000.0,,644000000.0,,17525000000.0,-63000000.0,9931000000.0,26467000000.0,,,,,,,-195000000.0,,,-210000000.0,3163000000.0,,,,,,766000000.0,,0.0,-447000000.0,,,-2082000000.0,634000000.0,
2019-12-31,22428000000.0,,,,,19471000000.0,2957000000.0,0.0,2957000000.0,657000000.0,2300000000.0,4.28,4.27,538000000.0,539000000.0,2548000000.0,,,,,,,5974000000.0,,17025000000.0,970000000.0,296000000.0,577000000.0,25895000000.0,1574000000.0,1749000000.0,,8952000000.0,,2364000000.0,,706000000.0,,17945000000.0,-61000000.0,9832000000.0,25895000000.0,,,-55000000.0,,,,-239000000.0,,,-277000000.0,3987000000.0,,,,,,1027000000.0,,0.0,-303000000.0,,,-2990000000.0,694000000.0,
2020-03-31,4234000000.0,,,,,,-110000000.0,-34000000.0,-144000000.0,-50000000.0,-94000000.0,-0.18,-0.18,515000000.0,515000000.0,3940000000.0,,,,,,,7028000000.0,,16989000000.0,970000000.0,296000000.0,620000000.0,26885000000.0,1043000000.0,1037000000.0,5036000000.0,10241000000.0,,,,694000000.0,,17757000000.0,-186000000.0,9075000000.0,26885000000.0,,,,,,,-58000000.0,,701000000.0,-132000000.0,-377000000.0,,,,,,224000000.0,,,-5000000.0,,,1774000000.0,1392000000.0,
2020-06-30,5242000000.0,,,,,,-1237000000.0,-146000000.0,-1383000000.0,-374000000.0,-1009000000.0,,,,,12351000000.0,,,,,,,15872000000.0,,16247000000.0,970000000.0,295000000.0,662000000.0,35596000000.0,970000000.0,2372000000.0,4988000000.0,9361000000.0,,,,722000000.0,,16842000000.0,-130000000.0,10878000000.0,35596000000.0,,,,,,,-282000000.0,,1368000000.0,-206000000.0,897000000.0,,,,,,336000000.0,,,332000000.0,2294000000.0,,8956000000.0,9803000000.0,
2020-09-30,7035000000.0,,,,,,-2648000000.0,-277000000.0,-2925000000.0,-759000000.0,-2166000000.0,-3.89,-3.89,590000000.0,590000000.0,12109000000.0,,,,,,,16133000000.0,,16056000000.0,970000000.0,295000000.0,679000000.0,35605000000.0,980000000.0,1836000000.0,3952000000.0,7804000000.0,,,,1233000000.0,,15685000000.0,-102000000.0,9769000000.0,35605000000.0,,,,,,,-366000000.0,,1584000000.0,-312000000.0,-1050000000.0,,,,,,425000000.0,,,-434000000.0,2294000000.0,,10199000000.0,9561000000.0,
2020-12-31,9048000000.0,,,,,,-3816000000.0,-440000000.0,-4256000000.0,-1182000000.0,-3074000000.0,-5.44,-5.44,565000000.0,565000000.0,11063000000.0,,,,,,,15173000000.0,,15831000000.0,970000000.0,295000000.0,,34588000000.0,931000000.0,2259000000.0,3790000000.0,7506000000.0,,,,1247000000.0,,14777000000.0,-105000000.0,8876000000.0,34588000000.0,,,-716000000.0,,,,-415000000.0,,1623000000.0,-306000000.0,-1127000000.0,,,,,,515000000.0,,0.0,-16000000.0,2294000000.0,,9658000000.0,8515000000.0,
2021-03-31,2052000000.0,,,,,,199000000.0,-53000000.0,146000000.0,30000000.0,116000000.0,0.2,0.19,591000000.0,609000000.0,11971000000.0,,,,,,,16100000000.0,,15648000000.0,970000000.0,295000000.0,743000000.0,35493000000.0,1094000000.0,1665000000.0,4906000000.0,8182000000.0,,,,1123000000.0,,14912000000.0,-60000000.0,9093000000.0,35493000000.0,,,,,,,11000000.0,,599000000.0,-122000000.0,645000000.0,,,,,,95000000.0,,,-201000000.0,,,464000000.0,908000000.0,
2021-06-30,6060000000.0,,,,,,793000000.0,-145000000.0,648000000.0,185000000.0,463000000.0,0.78,0.76,591000000.0,615000000.0,14124000000.0,,81000000.0,,,,,19188000000.0,,15242000000.0,970000000.0,295000000.0,837000000.0,38206000000.0,1378000000.0,2353000000.0,6312000000.0,12476000000.0,,,,1120000000.0,,15260000000.0,136000000.0,9688000000.0,38206000000.0,,,,,,,-16000000.0,,1546000000.0,-186000000.0,2650000000.0,,,,,,190000000.0,,,-670000000.0,0.0,,1081000000.0,3061000000.0,
2021-09-30,10739000000.0,,,,,,1526000000.0,-278000000.0,1248000000.0,339000000.0,909000000.0,1.54,1.49,592000000.0,610000000.0,12980000000.0,,67000000.0,,,,,18554000000.0,,15056000000.0,970000000.0,295000000.0,919000000.0,37110000000.0,1229000000.0,1687000000.0,5751000000.0,9135000000.0,,,,1098000000.0,,15706000000.0,267000000.0,10250000000.0,37110000000.0,,,,,,,-64000000.0,,1103000000.0,-275000000.0,2075000000.0,,,,,,325000000.0,,,-1081000000.0,0.0,,923000000.0,1917000000.0,
2021-12-31,15790000000.0,,,,,,1721000000.0,-396000000.0,1325000000.0,348000000.0,977000000.0,1.65,1.61,592000000.0,609000000.0,12480000000.0,,,,,,,18036000000.0,,,970000000.0,295000000.0,882000000.0,36320000000.0,1282000000.0,1624000000.0,5566000000.0,9164000000.0,,,,1224000000.0,,15774000000.0,388000000.0,10414000000.0,36320000000.0,,,-20000000.0,,,,-75000000.0,,591000000.0,-103000000.0,2322000000.0,,,,,,505000000.0,,,-1264000000.0,0.0,,359000000.0,1417000000.0,
2022-03-31,4694000000.0,,,,,,-151000000.0,-225000000.0,-376000000.0,-98000000.0,-278000000.0,-0.47,-0.47,592000000.0,592000000.0,13098000000.0,,70000000.0,,,,,18822000000.0,,14937000000.0,970000000.0,295000000.0,978000000.0,37262000000.0,1648000000.0,1360000000.0,6406000000.0,10069000000.0,,,,1160000000.0,,15551000000.0,891000000.0,10417000000.0,37262000000.0,,,,,,,44000000.0,,885000000.0,-105000000.0,1071000000.0,,,,,,510000000.0,,,-139000000.0,,,-314000000.0,618000000.0,
2022-06-30,11422000000.0,,,,,,1158000000.0,-347000000.0,1036000000.0,276000000.0,760000000.0,1.29,1.2,593000000.0,640000000.0,13234000000.0,,59000000.0,,,,,19396000000.0,,15594000000.0,970000000.0,295000000.0,847000000.0,38302000000.0,1908000000.0,1587000000.0,6312000000.0,11711000000.0,,,,1096000000.0,,16311000000.0,805000000.0,11120000000.0,38302000000.0,,,,,,,45000000.0,,793000000.0,-209000000.0,2977000000.0,,,,,,1497000000.0,,,-1693000000.0,,,-530000000.0,754000000.0,
2022-09-30,17642000000.0,,,,,,1402000000.0,-389000000.0,1013000000.0,254000000.0,759000000.0,1.28,1.21,593000000.0,643000000.0,10443000000.0,,85000000.0,,,,,16418000000.0,,16337000000.0,970000000.0,295000000.0,772000000.0,35946000000.0,1553000000.0,1881000000.0,6368000000.0,10416000000.0,,,,1056000000.0,,16588000000.0,305000000.0,10924000000.0,35946000000.0,,,,,,,-30000000.0,,700000000.0,-292000000.0,3211000000.0,,,,,,2568000000.0,,,-2813000000.0,,,-2435000000.0,-2791000000.0,
2022-12-31,23814000000.0,,,,,,1017000000.0,-289000000.0,728000000.0,189000000.0,539000000.0,0.91,0.87,593000000.0,642000000.0,9492000000.0,,,,,,,14808000000.0,,,970000000.0,296000000.0,855000000.0,35369000000.0,2004000000.0,2043000000.0,6064000000.0,10378000000.0,,,,969000000.0,,16261000000.0,344000000.0,10687000000.0,35369000000.0,,,228000000.0,,,,66000000.0,,525000000.0,-334000000.0,3790000000.0,,,,,,3924000000.0,,,-3746000000.0,0.0,,-3032000000.0,-2988000000.0,
2023-03-31,5706000000.0,,,,,,-284000000.0,79000000.0,-205000000.0,-46000000.0,-159000000.0,-0.27,-0.27,594000000.0,594000000.0,8359000000.0,,64000000.0,,,,,14274000000.0,,18024000000.0,970000000.0,295000000.0,898000000.0,35546000000.0,1729000000.0,2118000000.0,7217000000.0,11329000000.0,,,,936000000.0,,15995000000.0,197000000.0,10302000000.0,35546000000.0,,,,,,,-50000000.0,,947000000.0,-47000000.0,706000000.0,,,,,,1046000000.0,,,-1577000000.0,,,-262000000.0,-1133000000.0,
2023-06-30,12743000000.0,,,,,,795000000.0,171000000.0,886000000.0,203000000.0,683000000.0,1.15,1.08,595000000.0,639000000.0,9158000000.0,,97000000.0,,,,,14661000000.0,,18596000000.0,970000000.0,296000000.0,957000000.0,36519000000.0,1882000000.0,2468000000.0,7121000000.0,11728000000.0,,,,936000000.0,,16571000000.0,58000000.0,10789000000.0,36519000000.0,,,,,,,-109000000.0,,809000000.0,-90000000.0,2123000000.0,,,,,,1971000000.0,,,-2204000000.0,,,-253000000.0,799000000.0,
2023-09-30,19268000000.0,,,,,,628000000.0,291000000.0,919000000.0,202000000.0,717000000.0,1.2,1.15,596000000.0,640000000.0,9497000000.0,,142000000.0,,,,,14631000000.0,,19075000000.0,970000000.0,296000000.0,1016000000.0,36980000000.0,1736000000.0,2880000000.0,7246000000.0,12112000000.0,,,,880000000.0,,16657000000.0,201000000.0,11054000000.0,36980000000.0,,,,,,,-74000000.0,,750000000.0,-180000000.0,2739000000.0,,,,,,2812000000.0,,,-2268000000.0,,,-466000000.0,339000000.0,
2023-12-31,26091000000.0,,,,,,224000000.0,409000000.0,633000000.0,168000000.0,465000000.0,0.78,0.76,595000000.0,640000000.0,9288000000.0,,,,,,,13955000000.0,,,970000000.0,296000000.0,964000000.0,36487000000.0,1862000000.0,3606000000.0,6551000000.0,12256000000.0,,,,981000000.0,,16297000000.0,0.0,10515000000.0,36487000000.0,,,159000000.0,,,,-60000000.0,,29000000.0,-137000000.0,3164000000.0,,,,,,3520000000.0,,,-2932000000.0,,,-436000000.0,-204000000.0,
2024-03-31,6329000000.0,,,,,,-393000000.0,95000000.0,-298000000.0,-67000000.0,-231000000.0,-0.39,-0.39,597000000.0,597000000.0,8367000000.0,,58000000.0,,,,,13281000000.0,,19561000000.0,970000000.0,295000000.0,1024000000.0,36018000000.0,1949000000.0,2400000000.0,7642000000.0,12225000000.0,,,,937000000.0,,15959000000.0,19000000.0,10196000000.0,36018000000.0,,,,,,,14000000.0,,1115000000.0,-71000000.0,-104000000.0,,,,,,583000000.0,,,-585000000.0,,,-232000000.0,-921000000.0,
2024-06-30,13683000000.0,,,,,,398000000.0,175000000.0,478000000.0,111000000.0,367000000.0,0.61,0.58,599000000.0,643000000.0,8142000000.0,,67000000.0,,,,,12751000000.0,,19665000000.0,970000000.0,300000000.0,1045000000.0,35563000000.0,2028000000.0,1870000000.0,7086000000.0,14113000000.0,,,,926000000.0,,16218000000.0,11000000.0,10465000000.0,35563000000.0,,,,,,,-32000000.0,,798000000.0,-117000000.0,-128000000.0,,,,,,1077000000.0,,,-791000000.0,,,-227000000.0,-1146000000.0,
2024-09-30,20553000000.0,,,,,,43000000.0,226000000.0,269000000.0,65000000.0,204000000.0,0.34,0.34,599000000.0,643000000.0,8503000000.0,,50000000.0,,,,,11930000000.0,,19773000000.0,970000000.0,300000000.0,1073000000.0,34847000000.0,1518000000.0,2096000000.0,6743000000.0,13489000000.0,,,,933000000.0,,16178000000.0,-37000000.0,10411000000.0,34847000000.0,,,,,,,13000000.0,,421000000.0,-136000000.0,113000000.0,,,,,,1594000000.0,,,458000000.0,,,-437000000.0,-785000000.0,
,,,,,,,,,,,,,,,,,,,,,,,,,,,,,,,,,,,,,,,,,,,,,,,,,,,,,,,,,,,,,,,,,,,
