Date,Net sales,Cost of sales,Gross margin,Research and development,"Selling, general and administrative",Total operating expenses,Operating income,"Other income/(expense), net",Income before provision for income taxes,Provision for income taxes,Net income,Earnings per share basic,Earnings per share diluted,Weighted-average basic,Weighted-average diluted,Cash and cash equivalents,Short-term marketable securities,"Accounts receivable, net",Inventories,Deferred tax assets,Vendor non-trade receivables,Other current assets,Total current assets,Long-term marketable securities,"Property, Plant and Equipment, Net",Goodwill,"Acquired intangible assets, net","Other Assets, Noncurrent",Total assets,accounts payable,Accrued expenses,Deferred revenue,Total current liabilities,Deferred revenue - non-current,deferred tax liabilities,long term taxes payable,Total other non-current liabilities,Total liabilities,Retained Earnings (Accumulated Deficit),Accumulated other comprehensive (loss)/income,Total shareholders equity,Total liabilities and shareholders' equity,"Depreciation, amortization and accretion",Stock-based compensation expense,Deferred income tax expense,"Increase (Decrease) in Accounts receivable, net",Increase (Decrease) in Inventories,Increase (Decrease) in Other Receivables,Increase (Decrease) in Other Operating Assets,Increase (Decrease) in Accounts Payable,Increase (Decrease) in Deferred Revenue,Increase (Decrease) Other liabilities,Cash generated by operating activities,Purchases of marketable securities,Proceeds from maturities of marketable securities,Proceeds from sales of marketable securities,Purchases of other long-term investments,"Business acquisitions, net of cash acquired",Cash payments for capital asset purchases,Payments for acquisition of intangible assets,Payments for (Proceeds from) Other Investing Activities,Cash used in investing activities,Proceeds from issuance of common stock,Excess tax benefits from stock-based compensation,Cash generated/used in financing activities,Increase/(decrease) in cash and cash equivalents,"Cash paid for income taxes, net"
2010-06-30,2929364000.0,,,833000.0,299178000.0,2620769000.0,308595000.0,,147637000.0,21275000.0,59388000.0,,,,,3518835000.0,,530331000.0,26523000.0,75858000.0,,39833000.0,4456824000.0,,14122595000.0,,92010000.0,178936000.0,20267154000.0,119156000.0,915663000.0,,2394645000.0,,50229000.0,,89937000.0,12806166000.0,440249000.0,,5851771000.0,20267154000.0,,28932000.0,-6450000.0,104581000.0,-543000.0,,,,,,637905000.0,,,,,,1127268000.0,43305000.0,,-1315774000.0,,,-765800000.0,-1436581000.0,150000.0
2010-09-30,4838136000.0,,,1258000.0,492654000.0,4146236000.0,691900000.0,,441632000.0,46436000.0,273885000.0,0.25,0.21,660836841.0,789156247.0,2394712000.0,,618998000.0,27751000.0,26931000.0,,41481000.0,3313560000.0,,14471865000.0,,91735000.0,180060000.0,20247997000.0,101163000.0,1048075000.0,,2315961000.0,,44762000.0,,74260000.0,12445778000.0,608260000.0,,6111539000.0,20247997000.0,,42552000.0,58042000.0,219592000.0,479000.0,,,,,,1207998000.0,,,,,,1650264000.0,44599000.0,,-2525717000.0,,,-1254917000.0,-2560704000.0,175000.0
2011-03-31,2111919000.0,,,573000.0,210485000.0,1625992000.0,485927000.0,,,45211000.0,289323000.0,0.32,0.28,723389226.0,811239242.0,3133941000.0,,803100000.0,33633000.0,33860000.0,,54219000.0,4205285000.0,,14693989000.0,,87905000.0,180538000.0,21236990000.0,87734000.0,1072192000.0,,2586974000.0,,124038000.0,,81182000.0,12411208000.0,1108859000.0,,6957581000.0,21236990000.0,,20239000.0,35372000.0,119311000.0,1239000.0,,,,,,418378000.0,,,,,,332508000.0,329000.0,,-179778000.0,,,-147793000.0,96860000.0,-5726000.0
2011-06-30,4457015000.0,,,2993000.0,434046000.0,3362966000.0,1094049000.0,,,99585000.0,699960000.0,0.82,0.73,728695140.0,811274706.0,3479106000.0,,968988000.0,35634000.0,14713000.0,,51636000.0,4721305000.0,,14892790000.0,,85844000.0,180491000.0,21737157000.0,92953000.0,1136304000.0,,2739342000.0,,133859000.0,,79938000.0,12370507000.0,1476466000.0,,7397998000.0,21737157000.0,,33289000.0,61255000.0,297370000.0,3046000.0,,,,,,1081523000.0,,,,,,720696000.0,575000.0,,-350175000.0,,,-304986000.0,442025000.0,-5672000.0
2011-09-30,6866390000.0,,,,674718000.0,5139785000.0,1726605000.0,,1510727000.0,151960000.0,1124839000.0,1.31,1.17,729773246.0,812543534.0,3951575000.0,,,33462000.0,9664000.0,,,5342656000.0,,14804973000.0,,82546000.0,176247000.0,21965251000.0,103319000.0,1318857000.0,,2332971000.0,,134928000.0,,81950000.0,12267013000.0,1830097000.0,,7629156000.0,21965251000.0,,47242000.0,69219000.0,502848000.0,1287000.0,,,,,,1929173000.0,,,,,,1087605000.0,100000.0,,-492122000.0,,,-520611000.0,914494000.0,-5582000.0
2011-12-31,9410745000.0,,,,836924000.0,7020858000.0,2389887000.0,,2094823000.0,211704000.0,1560123000.0,1.74,1.56,728343428.0,811816687.0,3902718000.0,,,34990000.0,-133093000.0,,,5397152000.0,,15030979000.0,,80068000.0,169352000.0,22244123000.0,104113000.0,1439110000.0,,2498706000.0,,205438000.0,,89445000.0,12804971000.0,2145692000.0,,7850689000.0,22244123000.0,,62714000.0,90927000.0,789163000.0,2841000.0,,,,,,2662496000.0,,,,,,1508493000.0,100000.0,,-698106000.0,,,-1093461000.0,865637000.0,-5423000.0
2012-03-31,2762742000.0,,,,218717000.0,2055188000.0,707554000.0,,642280000.0,63171000.0,498942000.0,0.66,0.61,760437437.0,818797155.0,4056360000.0,,,40014000.0,15066000.0,,,5722739000.0,,15329602000.0,,78017000.0,141751000.0,22871032000.0,105205000.0,1422931000.0,,2492818000.0,,159427000.0,,105039000.0,12573184000.0,2438945000.0,,8806476000.0,22871032000.0,,19166000.0,-4083000.0,223358000.0,4742000.0,,,,,,667451000.0,,,,,,398260000.0,,,-397694000.0,,,-144576000.0,153642000.0,1955000.0
2012-06-30,5344648000.0,,,,477755000.0,4239366000.0,1105282000.0,,967746000.0,102256000.0,739529000.0,0.94,0.9,821110555.0,826102326.0,3522000000.0,,,40537000.0,14075000.0,,,5225597000.0,,15299920000.0,,75435000.0,128163000.0,22416806000.0,134447000.0,1550990000.0,,2249470000.0,,153918000.0,,117658000.0,12229776000.0,2473724000.0,,8828748000.0,22416806000.0,,32867000.0,-16489000.0,319650000.0,5330000.0,,,,,,1418319000.0,,,,,,735512000.0,,,-734488000.0,,,-1078199000.0,-380718000.0,56154000.0
2012-09-30,8054130000.0,,,,746587000.0,6414753000.0,1639377000.0,,1446077000.0,135607000.0,1089311000.0,1.36,1.32,821482154.0,825606248.0,3745415000.0,,,42511000.0,12023000.0,,,5599077000.0,,15638535000.0,,73165000.0,140770000.0,23158362000.0,150192000.0,1725871000.0,,2519977000.0,,156346000.0,,128858000.0,12634308000.0,2598984000.0,,9068196000.0,23158362000.0,,50268000.0,-20671000.0,509089000.0,7026000.0,,,,,,2172833000.0,,,,,,1062778000.0,,,-1061229000.0,,,-1306015000.0,-157303000.0,100397000.0
2012-12-31,11131132000.0,,,,1061935000.0,8819750000.0,2311382000.0,,2062576000.0,180763000.0,1524093000.0,1.89,1.85,806395660.0,824556036.0,2512766000.0,,,43875000.0,-140366000.0,,,4477514000.0,,15766748000.0,,70618000.0,130348000.0,22163652000.0,106498000.0,1895483000.0,,2622823000.0,,185945000.0,,133936000.0,13505240000.0,560452000.0,,7061842000.0,22163652000.0,,65428000.0,5188000.0,675461000.0,8355000.0,,,,,,3057757000.0,,,,,,1449234000.0,,,-1445632000.0,,,-3045306000.0,-1389952000.0,115045000.0
2013-03-31,3302719000.0,,,,290414000.0,2476016000.0,826703000.0,,759556000.0,55582000.0,571961000.0,0.69,0.69,823367441.0,827452691.0,2379748000.0,,,42381000.0,1765000.0,,,4501701000.0,,15648642000.0,,68036000.0,124638000.0,22010953000.0,132931000.0,1870482000.0,,2689026000.0,,179026000.0,,138596000.0,13166828000.0,843679000.0,,7326043000.0,22010953000.0,,14617000.0,2619000.0,234417000.0,-1344000.0,,,,,,885518000.0,,,,,,197191000.0,,,-197059000.0,,1525000.0,-819092000.0,-133018000.0,2086000.0
2013-06-30,6545660000.0,,,,598283000.0,4938316000.0,1607344000.0,,1478950000.0,103303000.0,1101714000.0,1.34,1.33,823974421.0,827901261.0,2514141000.0,,,41229000.0,1643000.0,,,4465359000.0,,15437067000.0,,109678000.0,118331000.0,21783824000.0,121035000.0,2005915000.0,,3575427000.0,,170906000.0,,141126000.0,12826777000.0,1084511000.0,,7500105000.0,21783824000.0,,26508000.0,-5307000.0,139154000.0,-2375000.0,,,,,,2024207000.0,,,,,,394015000.0,45857000.0,,-438688000.0,,3107000.0,-1575604000.0,1375000.0,96257000.0
2013-09-30,10114200000.0,,,,979148000.0,7592030000.0,2522170000.0,,2333885000.0,148940000.0,1728458000.0,2.1,2.09,823512889.0,827543510.0,3209120000.0,,,41683000.0,2500000.0,,,5207268000.0,,15413209000.0,,106234000.0,119705000.0,22485095000.0,114741000.0,2222047000.0,,4045118000.0,,173166000.0,,146824000.0,13254099000.0,1422519000.0,,7586220000.0,22485095000.0,,39802000.0,-5762000.0,233379000.0,-1974000.0,,,,,,3160783000.0,,,,,,599482000.0,45857000.0,,-645503000.0,,2394000.0,-1813402000.0,696354000.0,175059000.0
2013-12-31,13769885000.0,,,,1329740000.0,10361642000.0,3408243000.0,,3143512000.0,188836000.0,2305997000.0,2.8,2.79,822282515.0,826316108.0,3600414000.0,,,41946000.0,-172699000.0,,,5515539000.0,,15358953000.0,,102081000.0,119087000.0,22724264000.0,119194000.0,,,3129665000.0,,173211000.0,,112195000.0,13223735000.0,1713339000.0,,7665494000.0,22724264000.0,,53377000.0,-4245000.0,209055000.0,-1113000.0,,,,,,4439412000.0,,,,,,898111000.0,45871000.0,,-912209000.0,,,-2432450000.0,1087648000.0,173276000.0
2014-03-31,4010384000.0,,,,336499000.0,2866559000.0,1143825000.0,,1055881000.0,59153000.0,776185000.0,0.95,0.95,814766709.0,817537615.0,3303402000.0,,,41385000.0,,,,5242112000.0,,15352474000.0,,98522000.0,119350000.0,22474601000.0,131714000.0,,,2959255000.0,,170833000.0,,117904000.0,13641588000.0,2083717000.0,,7286808000.0,22474601000.0,,16102000.0,-9248000.0,77087000.0,-600000.0,,,,,,1132627000.0,,,,,,251727000.0,,,-250238000.0,,4112000.0,-1181380000.0,-297012000.0,6788000.0
2014-06-30,7634734000.0,,,,664031000.0,5529449000.0,2105285000.0,,1955642000.0,106070000.0,1447619000.0,1.79,1.78,810881047.0,813304140.0,3292727000.0,,,43083000.0,,,,4978117000.0,,15403354000.0,,95002000.0,122128000.0,22249123000.0,118538000.0,,,2858200000.0,,169371000.0,,116223000.0,13510565000.0,2351879000.0,,7275762000.0,22249123000.0,,26183000.0,-12224000.0,-129067000.0,1022000.0,,,,,,2390844000.0,,,,,,526838000.0,0.0,,-525173000.0,,2755000.0,-2177505000.0,-307687000.0,102387000.0
2014-09-30,11167856000.0,,,,1005532000.0,8091150000.0,3076706000.0,,2864010000.0,153939000.0,2119324000.0,2.62,2.62,808247012.0,810288616.0,3147109000.0,,,43090000.0,,,,4817337000.0,,15355117000.0,,90730000.0,127200000.0,22027781000.0,109868000.0,,,2619417000.0,,168291000.0,,125270000.0,13172183000.0,2622413000.0,,7207294000.0,22027781000.0,,37780000.0,-20452000.0,-119384000.0,1193000.0,,,,,,3617496000.0,,,,,,793114000.0,0.0,,-791221000.0,,0.0,-3276651000.0,-453305000.0,194758000.0
2014-12-31,14583849000.0,,,,1258133000.0,10484623000.0,4099226000.0,,3832711000.0,244640000.0,2840629000.0,3.52,3.52,806130838.0,808019219.0,3506319000.0,,1510772000.0,41674000.0,-169737000.0,,,5190499000.0,,15372474000.0,,86260000.0,122052000.0,22361691000.0,112721000.0,,,2712494000.0,,188935000.0,,124614000.0,13341109000.0,2945846000.0,,7213586000.0,22361691000.0,,48058000.0,-3235000.0,-37411000.0,30000.0,,,,,,4832844000.0,,,,,,1178656000.0,0.0,,-1176568000.0,,3585000.0,-3721786000.0,-94095000.0,187897000.0
2015-03-31,3011622000.0,,,,324478000.0,2300507000.0,711115000.0,,666703000.0,55665000.0,511923000.0,0.64,0.64,797935314.0,798877040.0,2406465000.0,,1408381000.0,42088000.0,,,,3986784000.0,,15313332000.0,,82094000.0,121722000.0,21046082000.0,93728000.0,,,2435907000.0,,179778000.0,,124677000.0,12305199000.0,2938628000.0,,7144063000.0,21046082000.0,,12201000.0,-10040000.0,-20321000.0,650000.0,,,,,,734295000.0,,,,,,367336000.0,,,-367251000.0,,4335000.0,-1445089000.0,-1099854000.0,6410000.0
2015-06-30,5933043000.0,,,,640080000.0,4532618000.0,1400425000.0,,1294123000.0,101594000.0,981096000.0,1.23,1.23,797827230.0,798731400.0,2818680000.0,,1342146000.0,39820000.0,,,,4318610000.0,,15525414000.0,,78845000.0,122867000.0,21608209000.0,93621000.0,,,2691334000.0,,180514000.0,,127614000.0,13139450000.0,2889392000.0,,7071384000.0,21608209000.0,,27191000.0,-21503000.0,-63385000.0,-1734000.0,,,,,,1581533000.0,,,,,,719239000.0,,,-719149000.0,,2242000.0,-1529426000.0,-687639000.0,121228000.0
2015-09-30,8826726000.0,,,,954197000.0,6687232000.0,2139494000.0,,1984663000.0,173941000.0,1500454000.0,1.88,1.88,797400090.0,798263294.0,1855466000.0,,1315191000.0,39755000.0,,,,3329223000.0,,15510104000.0,,74869000.0,116007000.0,20502890000.0,96027000.0,,,2364640000.0,,176076000.0,,122849000.0,12116539000.0,2891109000.0,,6891529000.0,20502890000.0,,36533000.0,-1523000.0,-23348000.0,-1405000.0,,,,,,2440486000.0,,,,,,1112967000.0,,,-1113085000.0,,2345000.0,-2933306000.0,-1650853000.0,196202000.0
2015-12-31,11688461000.0,,,,1267415000.0,8846986000.0,2841475000.0,,2621882000.0,236185000.0,1966236000.0,2.47,2.47,796785900.0,797596082.0,2179490000.0,,1267848000.0,42573000.0,202690000.0,,,3609250000.0,,15731638000.0,,71586000.0,119441000.0,20987421000.0,110408000.0,,,2464135000.0,,201734000.0,,113368000.0,12569434000.0,2840387000.0,,6816741000.0,20987421000.0,,45804000.0,18663000.0,-49293000.0,1334000.0,,,,,,3449971000.0,,,,,,1528642000.0,0.0,,-1528466000.0,,8785000.0,-3206398000.0,-1326829000.0,225504000.0
2016-03-31,2716240000.0,,,,299200000.0,2130610000.0,585630000.0,,471938000.0,63025000.0,320167000.0,0.4,0.4,794488858.0,795032018.0,1695643000.0,,1081544000.0,43174000.0,,,,2951894000.0,,15909760000.0,,68260000.0,164798000.0,20384909000.0,110236000.0,,,2395700000.0,,207548000.0,,116179000.0,12370932000.0,2588317000.0,,6634988000.0,20384909000.0,,13123000.0,14225000.0,-154843000.0,401000.0,,,,,,798944000.0,,,,,,343570000.0,,,-350755000.0,,11000.0,-950777000.0,-483847000.0,31316000.0
2016-06-30,5366321000.0,,,,600574000.0,4261990000.0,1104331000.0,,921086000.0,117736000.0,648133000.0,0.82,0.82,794580095.0,795088743.0,2225303000.0,,925971000.0,42358000.0,,,,3309270000.0,,16107145000.0,,113304000.0,156785000.0,20980532000.0,106405000.0,,,2619773000.0,,205018000.0,,119050000.0,13420732000.0,2344018000.0,,6427488000.0,20980532000.0,,21162000.0,11938000.0,-274914000.0,-515000.0,,,,,,1787021000.0,,,,,,706146000.0,47315000.0,,-750277000.0,,62000.0,-1005991000.0,45813000.0,117012000.0
2016-09-30,8334863000.0,,,,930686000.0,6510955000.0,1823908000.0,,1595871000.0,187008000.0,1161490000.0,1.46,1.46,794659426.0,795144575.0,1790400000.0,,868090000.0,43764000.0,,,,2838683000.0,,16304695000.0,,108784000.0,160950000.0,20680660000.0,123218000.0,,,2773953000.0,,,,125601000.0,13114033000.0,2285163000.0,,6343882000.0,20680660000.0,,27628000.0,24071000.0,-279517000.0,953000.0,,,,,,2830018000.0,,,,,,1103240000.0,47315000.0,,-1147645000.0,,91000.0,-2075993000.0,-389090000.0,193942000.0
2016-12-31,11410000000.0,,,,1284000000.0,8917000000.0,2493000000.0,,2255000000.0,239000000.0,1670000000.0,2.1,2.1,795000000.0,795000000.0,2128000000.0,,776000000.0,46000000.0,161000000.0,,,3098000000.0,,15903000000.0,,103000000.0,155000000.0,20469000000.0,128000000.0,,,2806000000.0,,,,126000000.0,12973000000.0,2222000000.0,,6177000000.0,20469000000.0,,34000000.0,24000000.0,-319000000.0,,,36000000.0,,,246000000.0,4043000000.0,,,,,,1398000000.0,47000000.0,,-1442000000.0,,1000000.0,-2630000000.0,-51000000.0,204000000.0
2017-03-31,3106000000.0,,,,338000000.0,2343000000.0,763000000.0,,647000000.0,69000000.0,480000000.0,0.6,0.6,794000000.0,795000000.0,1956000000.0,,683000000.0,47000000.0,,,,2820000000.0,,15741000000.0,,100000000.0,153000000.0,20042000000.0,104000000.0,,,2512000000.0,,,,134000000.0,12936000000.0,2121000000.0,,5997000000.0,20042000000.0,,10000000.0,3000000.0,-71000000.0,,,-14000000.0,,,-87000000.0,963000000.0,,,,,,202000000.0,,,-202000000.0,,,-954000000.0,-172000000.0,30000000.0
2017-06-30,6247000000.0,,,,692000000.0,4668000000.0,1579000000.0,,1363000000.0,147000000.0,1025000000.0,1.29,1.29,793000000.0,794000000.0,2307000000.0,,623000000.0,47000000.0,,,,3100000000.0,,15566000000.0,,96000000.0,150000000.0,20142000000.0,107000000.0,,,2559000000.0,,,,138000000.0,13337000000.0,2089000000.0,,5923000000.0,20142000000.0,,18000000.0,10000000.0,-110000000.0,,,-23000000.0,,,-19000000.0,2109000000.0,,,,,,380000000.0,0.0,,-380000000.0,,,-1591000000.0,179000000.0,126000000.0
2017-09-30,9446000000.0,,,,1050000000.0,7011000000.0,2435000000.0,,2121000000.0,220000000.0,1595000000.0,2.01,2.01,792000000.0,793000000.0,2001000000.0,,637000000.0,45000000.0,,,,2836000000.0,,15498000000.0,,93000000.0,147000000.0,19808000000.0,141000000.0,,,2661000000.0,,,,136000000.0,12917000000.0,2082000000.0,,5896000000.0,19808000000.0,,26000000.0,21000000.0,-76000000.0,,,4000000.0,,,75000000.0,3222000000.0,,,,,,592000000.0,0.0,,-591000000.0,,,-2809000000.0,-127000000.0,202000000.0
2017-12-31,12882000000.0,,,,1415000000.0,9420000000.0,3462000000.0,,3052000000.0,-209000000.0,2806000000.0,3.54,3.54,792000000.0,792000000.0,2419000000.0,,615000000.0,47000000.0,287000000.0,,,3207000000.0,,15516000000.0,,89000000.0,145000000.0,20687000000.0,171000000.0,,,2948000000.0,,,,147000000.0,13052000000.0,2716000000.0,,6493000000.0,20687000000.0,,34000000.0,-497000000.0,-83000000.0,,,-22000000.0,,,180000000.0,4543000000.0,,,,,,837000000.0,0.0,,-823000000.0,,,-3487000000.0,291000000.0,230000000.0
2018-03-31,3579000000.0,,,,345000000.0,2421000000.0,1158000000.0,,1045000000.0,-571000000.0,1456000000.0,1.85,1.84,789000000.0,790000000.0,2628000000.0,,587000000.0,46000000.0,,,,3394000000.0,,15485000000.0,,85000000.0,144000000.0,21504000000.0,159000000.0,,,2874000000.0,,,,155000000.0,13147000000.0,3572000000.0,,7363000000.0,21504000000.0,,8000000.0,-653000000.0,-47000000.0,,,14000000.0,,,118000000.0,1397000000.0,,,,,,238000000.0,,,-234000000.0,,,-977000000.0,210000000.0,40000000.0
2018-06-30,6882000000.0,,,,713000000.0,4927000000.0,1955000000.0,,1802000000.0,-490000000.0,2012000000.0,2.55,2.55,789000000.0,790000000.0,4350000000.0,,555000000.0,44000000.0,,,,5075000000.0,,15217000000.0,,81000000.0,140000000.0,22855000000.0,154000000.0,,,2992000000.0,,,,165000000.0,14893000000.0,3538000000.0,,7158000000.0,22855000000.0,,15000000.0,-646000000.0,-66000000.0,,,10000000.0,,,161000000.0,2504000000.0,,,,,,416000000.0,,,-406000000.0,,,-168000000.0,1932000000.0,135000000.0
2018-09-30,10254000000.0,,,,1079000000.0,7377000000.0,2877000000.0,,2584000000.0,-407000000.0,2583000000.0,3.28,3.27,788000000.0,789000000.0,4772000000.0,,650000000.0,42000000.0,,,,5614000000.0,,15186000000.0,,76000000.0,135000000.0,23339000000.0,153000000.0,,,2906000000.0,,,,175000000.0,15541000000.0,3521000000.0,,6862000000.0,23339000000.0,,23000000.0,-642000000.0,35000000.0,,,28000000.0,,,108000000.0,3400000000.0,,,,,,623000000.0,,,-610000000.0,,,-445000000.0,2355000000.0,231000000.0
2018-12-31,13729000000.0,,,,1483000000.0,9978000000.0,3751000000.0,,3326000000.0,375000000.0,2413000000.0,3.07,3.07,786000000.0,786000000.0,4648000000.0,,726000000.0,35000000.0,177000000.0,,,5566000000.0,,15154000000.0,,72000000.0,189000000.0,22547000000.0,178000000.0,,,3157000000.0,,,,179000000.0,15802000000.0,2770000000.0,,5684000000.0,22547000000.0,,30000000.0,113000000.0,119000000.0,,,40000000.0,,,390000000.0,4701000000.0,,,,,,949000000.0,0.0,,-930000000.0,,,-1522000000.0,2231000000.0,264000000.0
2019-03-31,3646000000.0,,,,369000000.0,2675000000.0,971000000.0,,829000000.0,85000000.0,582000000.0,0.75,0.75,774000000.0,775000000.0,4134000000.0,,737000000.0,35000000.0,,,,5055000000.0,,15099000000.0,,69000000.0,398000000.0,22313000000.0,152000000.0,,,2917000000.0,,,,485000000.0,15873000000.0,2757000000.0,,5525000000.0,22313000000.0,,9000000.0,1000000.0,15000000.0,,,4000000.0,,,-237000000.0,820000000.0,,,,,,240000000.0,,,-240000000.0,,,-1089000000.0,-513000000.0,40000000.0
2019-06-30,6980000000.0,,,,745000000.0,5115000000.0,1865000000.0,,2173000000.0,321000000.0,1536000000.0,1.99,1.98,773000000.0,774000000.0,4017000000.0,,767000000.0,33000000.0,,,,4957000000.0,,14591000000.0,,51000000.0,406000000.0,22594000000.0,138000000.0,,,3031000000.0,,,,494000000.0,16012000000.0,3118000000.0,,5560000000.0,22594000000.0,,18000000.0,135000000.0,57000000.0,,,-3000000.0,,,-134000000.0,896000000.0,,,,,,453000000.0,53000000.0,,655000000.0,,,-2187000000.0,-630000000.0,132000000.0
2019-09-30,10230000000.0,,,,1109000000.0,7466000000.0,2764000000.0,,2924000000.0,403000000.0,2069000000.0,2.68,2.68,772000000.0,772000000.0,3817000000.0,,757000000.0,33000000.0,,,,4808000000.0,,14590000000.0,,45000000.0,457000000.0,22427000000.0,170000000.0,,,3004000000.0,,,,496000000.0,15912000000.0,3059000000.0,,5359000000.0,22427000000.0,,26000000.0,155000000.0,56000000.0,,,60000000.0,,,-251000000.0,1796000000.0,,,,,,756000000.0,53000000.0,,352000000.0,,,-2968000000.0,-829000000.0,220000000.0
2019-12-31,13739000000.0,,,,1502000000.0,10041000000.0,3698000000.0,,3772000000.0,468000000.0,2698000000.0,3.5,3.5,771000000.0,771000000.0,4226000000.0,,844000000.0,37000000.0,99000000.0,,,5305000000.0,,14844000000.0,,42000000.0,454000000.0,23199000000.0,149000000.0,,,3224000000.0,,,,513000000.0,16692000000.0,3101000000.0,,5187000000.0,23199000000.0,,35000000.0,157000000.0,150000000.0,,,63000000.0,,,-53000000.0,3038000000.0,,,,,,1216000000.0,53000000.0,,-103000000.0,,,-3368000000.0,-419000000.0,253000000.0
2020-03-31,1782000000.0,,,,319000000.0,1727000000.0,55000000.0,,-26000000.0,25000000.0,-1000000.0,0.0,0.0,764000000.0,764000000.0,2602000000.0,,653000000.0,36000000.0,,,,3493000000.0,,14706000000.0,,36000000.0,484000000.0,21167000000.0,82000000.0,,,2419000000.0,,,,521000000.0,15710000000.0,2497000000.0,,4489000000.0,21167000000.0,,7000000.0,-4000000.0,-166000000.0,,,48000000.0,,,-670000000.0,-370000000.0,,,,,,320000000.0,,,-319000000.0,,,-914000000.0,-1624000000.0,27000000.0
2020-06-30,1880000000.0,,,,581000000.0,2747000000.0,-922000000.0,,-1065000000.0,-54000000.0,-821000000.0,-1.07,-1.07,764000000.0,764000000.0,3020000000.0,,567000000.0,37000000.0,,,,3772000000.0,,14911000000.0,,32000000.0,480000000.0,21695000000.0,64000000.0,,,2375000000.0,,,,513000000.0,17170000000.0,1677000000.0,,3720000000.0,21695000000.0,,12000000.0,-33000000.0,-232000000.0,,,12000000.0,,,-731000000.0,-1022000000.0,,,,,,702000000.0,0.0,,-701000000.0,,,547000000.0,-1210000000.0,27000000.0
2020-09-30,2466000000.0,,,,844000000.0,3943000000.0,-1477000000.0,,-1813000000.0,-46000000.0,-1386000000.0,-1.81,-1.81,764000000.0,764000000.0,2381000000.0,,382000000.0,34000000.0,,,,2958000000.0,,14992000000.0,,28000000.0,467000000.0,20982000000.0,70000000.0,,,2255000000.0,,,,518000000.0,17142000000.0,1112000000.0,,3199000000.0,20982000000.0,,17000000.0,-40000000.0,-394000000.0,,,21000000.0,,,-831000000.0,-1316000000.0,,,,,,1078000000.0,0.0,,-1077000000.0,,,575000000.0,-1844000000.0,125000000.0
2020-12-31,3612000000.0,,,,1093000000.0,5300000000.0,-1688000000.0,,-2181000000.0,-38000000.0,-1685000000.0,-2.21,-2.21,764000000.0,764000000.0,2121000000.0,,338000000.0,32000000.0,130000000.0,,,2644000000.0,,15109000000.0,,25000000.0,455000000.0,20807000000.0,98000000.0,,,2309000000.0,,,,497000000.0,17269000000.0,813000000.0,,2973000000.0,20807000000.0,,22000000.0,-33000000.0,-402000000.0,,,6000000.0,,,-881000000.0,-1312000000.0,,,,,,1330000000.0,0.0,,-1329000000.0,,,560000000.0,-2105000000.0,196000000.0
2021-03-31,1196000000.0,,,,225000000.0,1292000000.0,-96000000.0,,-266000000.0,14000000.0,-278000000.0,-0.36,-0.36,764000000.0,764000000.0,2074000000.0,,205000000.0,23000000.0,,,,5630000000.0,,12125000000.0,,20000000.0,228000000.0,20541000000.0,70000000.0,,,2465000000.0,,,,346000000.0,17364000000.0,535000000.0,,2673000000.0,20541000000.0,,4000000.0,-16000000.0,-40000000.0,,,11000000.0,,,-204000000.0,-188000000.0,,,,,,291000000.0,,,-288000000.0,,,498000000.0,-12000000.0,75000000.0
2021-06-30,2369000000.0,,,,444000000.0,2604000000.0,-235000000.0,,-552000000.0,8000000.0,-470000000.0,-0.62,-0.62,764000000.0,764000000.0,2060000000.0,,160000000.0,22000000.0,,,,5577000000.0,,12028000000.0,,15000000.0,218000000.0,20378000000.0,69000000.0,,,2542000000.0,,,,336000000.0,17432000000.0,343000000.0,,2491000000.0,20378000000.0,,9000000.0,-27000000.0,-84000000.0,,,-4000000.0,,,-179000000.0,-105000000.0,,,,,,448000000.0,,,-442000000.0,,,532000000.0,-26000000.0,81000000.0
2021-09-30,3226000000.0,,,,667000000.0,3777000000.0,-551000000.0,,-1173000000.0,-27000000.0,-838000000.0,-1.1,-1.1,764000000.0,764000000.0,1644000000.0,,167000000.0,22000000.0,,,,5228000000.0,,11932000000.0,,15000000.0,223000000.0,19892000000.0,74000000.0,,,2487000000.0,,,,341000000.0,17463000000.0,-25000000.0,-32000000.0,2102000000.0,19892000000.0,,15000000.0,-17000000.0,-72000000.0,,,12000000.0,,,-264000000.0,-345000000.0,,,,,,640000000.0,5000000.0,,-638000000.0,,,562000000.0,-436000000.0,84000000.0
2021-12-31,4234000000.0,,,,831000000.0,4923000000.0,-689000000.0,,-1474000000.0,-5000000.0,-961000000.0,-1.26,-1.26,764000000.0,764000000.0,1854000000.0,,202000000.0,22000000.0,124000000.0,,,5510000000.0,,11850000000.0,,19000000.0,217000000.0,20059000000.0,77000000.0,1334000000.0,,2565000000.0,,,,352000000.0,17811000000.0,-148000000.0,-22000000.0,1996000000.0,20059000000.0,,22000000.0,-45000000.0,-43000000.0,,,5000000.0,,,-116000000.0,-243000000.0,,,,,,828000000.0,,,-832000000.0,,,863000000.0,-212000000.0,86000000.0
2022-03-31,943000000.0,,,,218000000.0,1245000000.0,-302000000.0,,-476000000.0,2000000.0,2530000000.0,3.31,3.31,764000000.0,764000000.0,6430000000.0,,147000000.0,23000000.0,,,,6725000000.0,,11709000000.0,,,256000000.0,22247000000.0,69000000.0,1091000000.0,,2139000000.0,,,,362000000.0,17570000000.0,2382000000.0,-29000000.0,4529000000.0,22247000000.0,,10000000.0,-31000000.0,-50000000.0,,,-8000000.0,,,-375000000.0,-500000000.0,,,,,,137000000.0,,,-146000000.0,,,5173000000.0,4521000000.0,10000000.0
2022-06-30,1988000000.0,,,,456000000.0,2437000000.0,-449000000.0,,-780000000.0,112000000.0,2240000000.0,2.93,2.93,764000000.0,764000000.0,6452000000.0,,158000000.0,24000000.0,,,,6770000000.0,,11498000000.0,,,245000000.0,22059000000.0,76000000.0,1234000000.0,,2023000000.0,,,,358000000.0,17844000000.0,2092000000.0,-86000000.0,4191000000.0,22059000000.0,,20000000.0,-47000000.0,-35000000.0,,,-6000000.0,,,-428000000.0,-690000000.0,,,,,,335000000.0,,,-432000000.0,,,5687000000.0,4543000000.0,344000000.0
2022-09-30,2993000000.0,,,,694000000.0,3619000000.0,-626000000.0,,-1100000000.0,172000000.0,2001000000.0,2.62,2.62,764000000.0,764000000.0,5840000000.0,,210000000.0,23000000.0,,,,6207000000.0,,11284000000.0,,,220000000.0,21469000000.0,91000000.0,1285000000.0,,3391000000.0,,,,368000000.0,17688000000.0,1853000000.0,-148000000.0,3900000000.0,21469000000.0,,30000000.0,-28000000.0,28000000.0,,,-4000000.0,,,-465000000.0,-840000000.0,,,,,,504000000.0,,,-599000000.0,,,5672000000.0,4200000000.0,494000000.0
2022-12-31,4110000000.0,,,,936000000.0,4902000000.0,-792000000.0,,-1387000000.0,154000000.0,1832000000.0,2.4,2.4,764000000.0,764000000.0,6311000000.0,,267000000.0,28000000.0,159000000.0,,,6744000000.0,,11451000000.0,,64000000.0,231000000.0,22039000000.0,89000000.0,1458000000.0,,3902000000.0,,,,382000000.0,18383000000.0,1684000000.0,-7000000.0,3881000000.0,22039000000.0,,39000000.0,-2000000.0,78000000.0,,,-2000000.0,,,229000000.0,-944000000.0,,,,,,651000000.0,,,-721000000.0,,,6154000000.0,4511000000.0,649000000.0
2023-03-31,2120000000.0,,,,251000000.0,1742000000.0,378000000.0,,195000000.0,50000000.0,147000000.0,0.19,0.19,764000000.0,766000000.0,6532000000.0,,328000000.0,28000000.0,,,,7015000000.0,,11332000000.0,,,260000000.0,22715000000.0,108000000.0,1440000000.0,,3919000000.0,,,,850000000.0,18886000000.0,1831000000.0,11000000.0,4056000000.0,22715000000.0,,11000000.0,-10000000.0,53000000.0,,,-6000000.0,,,-7000000.0,441000000.0,,,,,,166000000.0,,,-182000000.0,,,-36000000.0,220000000.0,25000000.0
2023-06-30,4662000000.0,,,,530000000.0,3747000000.0,915000000.0,,612000000.0,99000000.0,459000000.0,0.6,0.6,764000000.0,767000000.0,5770000000.0,,336000000.0,32000000.0,,,,6290000000.0,,11591000000.0,110000000.0,,244000000.0,22270000000.0,135000000.0,1719000000.0,,2275000000.0,,,,842000000.0,18111000000.0,2143000000.0,-41000000.0,4330000000.0,22270000000.0,,22000000.0,-10000000.0,71000000.0,,,34000000.0,,,281000000.0,1382000000.0,,,,,,362000000.0,,,-601000000.0,,,-1307000000.0,-544000000.0,86000000.0
2023-09-30,7457000000.0,,,,820000000.0,5854000000.0,1603000000.0,,1183000000.0,221000000.0,839000000.0,1.1,1.09,764000000.0,767000000.0,5574000000.0,,390000000.0,35000000.0,,,,6172000000.0,,11589000000.0,102000000.0,,264000000.0,22124000000.0,150000000.0,1768000000.0,,4102000000.0,,,,844000000.0,17672000000.0,2370000000.0,-57000000.0,4553000000.0,22124000000.0,,33000000.0,5000000.0,129000000.0,,,64000000.0,,,384000000.0,2221000000.0,,,,,,692000000.0,,,-925000000.0,,,-2010000000.0,-738000000.0,144000000.0
2023-12-31,10372000000.0,,,205000000.0,1107000000.0,8059000000.0,2313000000.0,,1775000000.0,344000000.0,1221000000.0,1.6,1.6,763000000.0,765000000.0,5110000000.0,,484000000.0,38000000.0,158000000.0,,,5777000000.0,,11439000000.0,103000000.0,,276000000.0,21778000000.0,167000000.0,1948000000.0,,4422000000.0,,,,936000000.0,17674000000.0,2600000000.0,27000000.0,4118000000.0,21778000000.0,,44000000.0,44000000.0,217000000.0,,,50000000.0,,,581000000.0,3227000000.0,,,,,,1017000000.0,,,-1254000000.0,,,-3188000000.0,-1207000000.0,176000000.0
2024-03-31,2959000000.0,,,53000000.0,286000000.0,2242000000.0,717000000.0,,600000000.0,17000000.0,494000000.0,0.66,0.66,750000000.0,752000000.0,4956000000.0,,420000000.0,39000000.0,,,,5556000000.0,,11266000000.0,,,263000000.0,21245000000.0,156000000.0,1661000000.0,,4267000000.0,,,,864000000.0,17220000000.0,2943000000.0,-38000000.0,3953000000.0,21245000000.0,,14000000.0,-10000000.0,-48000000.0,,,-5000000.0,,,-269000000.0,714000000.0,,,,,,196000000.0,,,-200000000.0,,,-639000000.0,-149000000.0,31000000.0
2024-06-30,5720000000.0,,,114000000.0,554000000.0,4412000000.0,1308000000.0,,1096000000.0,89000000.0,847000000.0,1.14,1.13,745000000.0,747000000.0,4711000000.0,,436000000.0,37000000.0,,,,5332000000.0,,11367000000.0,,,267000000.0,21113000000.0,149000000.0,1773000000.0,,3369000000.0,,,,869000000.0,17219000000.0,3148000000.0,-53000000.0,3754000000.0,21113000000.0,,29000000.0,-14000000.0,-26000000.0,,,4000000.0,,,-182000000.0,1528000000.0,,,,,,481000000.0,,,-488000000.0,,,-1408000000.0,-393000000.0,115000000.0
2024-09-30,8402000000.0,,,169000000.0,847000000.0,6590000000.0,1812000000.0,,1499000000.0,139000000.0,1122000000.0,1.52,1.51,740000000.0,742000000.0,4208000000.0,,413000000.0,41000000.0,,,,4825000000.0,,12059000000.0,,,301000000.0,21354000000.0,139000000.0,1923000000.0,,5350000000.0,,,,888000000.0,17707000000.0,3276000000.0,84000000.0,3426000000.0,21354000000.0,,42000000.0,-16000000.0,-69000000.0,,,28000000.0,,,-113000000.0,2289000000.0,,,,,,1020000000.0,,,-1029000000.0,,,-2181000000.0,-896000000.0,206000000.0
,,,,,,,,,,,,,,,,,,,,,,,,,,,,,,,,,,,,,,,,,,,,,,,,,,,,,,,,,,,,,,,,,,,
,,,,,,,,,,,,,,,,,,,,,,,,,,,,,,,,,,,,,,,,,,,,,,,,,,,,,,,,,,,,,,,,,,,
,,,,,,,,,,,,,,,,,,,,,,,,,,,,,,,,,,,,,,,,,,,,,,,,,,,,,,,,,,,,,,,,,,,
