Date,Net sales,Cost of sales,Gross margin,Research and development,"Selling, general and administrative",Total operating expenses,Operating income,"Other income/(expense), net",Income before provision for income taxes,Provision for income taxes,Net income,Earnings per share basic,Earnings per share diluted,Weighted-average basic,Weighted-average diluted,Cash and cash equivalents,Short-term marketable securities,"Accounts receivable, net",Inventories,Deferred tax assets,Vendor non-trade receivables,Other current assets,Total current assets,Long-term marketable securities,"Property, Plant and Equipment, Net",Goodwill,"Acquired intangible assets, net","Other Assets, Noncurrent",Total assets,accounts payable,Accrued expenses,Deferred revenue,Total current liabilities,Deferred revenue - non-current,deferred tax liabilities,long term taxes payable,Total other non-current liabilities,Total liabilities,Retained Earnings (Accumulated Deficit),Accumulated other comprehensive (loss)/income,Total shareholders equity,Total liabilities and shareholders' equity,"Depreciation, amortization and accretion",Stock-based compensation expense,Deferred income tax expense,"Increase (Decrease) in Accounts receivable, net",Increase (Decrease) in Inventories,Increase (Decrease) in Other Receivables,Increase (Decrease) in Other Operating Assets,Increase (Decrease) in Accounts Payable,Increase (Decrease) in Deferred Revenue,Increase (Decrease) Other liabilities,Cash generated by operating activities,Purchases of marketable securities,Proceeds from maturities of marketable securities,Proceeds from sales of marketable securities,Purchases of other long-term investments,"Business acquisitions, net of cash acquired",Cash payments for capital asset purchases,Payments for acquisition of intangible assets,Payments for (Proceeds from) Other Investing Activities,Cash used in investing activities,Proceeds from issuance of common stock,Excess tax benefits from stock-based compensation,Cash generated/used in financing activities,Increase/(decrease) in cash and cash equivalents,"Cash paid for income taxes, net"
2011-03-31,849409000.0,,,,272969000.0,,-72161000.0,,,-44942000.0,-48460000.0,-0.27,,,,987186000.0,,385988000.0,,,,41775000.0,1847594000.0,,735181000.0,1244912000.0,,246616000.0,5475252000.0,96566000.0,458234000.0,646110000.0,1825877000.0,,187193000.0,,162668000.0,,-710635000.0,23203000.0,1454772000.0,5475252000.0,,24707000.0,,-48414000.0,,,-36744000.0,,297557000.0,,127768000.0,,,,,7289000.0,18211000.0,107000.0,664000.0,-24192000.0,18836000.0,,-45370000.0,94428000.0,
2011-06-30,2408291000.0,,,,539764000.0,,52373000.0,,-76011000.0,-38283000.0,-35203000.0,-0.2,-0.2,180818826.0,182790095.0,1003960000.0,,487843000.0,,,,49589000.0,2035491000.0,,734879000.0,1260759000.0,,249701000.0,5652228000.0,133645000.0,581154000.0,641322000.0,1937619000.0,,187402000.0,,162801000.0,,-697378000.0,32240000.0,1556209000.0,5652228000.0,,32192000.0,,148233000.0,,,55756000.0,,293212000.0,,132665000.0,,,,,19904000.0,44651000.0,103000.0,525000.0,-57091000.0,76492000.0,,-10069000.0,111202000.0,
2011-09-30,4198316000.0,,,,822226000.0,,104809000.0,,71760000.0,-29544000.0,51712000.0,0.28,0.27,186127846.0,188531130.0,782573000.0,,489236000.0,,,,40736000.0,1636801000.0,,715756000.0,1247752000.0,,242860000.0,5168701000.0,108272000.0,561925000.0,273950000.0,1438064000.0,,177419000.0,,162502000.0,,-645666000.0,-5072000.0,1579295000.0,5168701000.0,,40556000.0,,164392000.0,,,56645000.0,,-67732000.0,,-27541000.0,,,,,25499000.0,69573000.0,118000.0,842000.0,-87395000.0,76492000.0,,-19208000.0,-110185000.0,
2011-12-31,5383998000.0,,,,1111969000.0,,18337000.0,,-96627000.0,-26224000.0,-83016000.0,,,182388000.0,182388000.0,844253000.0,,389346000.0,12947000.0,-175387000.0,,26700000.0,1576790000.0,,720136000.0,1257644000.0,,226533000.0,5087771000.0,87627000.0,579566000.0,273536000.0,1492553000.0,5119000.0,186298000.0,,120693000.0,,-745191000.0,-36374000.0,1461103000.0,5087771000.0,,50045000.0,-45603000.0,79807000.0,,,83928000.0,,-64105000.0,,135705000.0,,,,,39465000.0,107500000.0,2591000.0,2158000.0,-152017000.0,76492000.0,,-44379000.0,-48505000.0,37746000.0
2012-03-31,867997000.0,,,,268135000.0,,-42803000.0,,-65950000.0,4278000.0,-69150000.0,,-0.37,186522000.0,186522000.0,1071412000.0,,421919000.0,,,,35015000.0,2032809000.0,,714875000.0,1277732000.0,,240593000.0,5549739000.0,109776000.0,549815000.0,713989000.0,2012753000.0,,177433000.0,,113068000.0,,-814341000.0,-11056000.0,1424127000.0,5549739000.0,,8979000.0,,26374000.0,,,29215000.0,,433301000.0,,264772000.0,,,,,0.0,28017000.0,10002000.0,19000.0,-32170000.0,0.0,,-20530000.0,227159000.0,
2012-06-30,2418674000.0,,,,549078000.0,,42968000.0,,-55162000.0,9506000.0,-61458000.0,-0.33,-0.33,186893774.0,189325338.0,1005039000.0,,492484000.0,,,,52968000.0,2175863000.0,,712820000.0,1313800000.0,,246831000.0,5748425000.0,171879000.0,598069000.0,830276000.0,2170636000.0,,192028000.0,,106225000.0,,-806649000.0,-45327000.0,1405873000.0,5748425000.0,,17919000.0,,103344000.0,,,62284000.0,,566621000.0,,310128000.0,,,,,68093000.0,62785000.0,11469000.0,269000.0,-138557000.0,0.0,,-3737000.0,160786000.0,
2012-09-30,4381820000.0,,,,832924000.0,,104680000.0,,80126000.0,21456000.0,57948000.0,0.31,0.31,187153788.0,189754343.0,783671000.0,,583322000.0,,,,30924000.0,1842368000.0,,717905000.0,1338599000.0,,263675000.0,5432248000.0,127356000.0,658061000.0,326730000.0,1737980000.0,,190681000.0,,106262000.0,,-748701000.0,-16436000.0,1501542000.0,5432248000.0,,27595000.0,,186313000.0,,,37712000.0,,54154000.0,,89039000.0,,,,,71256000.0,92372000.0,14553000.0,943000.0,-167804000.0,0.0,,4809000.0,-60582000.0,
2012-12-31,5819047000.0,,,,1143632000.0,,-21639000.0,,-132161000.0,29736000.0,-163227000.0,,,186956000.0,186956000.0,1001055000.0,,415790000.0,12034000.0,-187407000.0,,36031000.0,1812812000.0,,721786000.0,1357827000.0,,250295000.0,5290806000.0,102718000.0,626723000.0,402002000.0,1768172000.0,3601000.0,199596000.0,,94409000.0,,-908418000.0,-10923000.0,1355418000.0,5290806000.0,,37063000.0,-10957000.0,20319000.0,,,41707000.0,,124760000.0,,367098000.0,,,,,75641000.0,123811000.0,14562000.0,3523000.0,-203791000.0,0.0,,-19891000.0,156802000.0,-2238000.0
2013-03-31,923698000.0,,,,279522000.0,,-33189000.0,,-60628000.0,3559000.0,-63239000.0,,,188827000.0,188827000.0,1246415000.0,,486173000.0,,,,49935000.0,2319769000.0,,701313000.0,1328348000.0,,232171000.0,5688283000.0,103359000.0,572312000.0,890755000.0,2253161000.0,,196845000.0,,92996000.0,,-971657000.0,-45102000.0,1282539000.0,5688283000.0,,6305000.0,-3229000.0,63146000.0,,,32474000.0,,503814000.0,,270460000.0,,,,,,25670000.0,17000.0,853000.0,-18636000.0,,,13221000.0,245360000.0,
2013-06-30,2603211000.0,,,,575241000.0,,97806000.0,,67416000.0,11960000.0,58130000.0,,,193069783.0,196770405.0,1385260000.0,,634509000.0,,,,60212000.0,2687357000.0,,692695000.0,1369062000.0,,236901000.0,6082811000.0,167818000.0,631216000.0,1018135000.0,2516549000.0,,192821000.0,,87409000.0,,-913527000.0,-51959000.0,1392271000.0,6082811000.0,,14119000.0,-6305000.0,205361000.0,,,65252000.0,,588446000.0,,380347000.0,,,,,23766000.0,76685000.0,17000.0,1052000.0,-20742000.0,,,54011000.0,384205000.0,
2013-09-30,4865447000.0,,,,900246000.0,,190654000.0,,71616000.0,26370000.0,43774000.0,,,196396704.0,202109783.0,1302578000.0,,578426000.0,,,,47777000.0,2364550000.0,,697003000.0,1397471000.0,,255558000.0,5775560000.0,113385000.0,784761000.0,395763000.0,2233751000.0,,189496000.0,,92288000.0,,-869753000.0,-11261000.0,1489707000.0,5775560000.0,,23224000.0,-8230000.0,129361000.0,,,94512000.0,,-45783000.0,,264538000.0,,,,,26418000.0,103577000.0,17000.0,1163000.0,-42490000.0,,,83700000.0,301523000.0,
2013-12-31,6478547000.0,,,,1226892000.0,,139660000.0,,-5137000.0,30878000.0,-43378000.0,,,,,1299184000.0,,439151000.0,12270000.0,108835000.0,,43427000.0,2160104000.0,,706800000.0,1466983000.0,,296334000.0,5683521000.0,111320000.0,668799000.0,486433000.0,2255518000.0,5102000.0,161637000.0,,85035000.0,,-951796000.0,-2370000.0,1409228000.0,5683521000.0,,28415000.0,-15888000.0,-11544000.0,,,115645000.0,,36788000.0,,417472000.0,,,,,93537000.0,134868000.0,522000.0,1615000.0,-143663000.0,0.0,,32984000.0,298129000.0,45567000.0
2014-03-31,1127316000.0,,,,302405000.0,,-12308000.0,,-32152000.0,-2055000.0,-32448000.0,,,,,1629142000.0,,509119000.0,,,,59385000.0,2711757000.0,,697978000.0,1493536000.0,,316524000.0,6260175000.0,107333000.0,622021000.0,1020775000.0,2836417000.0,,161437000.0,,104227000.0,,-984244000.0,7493000.0,1394727000.0,6260175000.0,,10018000.0,-8729000.0,77980000.0,,,47784000.0,,531338000.0,,365697000.0,,,,,11634000.0,24523000.0,75000.0,-60000.0,-36623000.0,,,-4752000.0,329958000.0,
2014-06-30,2793101000.0,,,,628330000.0,,55686000.0,,30532000.0,4710000.0,22934000.0,,,198701762.0,205989271.0,2041686000.0,,563394000.0,,,,59179000.0,3311346000.0,,709342000.0,1502707000.0,,324845000.0,6872120000.0,150228000.0,709490000.0,1001097000.0,2872818000.0,,167179000.0,,105673000.0,,-961310000.0,16828000.0,1461784000.0,6872120000.0,,22568000.0,-12064000.0,126528000.0,,,60500000.0,,508323000.0,,338470000.0,,,,,24518000.0,66388000.0,2675000.0,4019000.0,-93645000.0,,,484199000.0,742502000.0,
2014-09-30,5295109000.0,,,,978006000.0,,193982000.0,,112690000.0,-3137000.0,105163000.0,0.52,0.49,199261810.0,221581583.0,1358300000.0,,607150000.0,,,,47882000.0,2497935000.0,,695941000.0,1484677000.0,,379867000.0,6047731000.0,96104000.0,763800000.0,399534000.0,1991933000.0,,165224000.0,,107684000.0,,-856147000.0,-37577000.0,1504725000.0,6047731000.0,,31531000.0,-21463000.0,193705000.0,,,105228000.0,,-76473000.0,,-13832000.0,,,,,48527000.0,98248000.0,2675000.0,8279000.0,-159692000.0,,,251253000.0,59116000.0,
2014-12-31,6866964000.0,,,,1330160000.0,,7164000.0,,-99820000.0,4630000.0,-90807000.0,,,,,1382029000.0,,419301000.0,12824000.0,60326000.0,,26089000.0,2267691000.0,,695337000.0,1479037000.0,,494103000.0,5988361000.0,74151000.0,675880000.0,543122000.0,2010781000.0,4768000.0,196759000.0,,112204000.0,,-1042603000.0,-70010000.0,1296954000.0,5988361000.0,,39029000.0,-17664000.0,14356000.0,,,44447000.0,,73730000.0,,269409000.0,,,,,210243000.0,139587000.0,3350000.0,796000.0,-384294000.0,,,240864000.0,82845000.0,41471000.0
2015-03-31,1120312000.0,,,,314545000.0,,-23935000.0,,-65781000.0,745000.0,-58279000.0,,,,,1606658000.0,,434543000.0,,,,38069000.0,2653113000.0,,675792000.0,1421618000.0,,553556000.0,6338401000.0,59762000.0,544471000.0,1081883000.0,2506981000.0,,195387000.0,,111894000.0,,-1100882000.0,-114478000.0,1195948000.0,6338401000.0,,9497000.0,4371000.0,47700000.0,,,43629000.0,,563260000.0,,342546000.0,,,,,15879000.0,29365000.0,,1426000.0,-50583000.0,,,-19200000.0,224629000.0,
2015-06-30,2886089000.0,,,,641384000.0,,42245000.0,,-40659000.0,5655000.0,-43223000.0,,,200767811.0,208778589.0,1525819000.0,,524227000.0,,,,46897000.0,2752748000.0,,701763000.0,1619123000.0,,485274000.0,6713516000.0,86087000.0,635490000.0,1201446000.0,2727280000.0,,194607000.0,,128346000.0,,-1085826000.0,-87931000.0,1251396000.0,6713516000.0,,17562000.0,-1415000.0,122058000.0,,,48629000.0,,620412000.0,,357154000.0,,,,,69244000.0,67344000.0,,2194000.0,-163941000.0,,,-27040000.0,143790000.0,
2015-09-30,5509006000.0,,,,1003359000.0,,171820000.0,,117959000.0,19232000.0,89049000.0,0.39,0.38,201392591.0,208738780.0,1061383000.0,,631344000.0,,,,48477000.0,2296595000.0,,719523000.0,1629510000.0,,477832000.0,6265354000.0,88216000.0,785861000.0,521648000.0,2131764000.0,,208758000.0,,135972000.0,,-996777000.0,-94234000.0,1331438000.0,6265354000.0,,25594000.0,-7181000.0,232106000.0,,,56665000.0,,-46530000.0,,-22576000.0,,,,,87371000.0,97506000.0,,2290000.0,-227124000.0,,,-25796000.0,-320646000.0,
2015-12-31,7245731000.0,,,,1397908000.0,,131372000.0,,6353000.0,22122000.0,-32508000.0,,,,,1303125000.0,,452600000.0,14388000.0,46477000.0,,36364000.0,2288315000.0,,731282000.0,1604315000.0,,385249000.0,6156241000.0,58607000.0,686664000.0,618640000.0,2101206000.0,6128000.0,199472000.0,,142267000.0,,-1075111000.0,-111657000.0,1236953000.0,6156241000.0,,33361000.0,-9611000.0,67235000.0,,,106589000.0,,52948000.0,,300202000.0,,,,,99780000.0,142491000.0,,3173000.0,-290985000.0,,,-36469000.0,-78904000.0,44287000.0
2016-03-31,1207716000.0,,,,336181000.0,,-33290000.0,,-49027000.0,6927000.0,-44518000.0,,,201696142.0,,1699281000.0,,480681000.0,,,,38631000.0,2966254000.0,,722790000.0,1619552000.0,,464058000.0,6927174000.0,76204000.0,620142000.0,1354101000.0,2926237000.0,,204032000.0,,135308000.0,,-1120919000.0,-112905000.0,1184388000.0,6927174000.0,,8923000.0,-1698000.0,16878000.0,,,,,707038000.0,,517398000.0,,,,,43378000.0,30681000.0,,1693000.0,-85744000.0,,,-53289000.0,396156000.0,
2016-06-30,3386974000.0,,,,712040000.0,,74159000.0,,41867000.0,12333000.0,37741000.0,-0.16,,201896009.0,208601733.0,1512099000.0,,634562000.0,,,,43548000.0,2969952000.0,,712812000.0,1670676000.0,,510567000.0,7043426000.0,103722000.0,778101000.0,1347953000.0,3023434000.0,,198617000.0,,127887000.0,,-1083176000.0,-136404000.0,1188507000.0,7043426000.0,,17144000.0,-2708000.0,171670000.0,,,,,710841000.0,,510975000.0,,,,,122318000.0,78880000.0,,191000.0,-219410000.0,,,-69094000.0,208974000.0,
2016-09-30,6557390000.0,,,,1126452000.0,,232155000.0,,146585000.0,26157000.0,111079000.0,0.51,0.49,202118412.0,217690217.0,1039706000.0,,785418000.0,,,,48798000.0,2407205000.0,,720590000.0,1671629000.0,,489489000.0,6417029000.0,66347000.0,905729000.0,518678000.0,2280997000.0,,,,125040000.0,,-972100000.0,-144273000.0,1280758000.0,6417029000.0,,25237000.0,-14096000.0,345343000.0,,,,,-116347000.0,,119516000.0,,,,,113065000.0,119740000.0,,770000.0,-260174000.0,,,-109700000.0,-263419000.0,
2016-12-31,8354934000.0,,,,1548450000.0,,194940000.0,,48326000.0,28029000.0,2942000.0,,,,,1526591000.0,,568936000.0,15114000.0,20163000.0,,49774000.0,2673551000.0,,751536000.0,1747088000.0,,411294000.0,6764266000.0,55030000.0,781494000.0,804973000.0,2460344000.0,5506000.0,,,149791000.0,,-1073457000.0,-176707000.0,1126016000.0,6764266000.0,,32723000.0,-7891000.0,146128000.0,,,,,164291000.0,,597490000.0,,,,,211624000.0,173827000.0,6234000.0,-11357000.0,-426477000.0,,,99212000.0,223466000.0,30312000.0
2017-03-31,1413181000.0,,,,383308000.0,,-21366000.0,,-41249000.0,6521000.0,-32993000.0,,,,,2227555000.0,,584638000.0,,,,49463000.0,3601449000.0,,782166000.0,1724113000.0,,526264000.0,7823517000.0,68263000.0,707811000.0,1796015000.0,3539331000.0,,,,143277000.0,,-1106450000.0,-165231000.0,1116743000.0,7823517000.0,,7936000.0,-1203000.0,6558000.0,,,,,959971000.0,,760701000.0,,,,,4700000.0,58881000.0,,838000.0,-75027000.0,,,-5066000.0,700964000.0,
2017-06-30,4231874000.0,,,,817693000.0,,113433000.0,,90539000.0,16505000.0,81478000.0,0.31,0.29,204688374.0,213879152.0,2216812000.0,,865107000.0,,,,52019000.0,3984278000.0,,817373000.0,1754974000.0,,527791000.0,8251426000.0,123940000.0,1000778000.0,1737491000.0,3836657000.0,,,,155788000.0,,-1024972000.0,-136134000.0,1226639000.0,8251426000.0,,16101000.0,-7943000.0,282075000.0,,,,,860916000.0,,803639000.0,,,,,16619000.0,128607000.0,,8505000.0,-171940000.0,,,-24165000.0,690221000.0,
2017-09-30,7791292000.0,,,,1293557000.0,,293414000.0,,223745000.0,42190000.0,184878000.0,0.65,0.62,205287843.0,223132186.0,1801013000.0,,991215000.0,,,,57225000.0,3563629000.0,,844814000.0,1764512000.0,,511657000.0,7810524000.0,93043000.0,1227613000.0,909037000.0,3212877000.0,,,,170318000.0,,-888579000.0,-117866000.0,1378974000.0,7810524000.0,,23921000.0,-9901000.0,394753000.0,,,,,16169000.0,,417262000.0,,,,,18809000.0,184499000.0,,-909000.0,-235499000.0,,,-25663000.0,274422000.0,
2017-12-31,10337448000.0,,,,1907723000.0,,91397000.0,,-9380000.0,-17154000.0,-6015000.0,,,,,1825322000.0,,725304000.0,17467000.0,23164000.0,,55403000.0,3152742000.0,,885936000.0,1754589000.0,,612708000.0,7504263000.0,85666000.0,1109246000.0,925220000.0,3577000000.0,9569000.0,,,174391000.0,,-1079472000.0,-108542000.0,1181196000.0,7504263000.0,,42755000.0,-71539000.0,133020000.0,,,,,26773000.0,,623006000.0,,,,,47946000.0,238435000.0,10977000.0,-14062000.0,-327586000.0,,,-127083000.0,298731000.0,44871000.0
2018-03-31,1482384000.0,,,,434611000.0,,-6030000.0,,-34144000.0,6884000.0,-33906000.0,,,,,2942407000.0,,783807000.0,,,,44164000.0,4644690000.0,,886901000.0,1772671000.0,,684820000.0,9117548000.0,79411000.0,1020621000.0,2039018000.0,4438713000.0,,,,155998000.0,,-1113378000.0,-92280000.0,1137671000.0,9117548000.0,,10870000.0,,53080000.0,,,,,1097472000.0,,775498000.0,,,,,20222000.0,45125000.0,25914000.0,-5532000.0,-88726000.0,,,404150000.0,,
2018-06-30,4350699000.0,,,,911049000.0,,134725000.0,,95155000.0,18683000.0,69359000.0,0.25,0.24,207331781.0,215105119.0,2293264000.0,,949422000.0,,,,59655000.0,4263356000.0,,890439000.0,1823948000.0,,869218000.0,8952809000.0,134195000.0,1180102000.0,1846156000.0,4206751000.0,,,,169266000.0,,-1044019000.0,-125837000.0,1163049000.0,8952809000.0,,22946000.0,,229016000.0,,,,,947269000.0,,519826000.0,,,,,93256000.0,100641000.0,27620000.0,-188000.0,-314395000.0,,,314731000.0,,
2018-09-30,8185945000.0,,,,1435703000.0,,362914000.0,,261239000.0,35714000.0,208136000.0,0.74,0.71,207614413.0,216788983.0,1900305000.0,,1252585000.0,,,,49764000.0,3881047000.0,,913357000.0,1835353000.0,,843454000.0,8511699000.0,112036000.0,1409170000.0,890783000.0,3608798000.0,,,,180626000.0,,-871336000.0,-134918000.0,1317389000.0,8511699000.0,,34315000.0,,545872000.0,,,,,-960000.0,,255576000.0,,,,,98288000.0,163714000.0,33175000.0,-1375000.0,-378856000.0,,,268126000.0,,
2018-12-31,10787800000.0,,,,1997028000.0,,272536000.0,,131105000.0,40765000.0,60249000.0,,,,,2371540000.0,,829320000.0,12575000.0,3620000.0,,42685000.0,3848074000.0,,946593000.0,1822943000.0,,428080000.0,8496886000.0,90253000.0,1245465000.0,1227797000.0,3749866000.0,27504000.0,,,204977000.0,,-1019223000.0,-145231000.0,1098981000.0,8496886000.0,,45582000.0,-6247000.0,135429000.0,,,,,344539000.0,,941586000.0,,,,,120228000.0,239833000.0,35630000.0,-2070000.0,-496909000.0,,,188784000.0,,60016000.0
2019-03-31,1727828000.0,,,,464866000.0,,-23863000.0,,-51283000.0,3958000.0,-52444000.0,,,,,2670538000.0,,920035000.0,,,,48351000.0,4424874000.0,,943030000.0,1841234000.0,,422966000.0,10302533000.0,103567000.0,1140215000.0,2068792000.0,4688882000.0,,,,100177000.0,,-1071667000.0,-148120000.0,1043208000.0,10302533000.0,,13205000.0,,90637000.0,,,,,839371000.0,,469050000.0,,,,,9882000.0,57136000.0,9000000.0,8852000.0,-84870000.0,,,-71491000.0,,
2019-06-30,4884837000.0,,,,978363000.0,,171586000.0,,144870000.0,32708000.0,103355000.0,0.43,0.41,,219977612.0,2270341000.0,,1096754000.0,,,,44685000.0,4284887000.0,,1025468000.0,1925725000.0,,408275000.0,10529387000.0,170274000.0,1339881000.0,1890997000.0,4605723000.0,,,,113060000.0,,-968312000.0,-148791000.0,1174143000.0,10529387000.0,,24926000.0,,256575000.0,,,,,578763000.0,,293323000.0,,,,,87595000.0,135940000.0,20614000.0,-20000.0,-281654000.0,,,-97910000.0,,
2019-09-30,8658521000.0,,,,1520910000.0,,407764000.0,,314839000.0,59988000.0,229836000.0,0.86,0.83,210621971.0,218957376.0,1795166000.0,,1215465000.0,,,,53268000.0,3849723000.0,,1048139000.0,1915215000.0,,397208000.0,9967133000.0,119910000.0,1511883000.0,1115874000.0,3959372000.0,,,,112336000.0,,-789387000.0,-181047000.0,1287273000.0,9967133000.0,,36924000.0,,392065000.0,,,,,-162782000.0,,32922000.0,,,,,108075000.0,225822000.0,22953000.0,-2203000.0,-403357000.0,,,-139610000.0,,
2019-12-31,11547969000.0,,,,2145486000.0,,324844000.0,,185104000.0,66892000.0,69889000.0,,,,,2470362000.0,,994606000.0,16106000.0,215919000.0,,57007000.0,4192899000.0,,1117932000.0,1998498000.0,,431473000.0,10975615000.0,100237000.0,1391486000.0,1391032000.0,4107599000.0,34390000.0,,,130648000.0,,-949334000.0,-145713000.0,1145820000.0,10975615000.0,,48785000.0,-465000.0,159792000.0,,,,,88291000.0,,469783000.0,,,,,235071000.0,323566000.0,42261000.0,-3997000.0,-691000000.0,,,328889000.0,96039000.0,66937000.0
2020-03-31,1400000000.0,,,,514021000.0,,-172670000.0,,-214252000.0,-3330000.0,-184784000.0,-0.94,,,,3300000000.0,,759432000.0,,,,73513000.0,4851025000.0,,1128169000.0,1999979000.0,,452974000.0,11861444000.0,87840000.0,1229321000.0,2273494000.0,4730056000.0,,,,247204000.0,,-1137082000.0,-259326000.0,859354000.0,11861444000.0,,11732000.0,,-227913000.0,,,,,996798000.0,,631675000.0,,,,,32508000.0,84563000.0,,4830000.0,-122371000.0,,,382422000.0,807469000.0,
2020-06-30,1439777000.0,,,,837373000.0,,-760737000.0,,-854019000.0,-32513000.0,-752301000.0,-3.62,-3.62,211693923.0,211693923.0,3300000000.0,,618580000.0,,,,68187000.0,4433194000.0,,1121665000.0,2012641000.0,,450972000.0,11622300000.0,124806000.0,1088153000.0,1157311000.0,3492296000.0,591500000.0,,,691219000.0,,-1704599000.0,-243805000.0,341925000.0,11622300000.0,,50270000.0,-12316000.0,-363079000.0,,,,,597963000.0,,-390360000.0,,,,,37471000.0,142509000.0,5594000.0,-1758000.0,-190641000.0,,,1462098000.0,826123000.0,
2020-09-30,1623795000.0,,,,1243307000.0,,-1265178000.0,,-1413381000.0,-49417000.0,-1281203000.0,-6.08,-6.08,212593719.0,212593719.0,2625082000.0,,564873000.0,,,,56326000.0,3859857000.0,,1106688000.0,2051903000.0,,410673000.0,10885431000.0,88869000.0,960011000.0,1631715000.0,3582877000.0,164100000.0,,,274271000.0,,-2233501000.0,-222217000.0,-99430000.0,10885431000.0,,106965000.0,-22615000.0,-406202000.0,,,,,684532000.0,,-956903000.0,,,,,37283000.0,187036000.0,3903000.0,-11812000.0,-224532000.0,,,1361636000.0,159249000.0,
2020-12-31,1900000000.0,,,,1524342000.0,,-1653192000.0,,-1856665000.0,-28875000.0,-1724535000.0,,,,,2537787000.0,,486734000.0,22000000.0,269717000.0,,39465000.0,3649768000.0,,1101414000.0,2129203000.0,,391281000.0,10589303000.0,86356000.0,894149000.0,1839323000.0,3796569000.0,88641000.0,,,182508000.0,,-2676833000.0,-177009000.0,-471772000.0,10589303000.0,,116889000.0,-37877000.0,-490588000.0,,,,,826699000.0,,-1083388000.0,,,,,41083000.0,213746000.0,8863000.0,-7863000.0,-224062000.0,,,1350082000.0,72197000.0,26151000.0
2021-03-31,290609000.0,,,,322853000.0,,-303172000.0,,-316333000.0,6389000.0,-307193000.0,-1.44,,,,3009487000.0,,467792000.0,,,,42880000.0,4096098000.0,,1064171000.0,2113694000.0,,408528000.0,10919642000.0,72913000.0,898518000.0,1817328000.0,3815747000.0,294100000.0,,,364699000.0,,-2984026000.0,-173216000.0,-730560000.0,10919642000.0,,40017000.0,,-21861000.0,,,,,301483000.0,,74574000.0,,,,,6132000.0,23763000.0,5495000.0,-596000.0,10108000.0,,,417017000.0,471018000.0,
2021-06-30,866600000.0,,,,651747000.0,,-430457000.0,,-524508000.0,8674000.0,-502858000.0,-2.34,,,,4042619000.0,,646705000.0,,,,50534000.0,5423251000.0,,1046478000.0,2122704000.0,,463530000.0,12245656000.0,90360000.0,916161000.0,2648540000.0,5165300000.0,442100000.0,,,510711000.0,,-3179691000.0,-161832000.0,-912762000.0,12245656000.0,,52847000.0,6149000.0,143343000.0,,,,,1175690000.0,,1169989000.0,,,,,7627000.0,58066000.0,11191000.0,-912000.0,-50295000.0,,,401469000.0,1501198000.0,
2021-09-30,3600000000.0,,,,1098676000.0,,-293312000.0,,-431220000.0,15095000.0,-455980000.0,-2.13,-2.13,216888355.0,223800400.0,4628880000.0,,1182242000.0,,,,48766000.0,6555291000.0,,1041854000.0,2109719000.0,,480144000.0,13330744000.0,111142000.0,1445840000.0,2303373000.0,5558104000.0,149400000.0,,,242811000.0,,-3132813000.0,-170997000.0,-404844000.0,13330744000.0,,80165000.0,4365000.0,690105000.0,,,,,551059000.0,,1024697000.0,,,,,19594000.0,103914000.0,,5622000.0,-111759000.0,,,1222321000.0,2086758000.0,
2021-12-31,6300000000.0,,,,1754822000.0,,-417858000.0,,-611267000.0,-2481000.0,-650904000.0,,,,,4884729000.0,,1066573000.0,33826000.0,274229000.0,,74834000.0,6684093000.0,,1091929000.0,2590869000.0,,548453000.0,14402318000.0,110623000.0,1645906000.0,2800000000.0,6855722000.0,116700000.0,,,431581000.0,,-3327737000.0,-147964000.0,-582651000.0,14402318000.0,,209337000.0,-9639000.0,485211000.0,,,,,847949000.0,,1780568000.0,,,,,384251000.0,152734000.0,7100000.0,-2344000.0,-566962000.0,,,1171332000.0,2341353000.0,15911000.0
2022-03-31,1802808000.0,,,,570182000.0,,27060000.0,,-37260000.0,11696000.0,-50182000.0,-0.39,-0.39,221890625.0,221890625.0,5871905000.0,,1210007000.0,,,,62182000.0,8110435000.0,,1086307000.0,2604811000.0,,605077000.0,16006602000.0,67008000.0,1511446000.0,4049866000.0,8278487000.0,,,,436789000.0,,-3317397000.0,-84341000.0,-517817000.0,16006602000.0,,49241000.0,,152725000.0,,,,,1310527000.0,,1198300000.0,,,,,13962000.0,62525000.0,,865000.0,-114953000.0,,,-75041000.0,987227000.0,
2022-06-30,6236982000.0,,,,1242395000.0,,345759000.0,,260372000.0,43691000.0,187800000.0,0.69,0.66,224674447.0,243634764.0,5860435000.0,,1456198000.0,,,,74906000.0,8550782000.0,,1089421000.0,2563119000.0,,630190000.0,16421028000.0,219744000.0,77029000.0,3766387000.0,8632043000.0,,,,398756000.0,,-3129597000.0,-129571000.0,-410164000.0,16421028000.0,,61741000.0,,440290000.0,,,,,1053178000.0,,1547438000.0,,,,,39854000.0,130278000.0,6129000.0,3496000.0,-244736000.0,,,-137635000.0,978364000.0,
2022-09-30,12390517000.0,,,,2048305000.0,,852008000.0,,662413000.0,85589000.0,499020000.0,1.79,1.73,225761777.0,243686803.0,4951161000.0,,1989508000.0,,,,72795000.0,7927389000.0,,1097931000.0,2548452000.0,,675174000.0,15787014000.0,195327000.0,64772000.0,2269216000.0,7634487000.0,,,,345329000.0,,-2768195000.0,-153883000.0,-74560000.0,15787014000.0,,86178000.0,,1009472000.0,,,,,-435701000.0,,928357000.0,,,,,38770000.0,205987000.0,6764000.0,-3099000.0,-359728000.0,,,-175219000.0,68399000.0,
2022-12-31,16681254000.0,,,,2955884000.0,,732118000.0,,505447000.0,96254000.0,295986000.0,0.66,0.64,224809558.0,231556866.0,5606457000.0,,1465383000.0,38725000.0,282717000.0,,131939000.0,8159522000.0,,1487663000.0,2529380000.0,,724989000.0,16460841000.0,180076000.0,2368434000.0,3134800000.0,8303315000.0,56953000.0,,,455971000.0,,-2971229000.0,-90076000.0,-367569000.0,16460841000.0,,110049000.0,7199000.0,463977000.0,,,,,367617000.0,,1832063000.0,,,,,257191000.0,347206000.0,6080000.0,-8574000.0,-784691000.0,,,-143340000.0,724582000.0,43859000.0
2023-03-31,3127390000.0,,,,690321000.0,,142776000.0,,68032000.0,23840000.0,-3169000.0,-0.25,-0.25,228162831.0,,6991987000.0,,1657210000.0,,,,119260000.0,10097121000.0,,1887070000.0,2577317000.0,,709299000.0,18869591000.0,172649000.0,72845000.0,5103432000.0,9374087000.0,,,,511473000.0,,-2974398000.0,-17425000.0,-460846000.0,18869591000.0,,27571000.0,,163603000.0,,,,,1896145000.0,,1155848000.0,,,,,-96382000.0,116886000.0,,2076000.0,-59789000.0,,,225701000.0,1385078000.0,
2023-06-30,8758113000.0,,,,1558916000.0,,529147000.0,,441017000.0,65488000.0,293682000.0,1.04,1.02,228536179.0,243660186.0,7128873000.0,,1889652000.0,,,,122076000.0,10776948000.0,,1904020000.0,2619356000.0,,890608000.0,19925090000.0,293865000.0,56143000.0,5025871000.0,10023531000.0,,,,562016000.0,,-2680716000.0,59253000.0,-187377000.0,19925090000.0,,55333000.0,,395516000.0,,,,,1801097000.0,,1646849000.0,,,,,-69359000.0,202531000.0,35088000.0,-6077000.0,-299206000.0,,,73514000.0,1524268000.0,
2023-09-30,16910132000.0,,,,2533066000.0,,1147679000.0,,1037572000.0,121362000.0,774008000.0,2.63,2.59,228787263.0,244163678.0,5948511000.0,,2503135000.0,,,,123620000.0,10006678000.0,,1955906000.0,2653526000.0,,919622000.0,19140573000.0,276982000.0,132471000.0,3083668000.0,8751521000.0,,,,468504000.0,,-2197221000.0,12242000.0,221751000.0,19140573000.0,,85905000.0,-10419000.0,1014739000.0,,,,,-150487000.0,,762441000.0,,,,,-29151000.0,304882000.0,36653000.0,-13841000.0,-463964000.0,,,44932000.0,342988000.0,
2023-12-31,22749073000.0,,,,3557167000.0,,1066203000.0,,894544000.0,160227000.0,563280000.0,1.38,1.37,228628390.0,230977326.0,6231866000.0,,2069054000.0,45141000.0,300168000.0,,122163000.0,9577754000.0,,2101463000.0,2691466000.0,,934849000.0,19074045000.0,267493000.0,3006281000.0,3400000000.0,9959903000.0,60555000.0,,,488159000.0,,-2407949000.0,27450000.0,-17148000.0,19074045000.0,,115959000.0,-44018000.0,550670000.0,,,,,133023000.0,,1370794000.0,,,,,17534000.0,438604000.0,36653000.0,-15128000.0,-695805000.0,,,-87281000.0,626582000.0,175148000.0
2024-03-31,3799529000.0,,,,981559000.0,,-36507000.0,,3197000.0,35414000.0,-46733000.0,-0.53,-0.53,229471184.0,229471184.0,6501709000.0,,2279906000.0,,,,164230000.0,10427780000.0,,2116632000.0,2699480000.0,,1059624000.0,20030189000.0,248196000.0,113517000.0,5025357000.0,11328410000.0,,,,524454000.0,,-2454682000.0,35818000.0,-114832000.0,20030189000.0,,31402000.0,-5729000.0,217998000.0,,,,,1681431000.0,,988870000.0,,,,,-10010000.0,134053000.0,11673000.0,-6265000.0,-170699000.0,,,-478356000.0,270393000.0,
2024-06-30,9822945000.0,,,,1907781000.0,,465819000.0,,459589000.0,115578000.0,297970000.0,1.05,1.03,229921527.0,245002995.0,6398722000.0,,2464042000.0,,,,139037000.0,10684133000.0,,2235526000.0,2664149000.0,,1160185000.0,20453984000.0,250917000.0,53039000.0,4798752000.0,11627149000.0,,,,546636000.0,,-2156712000.0,-122756000.0,-43267000.0,20453984000.0,,59738000.0,-6078000.0,436458000.0,,,,,1516217000.0,,1400954000.0,,,,,17579000.0,333689000.0,5390000.0,-7529000.0,-434405000.0,,,-642976000.0,170584000.0,
2024-09-30,17474032000.0,,,,2913199000.0,,1063954000.0,,1040618000.0,191412000.0,695300000.0,2.21,2.18,230374307.0,245319968.0,5489919000.0,,2693998000.0,,,,133956000.0,9775154000.0,,2375868000.0,2670008000.0,,1278068000.0,19747070000.0,294765000.0,66959000.0,3034514000.0,9680578000.0,,,,673141000.0,,-1747806000.0,-174611000.0,287966000.0,19747070000.0,,85450000.0,-14059000.0,565093000.0,,,,,-288566000.0,,680052000.0,,,,,49456000.0,491750000.0,8390000.0,-11383000.0,-642798000.0,,,-692460000.0,-738153000.0,
,,,,,,,,,,,,,,,,,,,,,,,,,,,,,,,,,,,,,,,,,,,,,,,,,,,,,,,,,,,,,,,,,,,
,,,,,,,,,,,,,,,,,,,,,,,,,,,,,,,,,,,,,,,,,,,,,,,,,,,,,,,,,,,,,,,,,,,
,,,,,,,,,,,,,,,,,,,,,,,,,,,,,,,,,,,,,,,,,,,,,,,,,,,,,,,,,,,,,,,,,,,
,,,,,,,,,,,,,,,,,,,,,,,,,,,,,,,,,,,,,,,,,,,,,,,,,,,,,,,,,,,,,,,,,,,
,,,,,,,,,,,,,,,,,,,,,,,,,,,,,,,,,,,,,,,,,,,,,,,,,,,,,,,,,,,,,,,,,,,
