Date,Net sales,Cost of sales,Gross margin,Research and development,"Selling, general and administrative",Total operating expenses,Operating income,"Other income/(expense), net",Income before provision for income taxes,Provision for income taxes,Net income,Earnings per share basic,Earnings per share diluted,Weighted-average basic,Weighted-average diluted,Cash and cash equivalents,Short-term marketable securities,"Accounts receivable, net",Inventories,Deferred tax assets,Vendor non-trade receivables,Other current assets,Total current assets,Long-term marketable securities,"Property, Plant and Equipment, Net",Goodwill,"Acquired intangible assets, net","Other Assets, Noncurrent",Total assets,accounts payable,Accrued expenses,Deferred revenue,Total current liabilities,Deferred revenue - non-current,deferred tax liabilities,long term taxes payable,Total other non-current liabilities,Total liabilities,Retained Earnings (Accumulated Deficit),Accumulated other comprehensive (loss)/income,Total shareholders equity,Total liabilities and shareholders' equity,"Depreciation, amortization and accretion",Stock-based compensation expense,Deferred income tax expense,"Increase (Decrease) in Accounts receivable, net",Increase (Decrease) in Inventories,Increase (Decrease) in Other Receivables,Increase (Decrease) in Other Operating Assets,Increase (Decrease) in Accounts Payable,Increase (Decrease) in Deferred Revenue,Increase (Decrease) Other liabilities,Cash generated by operating activities,Purchases of marketable securities,Proceeds from maturities of marketable securities,Proceeds from sales of marketable securities,Purchases of other long-term investments,"Business acquisitions, net of cash acquired",Cash payments for capital asset purchases,Payments for acquisition of intangible assets,Payments for (Proceeds from) Other Investing Activities,Cash used in investing activities,Proceeds from issuance of common stock,Excess tax benefits from stock-based compensation,Cash generated/used in financing activities,Increase/(decrease) in cash and cash equivalents,"Cash paid for income taxes, net"
2009-12-31,5098684000.0,,,,,2838576000.0,2260108000.0,-42057000.0,2218051000.0,755427000.0,1462532000.0,11.19,11.16,129838000.0,130232000.0,2055439000.0,824345000.0,536472000.0,,243561000.0,,124915000.0,5003147000.0,179987000.0,448994000.0,309228000.0,414704000.0,184301000.0,7470279000.0,290414000.0,1224991000.0,,3167131000.0,,79728000.0,,426719000.0,3958412000.0,1147714000.0,193678000.0,3503760000.0,7470279000.0,,88430000.0,336704000.0,-122445000.0,,,,34231000.0,,,1378162000.0,332571000.0,,,,2913000.0,56563000.0,,5804000.0,-664180000.0,,39025000.0,-184940000.0,550279000.0,
2010-03-31,1308000000.0,,,,,608000000.0,700000000.0,-5000000.0,695000000.0,240000000.0,455000000.0,3.47,3.46,130000000.0,131000000.0,2119000000.0,831000000.0,505000000.0,,276000000.0,,92000000.0,5106000000.0,172000000.0,433000000.0,293000000.0,408000000.0,159000000.0,7286000000.0,251000000.0,935000000.0,,2822000000.0,,74000000.0,,412000000.0,3454000000.0,1583000000.0,88000000.0,3824000000.0,7286000000.0,,16000000.0,49000000.0,-19000000.0,,,,-36000000.0,,,95000000.0,33000000.0,11000000.0,20000000.0,,,3000000.0,,,-23000000.0,,91000000.0,77000000.0,64000000.0,
2010-06-30,2673000000.0,,,,,1256000000.0,1417000000.0,-9000000.0,1408000000.0,495000000.0,913000000.0,6.97,6.95,131000000.0,131000000.0,2323000000.0,829000000.0,517000000.0,,271000000.0,,78000000.0,5543000000.0,134000000.0,435000000.0,267000000.0,390000000.0,148000000.0,7432000000.0,244000000.0,927000000.0,,2818000000.0,,74000000.0,,392000000.0,3307000000.0,2022000000.0,-72000000.0,4117000000.0,7432000000.0,,31000000.0,110000000.0,12000000.0,,,,-38000000.0,,,438000000.0,68000000.0,60000000.0,56000000.0,,,25000000.0,,,-20000000.0,,89000000.0,59000000.0,268000000.0,
2010-09-30,4101000000.0,,,,,1918000000.0,2183000000.0,-8000000.0,2175000000.0,743000000.0,1431000000.0,10.93,10.89,131000000.0,131000000.0,2479000000.0,836000000.0,580000000.0,,253000000.0,,85000000.0,6233000000.0,118000000.0,433000000.0,297000000.0,412000000.0,160000000.0,8166000000.0,243000000.0,1122000000.0,,2832000000.0,,90000000.0,,388000000.0,3315000000.0,2520000000.0,141000000.0,4842000000.0,8166000000.0,,49000000.0,158000000.0,53000000.0,,,,-45000000.0,,,1027000000.0,118000000.0,86000000.0,94000000.0,,,37000000.0,,1000000.0,-583000000.0,,85000000.0,36000000.0,424000000.0,
2010-12-31,5539000000.0,,,,,2787000000.0,2752000000.0,5000000.0,2757000000.0,910000000.0,1846000000.0,14.1,14.05,131000000.0,131000000.0,3067000000.0,831000000.0,650000000.0,,216000000.0,,85000000.0,6454000000.0,106000000.0,439000000.0,677000000.0,530000000.0,225000000.0,8837000000.0,272000000.0,1315000000.0,,3143000000.0,,74000000.0,,400000000.0,3621000000.0,2915000000.0,95000000.0,5205000000.0,8837000000.0,,63000000.0,213000000.0,115000000.0,,,,-19000000.0,,,1697000000.0,329000000.0,110000000.0,297000000.0,,498000000.0,61000000.0,,3000000.0,-641000000.0,,85000000.0,19000000.0,1012000000.0,
2011-03-31,1501000000.0,,,,,665000000.0,836000000.0,,836000000.0,274000000.0,562000000.0,4.31,4.29,130000000.0,131000000.0,2954000000.0,835000000.0,642000000.0,,174000000.0,,84000000.0,6073000000.0,93000000.0,436000000.0,710000000.0,539000000.0,237000000.0,8502000000.0,283000000.0,1196000000.0,,2791000000.0,,95000000.0,,410000000.0,3300000000.0,3457000000.0,201000000.0,5191000000.0,8502000000.0,,15000000.0,,2000000.0,,,,8000000.0,,,355000000.0,15000000.0,15000000.0,10000000.0,,,10000000.0,,,135000000.0,,7000000.0,-665000000.0,-113000000.0,
2011-06-30,3168000000.0,,,,,1447000000.0,1721000000.0,7000000.0,1728000000.0,558000000.0,1170000000.0,9.08,9.05,129000000.0,129000000.0,2764000000.0,840000000.0,713000000.0,,134000000.0,,68000000.0,6011000000.0,81000000.0,454000000.0,1068000000.0,700000000.0,279000000.0,9025000000.0,336000000.0,1280000000.0,,2964000000.0,,130000000.0,,450000000.0,3544000000.0,4047000000.0,247000000.0,5470000000.0,9025000000.0,,36000000.0,,22000000.0,,,,34000000.0,,,893000000.0,39000000.0,28000000.0,30000000.0,,460000000.0,35000000.0,,,-214000000.0,,10000000.0,-1083000000.0,-303000000.0,
2011-12-31,6714000000.0,,,,,4001000000.0,2713000000.0,33000000.0,2746000000.0,842000000.0,1906000000.0,14.9,14.85,128000000.0,128000000.0,3734000000.0,1215000000.0,808000000.0,,334000000.0,,144000000.0,7741000000.0,70000000.0,449000000.0,1014000000.0,665000000.0,630000000.0,10693000000.0,360000000.0,1610000000.0,,4217000000.0,,113000000.0,,486000000.0,4816000000.0,4745000000.0,-2000000.0,5868000000.0,10693000000.0,,80000000.0,-176000000.0,162000000.0,,,,67000000.0,,,2684000000.0,899000000.0,63000000.0,485000000.0,,460000000.0,77000000.0,,-14000000.0,-748000000.0,,12000000.0,-1215000000.0,667000000.0,
2012-03-31,1758000000.0,,,,,758000000.0,1000000000.0,-1000000.0,999000000.0,318000000.0,682000000.0,5.38,5.36,127000000.0,127000000.0,3684000000.0,1457000000.0,812000000.0,,347000000.0,,175000000.0,8113000000.0,70000000.0,450000000.0,1042000000.0,682000000.0,751000000.0,11131000000.0,274000000.0,1575000000.0,,4092000000.0,,112000000.0,,548000000.0,4752000000.0,5389000000.0,78000000.0,6371000000.0,11131000000.0,,18000000.0,,-7000000.0,,,,-88000000.0,,,427000000.0,398000000.0,111000000.0,43000000.0,,,12000000.0,,,-302000000.0,,33000000.0,-220000000.0,-50000000.0,
2012-06-30,3578000000.0,,,,,1604000000.0,1974000000.0,-2000000.0,1972000000.0,591000000.0,1382000000.0,10.95,10.91,126000000.0,127000000.0,3153000000.0,1803000000.0,844000000.0,,358000000.0,,181000000.0,8283000000.0,41000000.0,458000000.0,1009000000.0,656000000.0,718000000.0,11240000000.0,330000000.0,1475000000.0,,4307000000.0,,105000000.0,,552000000.0,4964000000.0,6052000000.0,-47000000.0,6265000000.0,11240000000.0,,41000000.0,,51000000.0,,,,-27000000.0,,,1068000000.0,1054000000.0,386000000.0,104000000.0,,0.0,40000000.0,,,-690000000.0,,33000000.0,-922000000.0,-581000000.0,
2012-09-30,5496000000.0,,,,,2458000000.0,3038000000.0,2000000.0,3038000000.0,885000000.0,2154000000.0,17.13,17.07,126000000.0,126000000.0,3045000000.0,2594000000.0,912000000.0,,356000000.0,,167000000.0,9072000000.0,41000000.0,465000000.0,1087000000.0,676000000.0,719000000.0,12120000000.0,319000000.0,1620000000.0,,4548000000.0,,103000000.0,,545000000.0,5196000000.0,6786000000.0,34000000.0,6912000000.0,12120000000.0,,66000000.0,,112000000.0,,,,-36000000.0,,,2082000000.0,2123000000.0,576000000.0,195000000.0,,70000000.0,68000000.0,,1000000.0,-1612000000.0,,46000000.0,-1151000000.0,-689000000.0,
2012-12-31,7391000000.0,,,,,3454000000.0,3937000000.0,-5000000.0,3932000000.0,1174000000.0,2759000000.0,22.02,21.94,125000000.0,126000000.0,2052000000.0,2951000000.0,925000000.0,,67000000.0,,183000000.0,9357000000.0,32000000.0,472000000.0,1092000000.0,672000000.0,809000000.0,12462000000.0,357000000.0,1748000000.0,,4906000000.0,,104000000.0,,523000000.0,5533000000.0,7354000000.0,61000000.0,6917000000.0,12462000000.0,,89000000.0,236000000.0,121000000.0,,,,-2000000.0,,,2948000000.0,2981000000.0,891000000.0,390000000.0,,70000000.0,96000000.0,,7000000.0,-2839000000.0,,47000000.0,-1798000000.0,-1682000000.0,
2013-03-31,1906000000.0,,,,,799000000.0,1107000000.0,-5000000.0,1102000000.0,336000000.0,766000000.0,6.25,6.23,123000000.0,123000000.0,1984000000.0,3036000000.0,941000000.0,,128000000.0,,173000000.0,8783000000.0,32000000.0,468000000.0,1042000000.0,637000000.0,820000000.0,11809000000.0,262000000.0,1703000000.0,,4414000000.0,,99000000.0,,540000000.0,5053000000.0,8047000000.0,-50000000.0,6743000000.0,11809000000.0,,-23000000.0,,25000000.0,,,,-93000000.0,,,872000000.0,934000000.0,257000000.0,576000000.0,,,20000000.0,,-2000000.0,-107000000.0,,14000000.0,-783000000.0,-68000000.0,
2013-06-30,4002000000.0,,,,,1667000000.0,2335000000.0,5000000.0,2335000000.0,721000000.0,1614000000.0,13.23,13.19,122000000.0,122000000.0,2348000000.0,2742000000.0,949000000.0,,126000000.0,,191000000.0,8962000000.0,23000000.0,471000000.0,1050000000.0,637000000.0,816000000.0,12021000000.0,259000000.0,1616000000.0,,4327000000.0,,98000000.0,,567000000.0,4992000000.0,8823000000.0,-15000000.0,7018000000.0,12021000000.0,,-1000000.0,,36000000.0,,,,-97000000.0,,,1614000000.0,1311000000.0,644000000.0,855000000.0,,,48000000.0,,-3000000.0,118000000.0,,20000000.0,-1421000000.0,296000000.0,
2013-09-30,6220000000.0,,,,,2637000000.0,3583000000.0,6000000.0,3589000000.0,1096000000.0,2493000000.0,20.52,20.46,121000000.0,122000000.0,3413000000.0,2594000000.0,990000000.0,,122000000.0,,182000000.0,10559000000.0,16000000.0,474000000.0,1101000000.0,655000000.0,852000000.0,13730000000.0,280000000.0,2004000000.0,,5420000000.0,,93000000.0,,549000000.0,6062000000.0,9630000000.0,120000000.0,7657000000.0,13730000000.0,,27000000.0,,67000000.0,,,,-76000000.0,,,2936000000.0,1936000000.0,959000000.0,1349000000.0,,0.0,65000000.0,,8000000.0,235000000.0,,23000000.0,-1837000000.0,1361000000.0,
2013-12-31,8346000000.0,,,,,3843000000.0,4503000000.0,-3000000.0,4500000000.0,1384000000.0,3116000000.0,2.57,2.56,1211000000.0,1215000000.0,3599000000.0,2696000000.0,966000000.0,,181000000.0,,192000000.0,10950000000.0,11000000.0,526000000.0,1122000000.0,672000000.0,902000000.0,14242000000.0,338000000.0,2101000000.0,,6032000000.0,,117000000.0,,598000000.0,6747000000.0,10121000000.0,178000000.0,7484000000.0,14242000000.0,,63000000.0,-115000000.0,42000000.0,,,,-20000000.0,,,4135000000.0,2526000000.0,1321000000.0,1488000000.0,,0.0,155000000.0,,7000000.0,-4000000.0,,19000000.0,-2629000000.0,1547000000.0,
2014-03-31,2177000000.0,,,,,892000000.0,1285000000.0,-4000000.0,1281000000.0,411000000.0,870000000.0,0.73,0.73,1185000000.0,1189000000.0,4019000000.0,2543000000.0,995000000.0,,304000000.0,,207000000.0,11342000000.0,,528000000.0,1286000000.0,723000000.0,858000000.0,14802000000.0,297000000.0,2128000000.0,,5994000000.0,,117000000.0,,619000000.0,8224000000.0,10861000000.0,180000000.0,6567000000.0,14802000000.0,,-74000000.0,,15000000.0,,,,-46000000.0,,,568000000.0,619000000.0,425000000.0,341000000.0,,146000000.0,25000000.0,,5000000.0,130000000.0,,38000000.0,-279000000.0,420000000.0,
2014-06-30,4554000000.0,,,,,1886000000.0,2668000000.0,-14000000.0,2654000000.0,853000000.0,,1.53,1.53,1175000000.0,1179000000.0,2878000000.0,2836000000.0,1134000000.0,,287000000.0,,185000000.0,10577000000.0,,539000000.0,1527000000.0,759000000.0,887000000.0,14375000000.0,420000000.0,1903000000.0,,5790000000.0,,125000000.0,,652000000.0,8061000000.0,11666000000.0,188000000.0,6266000000.0,14375000000.0,,-46000000.0,-77000000.0,121000000.0,,,,29000000.0,,,1297000000.0,1473000000.0,887000000.0,426000000.0,,341000000.0,39000000.0,,12000000.0,-432000000.0,,42000000.0,-1585000000.0,-721000000.0,
2014-09-30,7057000000.0,,,,,2969000000.0,4088000000.0,-16000000.0,4072000000.0,1256000000.0,,2.41,2.4,1169000000.0,1172000000.0,4462000000.0,1857000000.0,1071000000.0,,283000000.0,,157000000.0,10956000000.0,,553000000.0,1456000000.0,705000000.0,887000000.0,14659000000.0,319000000.0,2098000000.0,,5849000000.0,,119000000.0,,649000000.0,8111000000.0,12553000000.0,-92000000.0,6501000000.0,14659000000.0,,-43000000.0,-80000000.0,96000000.0,,,,-39000000.0,,,2682000000.0,1977000000.0,1322000000.0,1444000000.0,,336000000.0,97000000.0,,17000000.0,448000000.0,,53000000.0,-2095000000.0,863000000.0,
2014-12-31,9473000000.0,,,,,4367000000.0,5106000000.0,-27000000.0,5079000000.0,1462000000.0,,3.11,3.1,1165000000.0,1169000000.0,5137000000.0,1168000000.0,1109000000.0,,274000000.0,,244000000.0,10997000000.0,,615000000.0,1522000000.0,714000000.0,1385000000.0,15329000000.0,419000000.0,2439000000.0,,6222000000.0,,115000000.0,,674000000.0,8505000000.0,13169000000.0,-260000000.0,6790000000.0,15329000000.0,,-15000000.0,-91000000.0,164000000.0,,,,61000000.0,,,3407000000.0,2385000000.0,1358000000.0,2477000000.0,,525000000.0,175000000.0,,84000000.0,690000000.0,,54000000.0,-2339000000.0,1538000000.0,
2015-03-31,2230000000.0,,,,,879000000.0,1351000000.0,-11000000.0,1340000000.0,320000000.0,,0.89,0.89,1148000000.0,1152000000.0,4207000000.0,1589000000.0,1072000000.0,,273000000.0,,272000000.0,10348000000.0,,602000000.0,1469000000.0,648000000.0,1490000000.0,14633000000.0,406000000.0,2169000000.0,,5937000000.0,,102000000.0,,765000000.0,8299000000.0,14006000000.0,-639000000.0,6301000000.0,14633000000.0,,-53000000.0,37000000.0,30000000.0,,,,1000000.0,,,911000000.0,1123000000.0,166000000.0,516000000.0,,12000000.0,31000000.0,,9000000.0,-519000000.0,,27000000.0,-1100000000.0,-930000000.0,
2015-06-30,4620000000.0,,,,,2018000000.0,2602000000.0,-21000000.0,2581000000.0,640000000.0,,1.7,1.69,1143000000.0,1146000000.0,3361000000.0,,1128000000.0,,294000000.0,,241000000.0,10217000000.0,,632000000.0,1940000000.0,862000000.0,1589000000.0,15272000000.0,481000000.0,2385000000.0,,6476000000.0,,101000000.0,,764000000.0,8836000000.0,14746000000.0,-493000000.0,6404000000.0,15272000000.0,,-23000000.0,1000000.0,51000000.0,,,,37000000.0,,,1732000000.0,789000000.0,322000000.0,716000000.0,,584000000.0,56000000.0,,-1000000.0,-1222000000.0,,34000000.0,-2116000000.0,-1776000000.0,
2015-09-30,7150000000.0,,,,,3179000000.0,3971000000.0,-38000000.0,3933000000.0,1015000000.0,,2.57,2.56,1136000000.0,1139000000.0,3877000000.0,,1081000000.0,,268000000.0,,223000000.0,9625000000.0,,641000000.0,1907000000.0,820000000.0,1619000000.0,14634000000.0,381000000.0,2512000000.0,,5943000000.0,,95000000.0,,803000000.0,8336000000.0,15543000000.0,-536000000.0,6267000000.0,14634000000.0,,1000000.0,18000000.0,27000000.0,,,,-31000000.0,,,3004000000.0,862000000.0,476000000.0,666000000.0,,584000000.0,125000000.0,,7000000.0,-853000000.0,,40000000.0,-3216000000.0,-1260000000.0,
2015-12-31,9667000000.0,,,,,4589000000.0,5078000000.0,-120000000.0,4958000000.0,1150000000.0,,3.36,3.35,1134000000.0,1137000000.0,5747000000.0,,1079000000.0,,238000000.0,,247000000.0,10985000000.0,,675000000.0,1891000000.0,803000000.0,1598000000.0,16269000000.0,472000000.0,2763000000.0,,6269000000.0,,79000000.0,,572000000.0,10207000000.0,16222000000.0,-676000000.0,6028000000.0,16269000000.0,,22000000.0,-16000000.0,35000000.0,,,,49000000.0,,,4043000000.0,974000000.0,542000000.0,703000000.0,,584000000.0,177000000.0,,-2000000.0,-715000000.0,,42000000.0,-2458000000.0,610000000.0,
2016-03-31,2446000000.0,,,,,1098000000.0,1348000000.0,-11000000.0,1337000000.0,378000000.0,,0.86,0.86,1109000000.0,1112000000.0,4894000000.0,,1186000000.0,,,,259000000.0,10606000000.0,,669000000.0,1886000000.0,788000000.0,1603000000.0,15905000000.0,409000000.0,2876000000.0,,6440000000.0,,76000000.0,,545000000.0,10394000000.0,16972000000.0,-620000000.0,5479000000.0,15905000000.0,,-40000000.0,-20000000.0,87000000.0,,,,-75000000.0,,,1008000000.0,446000000.0,55000000.0,69000000.0,,0.0,37000000.0,,8000000.0,-385000000.0,,22000000.0,-1545000000.0,-853000000.0,
2016-06-30,5140000000.0,,,,,2412000000.0,2728000000.0,-26000000.0,2702000000.0,760000000.0,,1.76,1.75,1104000000.0,1107000000.0,5176000000.0,,1203000000.0,,,,250000000.0,10998000000.0,,680000000.0,1834000000.0,762000000.0,1671000000.0,16282000000.0,452000000.0,2753000000.0,,6462000000.0,,83000000.0,,562000000.0,10413000000.0,17746000000.0,-697000000.0,5837000000.0,16282000000.0,,-11000000.0,-8000000.0,100000000.0,,,,-18000000.0,,,2067000000.0,561000000.0,162000000.0,107000000.0,,0.0,101000000.0,,11000000.0,-495000000.0,,33000000.0,-2194000000.0,-571000000.0,
2016-09-30,8020000000.0,,,,,3622000000.0,4398000000.0,-63000000.0,4335000000.0,1209000000.0,,2.84,2.83,1101000000.0,1104000000.0,5205000000.0,,1298000000.0,,,,234000000.0,11776000000.0,,698000000.0,1814000000.0,747000000.0,1961000000.0,17323000000.0,437000000.0,3214000000.0,,7121000000.0,,82000000.0,,545000000.0,11074000000.0,18722000000.0,-717000000.0,6219000000.0,17323000000.0,,15000000.0,-1000000.0,190000000.0,,,,-33000000.0,,,3492000000.0,751000000.0,247000000.0,164000000.0,,0.0,156000000.0,,14000000.0,-1125000000.0,,44000000.0,-2968000000.0,-542000000.0,
2016-12-31,10776000000.0,,,,,5015000000.0,5761000000.0,-115000000.0,5646000000.0,1587000000.0,,3.7,3.69,1098000000.0,1101000000.0,6721000000.0,,1416000000.0,,226000000.0,,253000000.0,13228000000.0,,733000000.0,1756000000.0,722000000.0,1929000000.0,18675000000.0,609000000.0,3318000000.0,,7206000000.0,,81000000.0,,524000000.0,12991000000.0,19418000000.0,-924000000.0,5656000000.0,18675000000.0,,50000000.0,-20000000.0,338000000.0,,,,145000000.0,,,4484000000.0,957000000.0,339000000.0,277000000.0,,0.0,215000000.0,,31000000.0,-1167000000.0,,48000000.0,-2293000000.0,974000000.0,
2017-03-31,2734000000.0,,,,,1228000000.0,1506000000.0,-28000000.0,1478000000.0,397000000.0,,1.0,1.0,1078000000.0,1082000000.0,6006000000.0,,1553000000.0,,,,445000000.0,12885000000.0,,748000000.0,1775000000.0,702000000.0,2147000000.0,18570000000.0,680000000.0,3158000000.0,,7095000000.0,,83000000.0,,538000000.0,12932000000.0,20263000000.0,-863000000.0,5611000000.0,18570000000.0,,39000000.0,8000000.0,120000000.0,,,,57000000.0,,,745000000.0,205000000.0,151000000.0,89000000.0,,,64000000.0,,130000000.0,-246000000.0,,0.0,-1237000000.0,-715000000.0,
2017-06-30,5787000000.0,,,,,2628000000.0,3159000000.0,-53000000.0,3106000000.0,848000000.0,,2.1,2.09,1074000000.0,1078000000.0,5177000000.0,,1708000000.0,,,,363000000.0,12542000000.0,,845000000.0,2759000000.0,1126000000.0,2192000000.0,19839000000.0,654000000.0,3306000000.0,,7583000000.0,,140000000.0,,842000000.0,13891000000.0,21205000000.0,-699000000.0,5852000000.0,19839000000.0,,88000000.0,-23000000.0,186000000.0,,,,24000000.0,,,2039000000.0,322000000.0,248000000.0,105000000.0,,951000000.0,114000000.0,,-8000000.0,-1254000000.0,,0.0,-2452000000.0,-1544000000.0,
2017-09-30,9185000000.0,,,,,4085000000.0,5100000000.0,-62000000.0,5038000000.0,1350000000.0,,3.45,3.43,1071000000.0,1075000000.0,5559000000.0,,1858000000.0,,,,504000000.0,13231000000.0,,901000000.0,3015000000.0,1147000000.0,2195000000.0,20914000000.0,722000000.0,3685000000.0,,7984000000.0,,139000000.0,,860000000.0,14376000000.0,22401000000.0,-542000000.0,6442000000.0,20914000000.0,,137000000.0,-56000000.0,321000000.0,,,,85000000.0,,,3794000000.0,531000000.0,371000000.0,153000000.0,,1175000000.0,214000000.0,,-8000000.0,-1656000000.0,,0.0,-3494000000.0,-1162000000.0,
2017-12-31,12497000000.0,,,,,5875000000.0,6622000000.0,-100000000.0,6522000000.0,2607000000.0,,3.67,3.65,1067000000.0,1072000000.0,5933000000.0,,1969000000.0,,144000000.0,,499000000.0,13797000000.0,,829000000.0,3035000000.0,1120000000.0,2298000000.0,21329000000.0,933000000.0,3931000000.0,,8793000000.0,,106000000.0,,1438000000.0,15761000000.0,22364000000.0,-497000000.0,5468000000.0,21329000000.0,437000000.0,176000000.0,86000000.0,445000000.0,,,,290000000.0,,,5555000000.0,714000000.0,500000000.0,304000000.0,,1175000000.0,300000000.0,,-1000000.0,-1779000000.0,,0.0,-4764000000.0,-788000000.0,
2018-03-31,5070000000.0,,,,,1755000000.0,1825000000.0,-22000000.0,1803000000.0,311000000.0,,1.42,1.41,1051000000.0,1057000000.0,6890000000.0,,2122000000.0,,,,551000000.0,14707000000.0,,839000000.0,3104000000.0,1118000000.0,2826000000.0,22944000000.0,370000000.0,4501000000.0,,8948000000.0,,64000000.0,,1661000000.0,17142000000.0,23852000000.0,-373000000.0,5703000000.0,22944000000.0,120000000.0,43000000.0,-46000000.0,80000000.0,,,,-62000000.0,,,1035000000.0,108000000.0,108000000.0,198000000.0,,,82000000.0,,12000000.0,367000000.0,,,-665000000.0,832000000.0,
2018-06-30,10420000000.0,,,,,3484000000.0,3761000000.0,-36000000.0,3725000000.0,664000000.0,,2.92,2.91,1047000000.0,1053000000.0,6210000000.0,,2164000000.0,,,,517000000.0,14305000000.0,,860000000.0,2974000000.0,1043000000.0,2894000000.0,22471000000.0,345000000.0,4418000000.0,,9455000000.0,,58000000.0,,1750000000.0,17121000000.0,25086000000.0,-632000000.0,5257000000.0,22471000000.0,235000000.0,98000000.0,-107000000.0,195000000.0,,,,-86000000.0,,,2524000000.0,705000000.0,171000000.0,412000000.0,,0.0,172000000.0,,16000000.0,-6000000.0,,,-2416000000.0,176000000.0,
2018-09-30,16053000000.0,,,,,5095000000.0,6048000000.0,-59000000.0,5989000000.0,1029000000.0,,4.75,4.73,1044000000.0,1050000000.0,6871000000.0,,2277000000.0,,,,604000000.0,15064000000.0,,876000000.0,2950000000.0,1023000000.0,2925000000.0,23340000000.0,382000000.0,4745000000.0,,9709000000.0,,50000000.0,,1856000000.0,17473000000.0,26726000000.0,-670000000.0,5775000000.0,23340000000.0,346000000.0,153000000.0,-209000000.0,317000000.0,,,,-44000000.0,,,4891000000.0,953000000.0,291000000.0,491000000.0,,0.0,255000000.0,,15000000.0,-237000000.0,,,-3833000000.0,886000000.0,
2018-12-31,21831000000.0,,,,,7668000000.0,7282000000.0,-78000000.0,7204000000.0,1345000000.0,,5.63,5.6,1041000000.0,1047000000.0,6682000000.0,,2276000000.0,,503000000.0,,603000000.0,16171000000.0,,921000000.0,2904000000.0,991000000.0,3303000000.0,24860000000.0,537000000.0,4747000000.0,,11593000000.0,,67000000.0,,1877000000.0,19371000000.0,27283000000.0,-718000000.0,5395000000.0,24860000000.0,459000000.0,196000000.0,-244000000.0,317000000.0,,,,101000000.0,,,6223000000.0,1300000000.0,379000000.0,604000000.0,,0.0,330000000.0,,14000000.0,-506000000.0,,0.0,-4966000000.0,745000000.0,
2019-03-31,5632000000.0,,,,,1676000000.0,2213000000.0,-10000000.0,2203000000.0,341000000.0,,1.81,1.8,1026000000.0,1032000000.0,5857000000.0,,2577000000.0,,,,705000000.0,14396000000.0,,1305000000.0,2944000000.0,1025000000.0,3346000000.0,23520000000.0,508000000.0,4329000000.0,,10246000000.0,,61000000.0,,2151000000.0,18257000000.0,28806000000.0,-673000000.0,5168000000.0,23520000000.0,117000000.0,57000000.0,38000000.0,320000000.0,,,,-22000000.0,,,1312000000.0,305000000.0,139000000.0,476000000.0,,,83000000.0,,11000000.0,213000000.0,,,-2223000000.0,-752000000.0,
2019-06-30,11701000000.0,,,,,3392000000.0,4610000000.0,122000000.0,4722000000.0,812000000.0,,3.82,3.8,1023000000.0,1028000000.0,5691000000.0,,2607000000.0,,,,694000000.0,14165000000.0,,1348000000.0,3524000000.0,1232000000.0,3984000000.0,24731000000.0,432000000.0,4752000000.0,,9497000000.0,,95000000.0,,2224000000.0,19622000000.0,30517000000.0,-730000000.0,5008000000.0,24731000000.0,239000000.0,130000000.0,65000000.0,327000000.0,,,,-105000000.0,,,2848000000.0,386000000.0,219000000.0,935000000.0,,723000000.0,174000000.0,,2000000.0,-554000000.0,,,-3160000000.0,-892000000.0,
2019-09-30,18258000000.0,,,,,5204000000.0,7265000000.0,-121000000.0,7256000000.0,1238000000.0,,5.9,5.87,1020000000.0,1025000000.0,5101000000.0,,2500000000.0,,,,856000000.0,14847000000.0,,1492000000.0,3724000000.0,1310000000.0,4090000000.0,25981000000.0,505000000.0,4985000000.0,,10714000000.0,,97000000.0,,2386000000.0,20932000000.0,32289000000.0,-858000000.0,4949000000.0,25981000000.0,376000000.0,207000000.0,14000000.0,278000000.0,,,,-36000000.0,,,5203000000.0,549000000.0,305000000.0,1003000000.0,,1170000000.0,306000000.0,,2000000.0,-1180000000.0,,,-5285000000.0,-1365000000.0,
2019-12-31,24980000000.0,,,,,7219000000.0,9664000000.0,67000000.0,9731000000.0,1613000000.0,,7.98,7.94,1017000000.0,1022000000.0,6988000000.0,,2514000000.0,,458000000.0,,786000000.0,16902000000.0,,1828000000.0,4021000000.0,1417000000.0,4525000000.0,29236000000.0,489000000.0,5489000000.0,,11904000000.0,,85000000.0,,2729000000.0,23245000000.0,33984000000.0,-673000000.0,5893000000.0,29236000000.0,522000000.0,250000000.0,-7000000.0,246000000.0,,,,-42000000.0,,,8183000000.0,643000000.0,376000000.0,1098000000.0,,1440000000.0,422000000.0,,4000000.0,-1640000000.0,,,-5867000000.0,632000000.0,
2020-03-31,6162000000.0,,,,,1798000000.0,2211000000.0,-224000000.0,1987000000.0,294000000.0,,1.68,1.68,1005000000.0,1010000000.0,10207000000.0,,2441000000.0,,,,793000000.0,18123000000.0,,1901000000.0,4070000000.0,1447000000.0,4557000000.0,30648000000.0,371000000.0,4676000000.0,1518000000.0,9712000000.0,,,,2890000000.0,25150000000.0,35273000000.0,-1079000000.0,5398000000.0,30648000000.0,144000000.0,52000000.0,26000000.0,3000000.0,,,,-102000000.0,148000000.0,,1859000000.0,74000000.0,64000000.0,179000000.0,,,131000000.0,,177000000.0,-507000000.0,,,2100000000.0,3364000000.0,
2020-06-30,11255000000.0,,,,,3426000000.0,3918000000.0,-241000000.0,3677000000.0,564000000.0,,3.1,3.08,1005000000.0,1009000000.0,11137000000.0,,2147000000.0,,,,761000000.0,19381000000.0,,1872000000.0,4081000000.0,1480000000.0,4740000000.0,32127000000.0,369000000.0,4530000000.0,1548000000.0,9923000000.0,,,,3075000000.0,25579000000.0,36288000000.0,-1046000000.0,6470000000.0,32127000000.0,289000000.0,127000000.0,29000000.0,-299000000.0,,,,-82000000.0,178000000.0,,3317000000.0,78000000.0,100000000.0,256000000.0,,183000000.0,201000000.0,,6000000.0,-626000000.0,,,1691000000.0,4333000000.0,
2020-09-30,17190000000.0,,,,,5158000000.0,6023000000.0,-431000000.0,5592000000.0,966000000.0,,4.61,4.59,1003000000.0,1008000000.0,10225000000.0,,2357000000.0,,,,732000000.0,18469000000.0,,1887000000.0,4159000000.0,1507000000.0,4965000000.0,31594000000.0,341000000.0,5011000000.0,1568000000.0,9958000000.0,,,,3095000000.0,25713000000.0,37403000000.0,-880000000.0,5796000000.0,31594000000.0,430000000.0,202000000.0,7000000.0,-112000000.0,,,,-145000000.0,198000000.0,,4971000000.0,161000000.0,127000000.0,349000000.0,,183000000.0,280000000.0,,0.0,-825000000.0,,,-777000000.0,3435000000.0,
2020-12-31,23616000000.0,,,,,7220000000.0,8081000000.0,-321000000.0,7760000000.0,1349000000.0,,6.4,6.37,1002000000.0,1006000000.0,10113000000.0,,2646000000.0,,405000000.0,,719000000.0,19113000000.0,,1902000000.0,4960000000.0,1753000000.0,5365000000.0,33584000000.0,527000000.0,5430000000.0,1696000000.0,11847000000.0,,,,3111000000.0,27067000000.0,38747000000.0,-680000000.0,6391000000.0,33584000000.0,580000000.0,254000000.0,73000000.0,86000000.0,,,,26000000.0,326000000.0,,7224000000.0,220000000.0,140000000.0,361000000.0,,989000000.0,339000000.0,,-3000000.0,-1879000000.0,,,-2152000000.0,3450000000.0,
2021-03-31,6428000000.0,,,,,1958000000.0,2197000000.0,-7000000.0,2190000000.0,362000000.0,,1.84,1.83,994000000.0,998000000.0,7246000000.0,,2648000000.0,,,,792000000.0,16405000000.0,,1850000000.0,7051000000.0,3321000000.0,5714000000.0,34800000000.0,476000000.0,5200000000.0,1759000000.0,11475000000.0,,,,3260000000.0,28347000000.0,40140000000.0,-738000000.0,6327000000.0,34800000000.0,163000000.0,65000000.0,33000000.0,70000000.0,,,,-15000000.0,63000000.0,,1463000000.0,155000000.0,23000000.0,72000000.0,,3364000000.0,65000000.0,,-9000000.0,-3560000000.0,,,-606000000.0,-2804000000.0,
2021-06-30,13647000000.0,,,,,4145000000.0,4538000000.0,137000000.0,4668000000.0,774000000.0,,3.93,3.91,992000000.0,996000000.0,6216000000.0,,2773000000.0,,,,840000000.0,15079000000.0,,1839000000.0,7661000000.0,3613000000.0,6265000000.0,34911000000.0,547000000.0,5564000000.0,1806000000.0,11297000000.0,,,,3401000000.0,28342000000.0,41771000000.0,-653000000.0,6442000000.0,34911000000.0,349000000.0,152000000.0,-15000000.0,158000000.0,,,,-92000000.0,110000000.0,,3731000000.0,261000000.0,69000000.0,140000000.0,,4200000000.0,146000000.0,,9000000.0,-4702000000.0,,,-2801000000.0,-3796000000.0,
2021-09-30,21473000000.0,,,,,6413000000.0,7255000000.0,229000000.0,7484000000.0,1176000000.0,,6.37,6.35,990000000.0,994000000.0,6406000000.0,,2820000000.0,,,,905000000.0,15382000000.0,,1860000000.0,7569000000.0,3561000000.0,6567000000.0,35410000000.0,557000000.0,5964000000.0,1832000000.0,11561000000.0,,,,3462000000.0,28608000000.0,43750000000.0,-791000000.0,6703000000.0,35410000000.0,537000000.0,241000000.0,-49000000.0,234000000.0,,,,-74000000.0,136000000.0,,6274000000.0,326000000.0,95000000.0,202000000.0,,4197000000.0,285000000.0,,12000000.0,-4834000000.0,,,-4938000000.0,-3578000000.0,
2021-12-31,29845000000.0,,,,,8802000000.0,10082000000.0,225000000.0,10307000000.0,1620000000.0,,8.79,8.76,988000000.0,992000000.0,7421000000.0,,3006000000.0,,91000000.0,,853000000.0,16949000000.0,,1907000000.0,7662000000.0,3671000000.0,6994000000.0,37669000000.0,738000000.0,6642000000.0,1873000000.0,13162000000.0,,,,3591000000.0,30257000000.0,45648000000.0,-809000000.0,7312000000.0,37669000000.0,726000000.0,273000000.0,-69000000.0,397000000.0,,,,100000000.0,177000000.0,,9463000000.0,389000000.0,291000000.0,83000000.0,,4436000000.0,407000000.0,,-33000000.0,-5272000000.0,,,-6555000000.0,-2517000000.0,
2022-03-31,8025000000.0,,,,,2217000000.0,2950000000.0,-177000000.0,2773000000.0,142000000.0,,2.69,2.68,977000000.0,981000000.0,6879000000.0,,2889000000.0,,,,934000000.0,15953000000.0,,1957000000.0,7625000000.0,3675000000.0,7158000000.0,37163000000.0,666000000.0,5954000000.0,1730000000.0,11928000000.0,,,,3851000000.0,30033000000.0,47800000000.0,-798000000.0,7034000000.0,37163000000.0,192000000.0,74000000.0,-320000000.0,-134000000.0,,,,-56000000.0,-144000000.0,,1782000000.0,58000000.0,70000000.0,8000000.0,,0.0,146000000.0,,-5000000.0,-287000000.0,,,-2154000000.0,-687000000.0,
2022-06-30,16729000000.0,,,,,4696000000.0,5968000000.0,-397000000.0,5571000000.0,665000000.0,,5.04,5.02,974000000.0,977000000.0,5921000000.0,,3175000000.0,,,,973000000.0,15211000000.0,,1950000000.0,7519000000.0,3676000000.0,6955000000.0,36231000000.0,633000000.0,6111000000.0,1621000000.0,12085000000.0,,,,3767000000.0,29969000000.0,49599000000.0,-1232000000.0,6171000000.0,36231000000.0,381000000.0,175000000.0,-466000000.0,257000000.0,,,,-110000000.0,-252000000.0,,4239000000.0,124000000.0,113000000.0,14000000.0,,313000000.0,201000000.0,,5000000.0,-812000000.0,,,-4975000000.0,-1750000000.0,
2022-09-30,25896000000.0,,,,,7340000000.0,9080000000.0,-437000000.0,8643000000.0,1238000000.0,,7.63,7.6,971000000.0,974000000.0,7633000000.0,,3167000000.0,,,,1067000000.0,16823000000.0,,1951000000.0,7176000000.0,3582000000.0,7011000000.0,37612000000.0,615000000.0,6888000000.0,1531000000.0,13476000000.0,,,,3770000000.0,31169000000.0,51625000000.0,-1617000000.0,6361000000.0,37612000000.0,566000000.0,273000000.0,-589000000.0,326000000.0,,,,-91000000.0,-342000000.0,,8095000000.0,192000000.0,156000000.0,28000000.0,,313000000.0,312000000.0,,6000000.0,-1120000000.0,,,-6714000000.0,-126000000.0,
2022-12-31,22237000000.0,,,,,9973000000.0,12264000000.0,-532000000.0,11732000000.0,1802000000.0,,10.26,10.22,968000000.0,971000000.0,7008000000.0,,3425000000.0,,758000000.0,,920000000.0,16606000000.0,,2006000000.0,7522000000.0,3859000000.0,7580000000.0,38724000000.0,926000000.0,7801000000.0,1568000000.0,14171000000.0,,,,4034000000.0,32347000000.0,53607000000.0,-1253000000.0,6298000000.0,38724000000.0,750000000.0,295000000.0,-651000000.0,481000000.0,,,,190000000.0,-305000000.0,,11195000000.0,267000000.0,211000000.0,54000000.0,,313000000.0,442000000.0,,3000000.0,-1470000000.0,,,-10328000000.0,-706000000.0,
2023-03-31,5748000000.0,,,,,2612000000.0,3136000000.0,-283000000.0,2853000000.0,492000000.0,,2.48,2.47,953000000.0,956000000.0,6566000000.0,,3511000000.0,,,,1028000000.0,16420000000.0,,2006000000.0,7575000000.0,4027000000.0,7641000000.0,38936000000.0,735000000.0,7310000000.0,1608000000.0,13651000000.0,,,,4197000000.0,33529000000.0,55424000000.0,-1229000000.0,5330000000.0,38936000000.0,191000000.0,108000000.0,-129000000.0,38000000.0,,,,-184000000.0,40000000.0,,1919000000.0,50000000.0,51000000.0,4000000.0,,,110000000.0,,70000000.0,-397000000.0,,,-1955000000.0,-396000000.0,
2023-06-30,12017000000.0,,,,,5225000000.0,6792000000.0,-235000000.0,6557000000.0,1351000000.0,,5.48,5.47,949000000.0,952000000.0,6170000000.0,,3763000000.0,,,,1017000000.0,16530000000.0,,1986000000.0,7579000000.0,4049000000.0,7739000000.0,39004000000.0,643000000.0,7117000000.0,1723000000.0,14636000000.0,,,,4110000000.0,33425000000.0,57730000000.0,-1189000000.0,5504000000.0,39004000000.0,383000000.0,243000000.0,24000000.0,268000000.0,,,,-287000000.0,155000000.0,,4617000000.0,157000000.0,102000000.0,45000000.0,,0.0,190000000.0,,71000000.0,-615000000.0,,,-4734000000.0,-675000000.0,
2023-09-30,18550000000.0,,,,,7914000000.0,10636000000.0,-318000000.0,10318000000.0,1914000000.0,,8.88,8.85,947000000.0,949000000.0,6890000000.0,,3925000000.0,,,,1067000000.0,16983000000.0,,1972000000.0,7488000000.0,4022000000.0,7839000000.0,39674000000.0,589000000.0,7775000000.0,1824000000.0,14519000000.0,,,,4160000000.0,33293000000.0,60390000000.0,-1297000000.0,6311000000.0,39674000000.0,594000000.0,374000000.0,-239000000.0,484000000.0,,,,-319000000.0,240000000.0,,7850000000.0,244000000.0,155000000.0,72000000.0,,0.0,294000000.0,,73000000.0,-1137000000.0,,,-7138000000.0,-454000000.0,
2023-12-31,25098000000.0,,,,,11090000000.0,14008000000.0,-369000000.0,13639000000.0,2444000000.0,,11.86,11.83,944000000.0,946000000.0,8588000000.0,,4060000000.0,,986000000.0,,1073000000.0,18961000000.0,,2061000000.0,7660000000.0,4086000000.0,8325000000.0,42448000000.0,834000000.0,8517000000.0,,16264000000.0,,,,4474000000.0,35451000000.0,62564000000.0,-1099000000.0,6929000000.0,42448000000.0,799000000.0,460000000.0,-236000000.0,546000000.0,,,,-99000000.0,277000000.0,,11980000000.0,300000000.0,191000000.0,87000000.0,,0.0,371000000.0,,6000000.0,-1351000000.0,,,-9488000000.0,1269000000.0,
2024-03-31,6348000000.0,,,,,2744000000.0,3604000000.0,-46000000.0,3558000000.0,547000000.0,,3.23,3.22,933000000.0,935000000.0,7293000000.0,,4231000000.0,,,,1399000000.0,18424000000.0,,2077000000.0,7545000000.0,4123000000.0,9104000000.0,42602000000.0,790000000.0,8062000000.0,1861000000.0,16905000000.0,,,,4501000000.0,35294000000.0,64959000000.0,-1202000000.0,7243000000.0,42602000000.0,216000000.0,108000000.0,3000000.0,219000000.0,,,,-21000000.0,16000000.0,,1672000000.0,95000000.0,67000000.0,22000000.0,,,157000000.0,,0.0,-174000000.0,,,-2681000000.0,-1278000000.0,
2024-06-30,13309000000.0,,,,,5669000000.0,7640000000.0,-143000000.0,7497000000.0,1228000000.0,,6.74,6.72,931000000.0,933000000.0,6996000000.0,,4195000000.0,,,,1279000000.0,17780000000.0,,2148000000.0,7563000000.0,4149000000.0,9270000000.0,42333000000.0,835000000.0,8007000000.0,1772000000.0,15594000000.0,,,,4401000000.0,34851000000.0,67604000000.0,-1205000000.0,7421000000.0,42333000000.0,441000000.0,263000000.0,-93000000.0,234000000.0,,,,9000000.0,-73000000.0,,4810000000.0,219000000.0,139000000.0,58000000.0,,,272000000.0,,2000000.0,-468000000.0,,,-5938000000.0,-1663000000.0,
2024-09-30,20678000000.0,,,,,9034000000.0,11644000000.0,-281000000.0,11363000000.0,1831000000.0,,10.27,10.25,928000000.0,930000000.0,11063000000.0,,4014000000.0,,,,1295000000.0,22300000000.0,,2176000000.0,7721000000.0,4235000000.0,9193000000.0,47237000000.0,911000000.0,9105000000.0,1868000000.0,17294000000.0,,,,4488000000.0,39739000000.0,70258000000.0,-1073000000.0,7440000000.0,47237000000.0,666000000.0,418000000.0,-261000000.0,-99000000.0,,,,59000000.0,23000000.0,,9946000000.0,414000000.0,204000000.0,171000000.0,,,379000000.0,,1000000.0,-724000000.0,,,-6795000000.0,2502000000.0,
