Date,Net sales,Cost of sales,Gross margin,Research and development,"Selling, general and administrative",Total operating expenses,Operating income,"Other income/(expense), net",Income before provision for income taxes,Provision for income taxes,Net income,Earnings per share basic,Earnings per share diluted,Weighted-average basic,Weighted-average diluted,Cash and cash equivalents,Short-term marketable securities,"Accounts receivable, net",Inventories,Deferred tax assets,Vendor non-trade receivables,Other current assets,Total current assets,Long-term marketable securities,"Property, Plant and Equipment, Net",Goodwill,"Acquired intangible assets, net","Other Assets, Noncurrent",Total assets,accounts payable,Accrued expenses,Deferred revenue,Total current liabilities,Deferred revenue - non-current,deferred tax liabilities,long term taxes payable,Total other non-current liabilities,Total liabilities,Retained Earnings (Accumulated Deficit),Accumulated other comprehensive (loss)/income,Total shareholders equity,Total liabilities and shareholders' equity,"Depreciation, amortization and accretion",Stock-based compensation expense,Deferred income tax expense,"Increase (Decrease) in Accounts receivable, net",Increase (Decrease) in Inventories,Increase (Decrease) in Other Receivables,Increase (Decrease) in Other Operating Assets,Increase (Decrease) in Accounts Payable,Increase (Decrease) in Deferred Revenue,Increase (Decrease) Other liabilities,Cash generated by operating activities,Purchases of marketable securities,Proceeds from maturities of marketable securities,Proceeds from sales of marketable securities,Purchases of other long-term investments,"Business acquisitions, net of cash acquired",Cash payments for capital asset purchases,Payments for acquisition of intangible assets,Payments for (Proceeds from) Other Investing Activities,Cash used in investing activities,Proceeds from issuance of common stock,Excess tax benefits from stock-based compensation,Cash generated/used in financing activities,Increase/(decrease) in cash and cash equivalents,"Cash paid for income taxes, net"
2010-01-01,10908000000.0,,,,,11060000000.0,-152000000.0,,,-65000000.0,-346000000.0,-0.97,-0.97,,,115000000.0,,,1444000000.0,255000000.0,,199000000.0,2851000000.0,,1362000000.0,875000000.0,,393000000.0,7933000000.0,562000000.0,688000000.0,,2287000000.0,,,,1077000000.0,,3103000000.0,13000000.0,1142000000.0,7933000000.0,,,,,,,,,,,868000000.0,,,16000000.0,,,147000000.0,39000000.0,-75000000.0,-69000000.0,27000000.0,,-818000000.0,-19000000.0,
2010-03-26,2630000000.0,,,,,2450000000.0,180000000.0,,,46000000.0,83000000.0,0.23,0.22,,,118000000.0,,,1503000000.0,254000000.0,,84000000.0,3015000000.0,,1339000000.0,875000000.0,,219000000.0,8793000000.0,499000000.0,669000000.0,,2313000000.0,,,,1070000000.0,,3038000000.0,0.0,,8793000000.0,,,,,,,,,,,160000000.0,,,,,,25000000.0,16000000.0,-20000000.0,-24000000.0,17000000.0,,-133000000.0,3000000.0,
2010-06-18,5401000000.0,,,,,4995000000.0,406000000.0,,,111000000.0,202000000.0,0.56,0.54,362100000.0,377400000.0,100000000.0,,,1467000000.0,242000000.0,,93000000.0,2951000000.0,,1335000000.0,875000000.0,,202000000.0,8647000000.0,475000000.0,679000000.0,,2351000000.0,,,,1084000000.0,,3130000000.0,-5000000.0,1224000000.0,8647000000.0,,,,,,,,,,,522000000.0,,,,,,64000000.0,20000000.0,-25000000.0,-69000000.0,54000000.0,,-468000000.0,-15000000.0,
2010-09-10,8049000000.0,,,,,7476000000.0,573000000.0,,,156000000.0,285000000.0,0.79,0.76,363100000.0,378100000.0,223000000.0,,,1455000000.0,223000000.0,,155000000.0,3061000000.0,,1327000000.0,875000000.0,,188000000.0,8789000000.0,509000000.0,691000000.0,,2496000000.0,,,,1095000000.0,,3191000000.0,6000000.0,1355000000.0,8789000000.0,,,,,,,,,,,913000000.0,,,,,,147000000.0,35000000.0,-35000000.0,-161000000.0,78000000.0,,-644000000.0,108000000.0,
2010-12-31,,,,,,,,,,,,,,,,505000000.0,,,1489000000.0,1136000000.0,,123000000.0,3382000000.0,,1307000000.0,875000000.0,,205000000.0,8983000000.0,634000000.0,551000000.0,,2501000000.0,,23000000.0,,893000000.0,,3286000000.0,-2000000.0,,8983000000.0,,,,,,,,,,,,,,,,,,,,,,,,,
2011-03-25,2778000000.0,,,,,2587000000.0,191000000.0,,,51000000.0,101000000.0,0.27,0.26,367100000.0,381800000.0,144000000.0,,,1459000000.0,241000000.0,,107000000.0,2999000000.0,,1412000000.0,875000000.0,,224000000.0,8760000000.0,557000000.0,608000000.0,,2423000000.0,,,,889000000.0,,3310000000.0,2000000.0,1386000000.0,8760000000.0,,,,,,,,,,,139000000.0,,,,,,62000000.0,37000000.0,14000000.0,-178000000.0,45000000.0,,-322000000.0,-361000000.0,
2011-06-17,5750000000.0,,,,,5327000000.0,423000000.0,,,117000000.0,236000000.0,0.65,0.63,362000000.0,375900000.0,117000000.0,,,1365000000.0,237000000.0,,120000000.0,2938000000.0,,1483000000.0,875000000.0,,336000000.0,8791000000.0,607000000.0,667000000.0,,2917000000.0,,,,937000000.0,,3401000000.0,-11000000.0,1136000000.0,8791000000.0,,,,,,,,,,,481000000.0,,,,,,91000000.0,47000000.0,95000000.0,-226000000.0,62000000.0,,-643000000.0,-388000000.0,
2011-12-30,12317000000.0,,,,,11791000000.0,526000000.0,,356000000.0,158000000.0,198000000.0,0.56,0.55,350100000.0,362300000.0,102000000.0,,,11000000.0,1127000000.0,,0.0,1324000000.0,,1168000000.0,875000000.0,,261000000.0,5910000000.0,,491000000.0,,2558000000.0,,15000000.0,,883000000.0,,3212000000.0,-48000000.0,,5910000000.0,168000000.0,,156000000.0,,,,,,,,1089000000.0,,,0.0,,,183000000.0,74000000.0,11000000.0,-247000000.0,124000000.0,0.0,-1245000000.0,-403000000.0,45000000.0
2012-03-23,2552000000.0,,,,,2377000000.0,175000000.0,,147000000.0,43000000.0,104000000.0,0.31,0.3,333700000.0,344600000.0,290000000.0,,,12000000.0,230000000.0,,7000000.0,1464000000.0,,1367000000.0,875000000.0,,273000000.0,6171000000.0,,464000000.0,,2906000000.0,,,,882000000.0,,3249000000.0,-38000000.0,-848000000.0,6171000000.0,29000000.0,,,,,,,,,,125000000.0,,,,,,197000000.0,10000000.0,8000000.0,-135000000.0,30000000.0,,198000000.0,188000000.0,
2012-06-15,5328000000.0,,,,,4910000000.0,418000000.0,,356000000.0,109000000.0,247000000.0,0.75,0.72,330800000.0,341500000.0,105000000.0,,,12000000.0,181000000.0,,70000000.0,1355000000.0,,1383000000.0,874000000.0,,283000000.0,6007000000.0,,502000000.0,,2642000000.0,,,,868000000.0,,3335000000.0,-53000000.0,-1124000000.0,6007000000.0,67000000.0,,,,,,,,,,417000000.0,,,,,,257000000.0,19000000.0,39000000.0,-219000000.0,48000000.0,,-195000000.0,3000000.0,
2012-09-07,8057000000.0,,,,,7426000000.0,631000000.0,,578000000.0,188000000.0,390000000.0,1.19,1.16,327000000.0,337500000.0,105000000.0,,,11000000.0,146000000.0,,10000000.0,1158000000.0,,1421000000.0,874000000.0,,275000000.0,5865000000.0,,506000000.0,,2690000000.0,,,,936000000.0,,3434000000.0,-49000000.0,-1296000000.0,5865000000.0,100000000.0,,,,,,,,,,808000000.0,,,,,,316000000.0,52000000.0,22000000.0,-213000000.0,81000000.0,,-592000000.0,3000000.0,
2012-12-28,11814000000.0,,,,,10874000000.0,940000000.0,,849000000.0,278000000.0,571000000.0,1.77,1.72,322600000.0,332900000.0,88000000.0,,,10000000.0,925000000.0,,12000000.0,1475000000.0,,1539000000.0,874000000.0,,267000000.0,6342000000.0,,459000000.0,,2773000000.0,,18000000.0,,898000000.0,,3509000000.0,-44000000.0,-1285000000.0,6342000000.0,145000000.0,,242000000.0,,,,,,,,989000000.0,,,,,,437000000.0,253000000.0,83000000.0,-585000000.0,179000000.0,71000000.0,-418000000.0,-14000000.0,-17000000.0
2013-03-31,3142000000.0,,,,,2916000000.0,226000000.0,,201000000.0,65000000.0,136000000.0,0.44,0.43,311800000.0,320000000.0,221000000.0,,,11000000.0,247000000.0,,11000000.0,1626000000.0,,1574000000.0,874000000.0,,257000000.0,6523000000.0,,504000000.0,,2358000000.0,,,,896000000.0,,3549000000.0,-46000000.0,-1377000000.0,6523000000.0,37000000.0,,,,,,,,,,118000000.0,,,,,,70000000.0,14000000.0,7000000.0,-88000000.0,41000000.0,,103000000.0,133000000.0,
2013-06-30,6405000000.0,,,,,5900000000.0,505000000.0,,464000000.0,149000000.0,315000000.0,1.02,0.99,309300000.0,317300000.0,108000000.0,,,,206000000.0,,24000000.0,1404000000.0,,1634000000.0,874000000.0,,303000000.0,6377000000.0,,507000000.0,,2467000000.0,,,,907000000.0,,3662000000.0,-54000000.0,-1493000000.0,6377000000.0,74000000.0,,,,,,,,,,610000000.0,,,,,,148000000.0,26000000.0,68000000.0,-219000000.0,70000000.0,,-371000000.0,20000000.0,
2013-09-30,9565000000.0,,,,,8815000000.0,750000000.0,,687000000.0,212000000.0,475000000.0,1.55,1.51,306800000.0,314800000.0,144000000.0,,,,217000000.0,,24000000.0,1646000000.0,,1489000000.0,874000000.0,,320000000.0,6480000000.0,,558000000.0,,2422000000.0,,,,913000000.0,,3763000000.0,-49000000.0,-1409000000.0,6480000000.0,113000000.0,,,,,,,,,,805000000.0,,,,,,226000000.0,36000000.0,88000000.0,-309000000.0,141000000.0,,-440000000.0,56000000.0,
2013-12-31,12784000000.0,,,,,11796000000.0,988000000.0,,897000000.0,271000000.0,626000000.0,2.05,2.0,305000000.0,313000000.0,126000000.0,,,,866000000.0,,27000000.0,1903000000.0,,1543000000.0,874000000.0,,332000000.0,6794000000.0,,629000000.0,,2675000000.0,,14000000.0,,912000000.0,,3837000000.0,-44000000.0,-1415000000.0,6794000000.0,127000000.0,,71000000.0,,,,,,,,1140000000.0,,,,,,404000000.0,61000000.0,43000000.0,-519000000.0,199000000.0,121000000.0,-583000000.0,38000000.0,77000000.0
2014-03-31,3293000000.0,,,,,3039000000.0,254000000.0,,231000000.0,59000000.0,172000000.0,0.58,0.57,296100000.0,303300000.0,184000000.0,,,,235000000.0,,52000000.0,1565000000.0,,1569000000.0,874000000.0,,541000000.0,6665000000.0,,580000000.0,,2596000000.0,,,,887000000.0,,3917000000.0,-41000000.0,-1625000000.0,6665000000.0,36000000.0,25000000.0,,,,,,,,,182000000.0,,,,,,61000000.0,6000000.0,-4000000.0,42000000.0,57000000.0,,-166000000.0,58000000.0,25000000.0
2014-06-30,6777000000.0,,,,,6207000000.0,570000000.0,,516000000.0,152000000.0,364000000.0,1.24,1.21,294300000.0,301200000.0,192000000.0,,,,202000000.0,,28000000.0,1537000000.0,,1647000000.0,894000000.0,,352000000.0,6830000000.0,,636000000.0,,2690000000.0,,,,908000000.0,,4030000000.0,-39000000.0,-1720000000.0,6830000000.0,83000000.0,54000000.0,,,,,,,,,669000000.0,,,,,184000000.0,156000000.0,28000000.0,16000000.0,-183000000.0,99000000.0,,-420000000.0,66000000.0,54000000.0
2014-09-30,10237000000.0,,,,,9369000000.0,868000000.0,,806000000.0,250000000.0,556000000.0,1.9,1.86,292500000.0,299400000.0,150000000.0,,,,207000000.0,,111000000.0,1552000000.0,,1736000000.0,894000000.0,,277000000.0,6847000000.0,,703000000.0,,2738000000.0,,,,869000000.0,,4156000000.0,-53000000.0,-1842000000.0,6847000000.0,116000000.0,81000000.0,,,,,,,,,950000000.0,,,,,184000000.0,267000000.0,47000000.0,14000000.0,-304000000.0,129000000.0,,-622000000.0,24000000.0,105000000.0
2014-12-31,13796000000.0,,,,,12637000000.0,1159000000.0,,1088000000.0,335000000.0,753000000.0,2.6,2.54,289900000.0,296800000.0,104000000.0,,,,803000000.0,,109000000.0,1921000000.0,,1460000000.0,894000000.0,1351000000.0,270000000.0,6865000000.0,,655000000.0,,3060000000.0,,16000000.0,,891000000.0,,4286000000.0,-70000000.0,-2200000000.0,6865000000.0,,109000000.0,21000000.0,,,,,,,,1224000000.0,,,,,184000000.0,411000000.0,65000000.0,13000000.0,-313000000.0,178000000.0,92000000.0,-933000000.0,-22000000.0,172000000.0
2015-03-31,3513000000.0,,,,,3181000000.0,332000000.0,,307000000.0,100000000.0,207000000.0,0.75,0.73,277700000.0,283500000.0,120000000.0,,,,311000000.0,,116000000.0,1828000000.0,,1446000000.0,894000000.0,1395000000.0,400000000.0,6803000000.0,,667000000.0,,3030000000.0,,,,901000000.0,,4401000000.0,-90000000.0,-2537000000.0,6803000000.0,,24000000.0,,,,,,,,,262000000.0,,,,,,75000000.0,61000000.0,-7000000.0,-22000000.0,17000000.0,,-224000000.0,16000000.0,58000000.0
2015-06-30,7202000000.0,,,,,6501000000.0,701000000.0,,662000000.0,215000000.0,447000000.0,1.63,1.59,275100000.0,280600000.0,140000000.0,,,,309000000.0,,56000000.0,1906000000.0,,987000000.0,962000000.0,1452000000.0,247000000.0,6321000000.0,,624000000.0,,3517000000.0,,,,927000000.0,,4573000000.0,-88000000.0,-3033000000.0,6321000000.0,,55000000.0,,,,,,,,,752000000.0,,,,,136000000.0,159000000.0,72000000.0,-14000000.0,352000000.0,31000000.0,,-1068000000.0,36000000.0,90000000.0
2015-09-30,10780000000.0,,,,,9740000000.0,1040000000.0,,971000000.0,314000000.0,657000000.0,2.43,2.38,270700000.0,276100000.0,95000000.0,,,,257000000.0,,30000000.0,1723000000.0,,985000000.0,970000000.0,1450000000.0,247000000.0,6153000000.0,,608000000.0,,3509000000.0,,,,1013000000.0,,4740000000.0,-120000000.0,-3589000000.0,6153000000.0,,84000000.0,,,,,,,,,1080000000.0,,,,,137000000.0,218000000.0,89000000.0,-80000000.0,373000000.0,39000000.0,,-1462000000.0,-9000000.0,161000000.0
2015-12-31,14486000000.0,,,,,13136000000.0,1350000000.0,,1255000000.0,396000000.0,859000000.0,3.22,3.15,267300000.0,272800000.0,96000000.0,,,,656000000.0,,30000000.0,1384000000.0,,1029000000.0,943000000.0,1451000000.0,223000000.0,6082000000.0,,527000000.0,,3233000000.0,,,,1010000000.0,,4878000000.0,-196000000.0,-3590000000.0,6082000000.0,,113000000.0,139000000.0,,,,,,,,1430000000.0,,,,,137000000.0,305000000.0,121000000.0,-117000000.0,367000000.0,40000000.0,34000000.0,-1805000000.0,-8000000.0,218000000.0
2016-03-31,3772000000.0,,,,,3405000000.0,367000000.0,,326000000.0,107000000.0,219000000.0,0.86,0.85,254400000.0,258900000.0,99000000.0,,,,,,25000000.0,1424000000.0,,1042000000.0,946000000.0,1468000000.0,234000000.0,6121000000.0,,558000000.0,,3247000000.0,,,,1041000000.0,,5025000000.0,-177000000.0,-3667000000.0,6121000000.0,,28000000.0,,,,,,,,,333000000.0,,,,,,42000000.0,21000000.0,-9000000.0,-64000000.0,6000000.0,,-266000000.0,3000000.0,43000000.0
2016-06-30,7674000000.0,,,,,6918000000.0,756000000.0,,670000000.0,204000000.0,466000000.0,1.83,1.8,254300000.0,258700000.0,679000000.0,,,,,,26000000.0,1959000000.0,,1056000000.0,947000000.0,1473000000.0,223000000.0,6650000000.0,,572000000.0,,3244000000.0,,,,1091000000.0,,5185000000.0,-173000000.0,-3462000000.0,6650000000.0,,59000000.0,,,,,,,,,798000000.0,,,,,0.0,78000000.0,37000000.0,-12000000.0,-72000000.0,16000000.0,,-143000000.0,583000000.0,128000000.0
2016-09-30,11616000000.0,,,,,10689000000.0,927000000.0,,801000000.0,265000000.0,536000000.0,2.08,2.04,266200000.0,270500000.0,1078000000.0,,,,,,65000000.0,3787000000.0,,2411000000.0,7175000000.0,,419000000.0,25002000000.0,,1250000000.0,,5229000000.0,,,,1580000000.0,,6375000000.0,-169000000.0,5841000000.0,25002000000.0,,117000000.0,,,,,,,,,1132000000.0,,,,,2412000000.0,132000000.0,55000000.0,-22000000.0,-2487000000.0,22000000.0,,2337000000.0,982000000.0,243000000.0
2016-12-31,17072000000.0,,,,,15704000000.0,1368000000.0,,1184000000.0,404000000.0,780000000.0,2.68,2.64,290900000.0,295700000.0,858000000.0,,,,,,62000000.0,3371000000.0,,2335000000.0,7598000000.0,9270000000.0,477000000.0,24140000000.0,,1111000000.0,,5147000000.0,,,,1744000000.0,,6501000000.0,-497000000.0,5357000000.0,24140000000.0,,212000000.0,104000000.0,,,,,,,,1582000000.0,,,,,2412000000.0,199000000.0,80000000.0,-29000000.0,-2409000000.0,34000000.0,32000000.0,1589000000.0,762000000.0,293000000.0
2017-03-31,5561000000.0,,,,,5024000000.0,537000000.0,,485000000.0,120000000.0,365000000.0,0.95,0.94,384900000.0,390000000.0,738000000.0,,,,,,,3121000000.0,,2109000000.0,7802000000.0,,439000000.0,23925000000.0,,1271000000.0,,5223000000.0,,,,1820000000.0,,6750000000.0,-312000000.0,5168000000.0,23925000000.0,,48000000.0,,,,,,,,,526000000.0,,,,,,48000000.0,54000000.0,4000000.0,184000000.0,2000000.0,,-830000000.0,-120000000.0,37000000.0
2017-06-30,11356000000.0,,,,,10199000000.0,1157000000.0,,1077000000.0,298000000.0,779000000.0,2.04,2.02,381700000.0,386500000.0,498000000.0,,,,,,,2830000000.0,,2102000000.0,8582000000.0,,442000000.0,23881000000.0,,1309000000.0,,5363000000.0,,,,1911000000.0,,7040000000.0,-156000000.0,4901000000.0,23881000000.0,,95000000.0,,,,,,,,,1302000000.0,,,,,,104000000.0,91000000.0,16000000.0,233000000.0,3000000.0,,-1895000000.0,-360000000.0,201000000.0
2017-09-30,17019000000.0,,,,,15230000000.0,1789000000.0,,1657000000.0,486000000.0,1171000000.0,3.09,3.06,378500000.0,383200000.0,508000000.0,,,,,,,2944000000.0,,1894000000.0,9182000000.0,,400000000.0,24236000000.0,,1385000000.0,,5608000000.0,,,,2094000000.0,,7310000000.0,-49000000.0,4512000000.0,24236000000.0,,139000000.0,,,,,,,,,1916000000.0,,,,,0.0,155000000.0,129000000.0,14000000.0,190000000.0,4000000.0,,-2456000000.0,-350000000.0,413000000.0
2017-12-31,22894000000.0,,,,,20535000000.0,2359000000.0,,2836000000.0,1464000000.0,1372000000.0,3.66,3.61,375200000.0,379900000.0,383000000.0,,,,575000000.0,,,2747000000.0,,1793000000.0,9207000000.0,8805000000.0,421000000.0,23948000000.0,,1541000000.0,,6010000000.0,,,,2887000000.0,,7391000000.0,-17000000.0,3731000000.0,23948000000.0,,181000000.0,-119000000.0,,,,,,,,2436000000.0,,,,,0.0,240000000.0,189000000.0,63000000.0,1020000000.0,6000000.0,,-3931000000.0,-475000000.0,636000000.0
2018-03-31,5006000000.0,,,,,4506000000.0,500000000.0,,502000000.0,104000000.0,398000000.0,1.11,1.09,358400000.0,363300000.0,701000000.0,,,,,,,3152000000.0,,1791000000.0,9270000000.0,,604000000.0,24484000000.0,,1314000000.0,,6469000000.0,,,,2283000000.0,,7898000000.0,141000000.0,3566000000.0,24484000000.0,,42000000.0,,,,,,,,,675000000.0,,,,,,64000000.0,,-12000000.0,49000000.0,4000000.0,,-410000000.0,314000000.0,88000000.0
2018-06-30,10352000000.0,,,,,9112000000.0,1240000000.0,,1298000000.0,290000000.0,1008000000.0,2.83,2.8,355900000.0,360300000.0,366000000.0,,,,,,,2817000000.0,,1958000000.0,9103000000.0,,596000000.0,23844000000.0,,1101000000.0,,5904000000.0,,,,2198000000.0,,8363000000.0,-244000000.0,2841000000.0,23844000000.0,,93000000.0,,,,,,,,,1129000000.0,,,,,,388000000.0,,-50000000.0,114000000.0,4000000.0,,-1269000000.0,-26000000.0,489000000.0
2018-09-30,15401000000.0,,,,,13591000000.0,1810000000.0,,1866000000.0,375000000.0,1491000000.0,4.23,4.18,352800000.0,357100000.0,373000000.0,,,,,,,2803000000.0,,1967000000.0,9067000000.0,,611000000.0,23833000000.0,,1117000000.0,,6051000000.0,,,,2248000000.0,,8705000000.0,-309000000.0,2324000000.0,23833000000.0,,140000000.0,,,,,,,,,1824000000.0,,,,,,462000000.0,,-49000000.0,81000000.0,4000000.0,,-1921000000.0,-16000000.0,567000000.0
2018-12-31,20758000000.0,,,,,18392000000.0,2366000000.0,,2345000000.0,438000000.0,1907000000.0,5.45,5.38,350100000.0,354200000.0,316000000.0,,,,725000000.0,,,2706000000.0,,1956000000.0,9039000000.0,8380000000.0,587000000.0,23696000000.0,,963000000.0,,6437000000.0,,,,2372000000.0,,8982000000.0,-391000000.0,2225000000.0,23696000000.0,,184000000.0,-109000000.0,,,,,,,,2357000000.0,,,,,0.0,556000000.0,,10000000.0,-52000000.0,4000000.0,,-2374000000.0,-69000000.0,678000000.0
2019-03-31,5012000000.0,,,,,4502000000.0,510000000.0,,432000000.0,57000000.0,375000000.0,1.1,1.09,339600000.0,342800000.0,258000000.0,,,,,,,2735000000.0,,1961000000.0,9053000000.0,,537000000.0,24746000000.0,,1208000000.0,,5848000000.0,,,,2309000000.0,,9219000000.0,-360000000.0,1603000000.0,24746000000.0,,40000000.0,,,,,,,,,151000000.0,,,,,,66000000.0,,28000000.0,-88000000.0,5000000.0,,-123000000.0,-60000000.0,64000000.0
2019-06-30,10317000000.0,,,,,9398000000.0,919000000.0,,746000000.0,139000000.0,607000000.0,1.8,1.79,336700000.0,339600000.0,284000000.0,,,,,,,2869000000.0,,1945000000.0,9067000000.0,,573000000.0,24893000000.0,,1244000000.0,,5624000000.0,,,,2294000000.0,,9292000000.0,-326000000.0,1240000000.0,24893000000.0,,90000000.0,,,,,,,,,738000000.0,,,,,,142000000.0,,30000000.0,-174000000.0,6000000.0,,-604000000.0,-40000000.0,241000000.0
2019-09-30,15601000000.0,,,,,14075000000.0,1526000000.0,,1273000000.0,279000000.0,994000000.0,2.97,2.95,334400000.0,337200000.0,276000000.0,,,,,,,2900000000.0,,1960000000.0,8990000000.0,,599000000.0,24812000000.0,,1306000000.0,,5738000000.0,,,,2287000000.0,,9522000000.0,-504000000.0,838000000.0,24812000000.0,,138000000.0,,,,,,,,,1190000000.0,,,,,,235000000.0,,38000000.0,-243000000.0,7000000.0,,-1007000000.0,-60000000.0,376000000.0
2019-12-31,20972000000.0,,,,,19172000000.0,1800000000.0,,1599000000.0,326000000.0,1273000000.0,3.83,3.8,332700000.0,335500000.0,225000000.0,,,,1140000000.0,,,3127000000.0,,1904000000.0,9048000000.0,8641000000.0,595000000.0,25051000000.0,,1383000000.0,,6677000000.0,,,,2236000000.0,,9644000000.0,-361000000.0,703000000.0,25051000000.0,,187000000.0,-164000000.0,,,,,,,,1685000000.0,,,,,,653000000.0,,47000000.0,-284000000.0,7000000.0,,-1508000000.0,-107000000.0,526000000.0
2020-03-31,4681000000.0,,,,,4567000000.0,114000000.0,,19000000.0,-12000000.0,31000000.0,0.1,0.09,325400000.0,327400000.0,1760000000.0,,,,,,,4049000000.0,,1854000000.0,8901000000.0,,616000000.0,25549000000.0,,1263000000.0,,6516000000.0,,,,2270000000.0,,9504000000.0,-739000000.0,-20000000.0,25549000000.0,,41000000.0,,,,,,,,,514000000.0,,,,,,59000000.0,,8000000.0,165000000.0,0.0,,850000000.0,1529000000.0,59000000.0
2020-06-30,6145000000.0,,,,,6185000000.0,-154000000.0,,-298000000.0,-76000000.0,-234000000.0,-0.72,-0.72,325600000.0,325600000.0,2283000000.0,,,,,,,4113000000.0,,1818000000.0,8962000000.0,,650000000.0,25680000000.0,,1303000000.0,,6118000000.0,,,,2292000000.0,,9270000000.0,-608000000.0,-79000000.0,25680000000.0,,91000000.0,,,,,,,,,1505000000.0,,,,,,79000000.0,,12000000.0,141000000.0,0.0,,401000000.0,2047000000.0,72000000.0
2020-09-30,8399000000.0,,,,,8187000000.0,252000000.0,,-152000000.0,-49000000.0,-103000000.0,-0.32,-0.32,325900000.0,326800000.0,1577000000.0,,,,,,,3540000000.0,,1790000000.0,9035000000.0,,599000000.0,25148000000.0,,1450000000.0,,6006000000.0,,,,2223000000.0,,9370000000.0,-446000000.0,229000000.0,25148000000.0,,143000000.0,,,,,,,,,1623000000.0,,,,,,97000000.0,,22000000.0,111000000.0,0.0,,-397000000.0,1337000000.0,240000000.0
2020-12-31,10571000000.0,,,,,10487000000.0,84000000.0,,-466000000.0,-199000000.0,-267000000.0,-0.82,-0.82,325800000.0,325800000.0,877000000.0,,,,166000000.0,,,2825000000.0,,1514000000.0,9175000000.0,8989000000.0,616000000.0,24701000000.0,,1452000000.0,,5752000000.0,,,,2366000000.0,,9206000000.0,-135000000.0,430000000.0,24701000000.0,,201000000.0,-309000000.0,,,,,,,,1639000000.0,,,,,,135000000.0,,57000000.0,35000000.0,0.0,,-1033000000.0,641000000.0,279000000.0
2021-03-31,2316000000.0,,,,,2232000000.0,84000000.0,,-27000000.0,-16000000.0,-11000000.0,-0.03,-0.03,326700000.0,326700000.0,628000000.0,,,,,,,2672000000.0,,1482000000.0,9107000000.0,,630000000.0,24369000000.0,,1400000000.0,,5914000000.0,,,,2344000000.0,,9195000000.0,-290000000.0,234000000.0,24369000000.0,,53000000.0,,,,,,,,,27000000.0,,,,,,30000000.0,,7000000.0,-29000000.0,2000000.0,,-250000000.0,-252000000.0,33000000.0
2021-06-30,5465000000.0,,,,,4895000000.0,570000000.0,,381000000.0,-57000000.0,422000000.0,1.29,1.28,327100000.0,329100000.0,664000000.0,,,,,,,2799000000.0,,1490000000.0,9142000000.0,,627000000.0,24504000000.0,,1211000000.0,,6121000000.0,,,,2166000000.0,,9618000000.0,-194000000.0,796000000.0,24504000000.0,,96000000.0,,,,,,,-230000000.0,,126000000.0,,,,,,70000000.0,,12000000.0,-72000000.0,2000000.0,,-269000000.0,-215000000.0,220000000.0
2021-09-30,9411000000.0,,,,,8296000000.0,1115000000.0,,632000000.0,58000000.0,631000000.0,1.93,1.92,327300000.0,329300000.0,772000000.0,,,,,,,2990000000.0,,1496000000.0,9084000000.0,,627000000.0,24506000000.0,,1289000000.0,,6019000000.0,,,,2137000000.0,,9838000000.0,-332000000.0,918000000.0,24506000000.0,,138000000.0,,,,,,,-299000000.0,,745000000.0,,,,,,114000000.0,,3000000.0,-81000000.0,2000000.0,,-761000000.0,-97000000.0,293000000.0
2021-12-31,13857000000.0,,,,,12107000000.0,1750000000.0,,1180000000.0,81000000.0,1099000000.0,3.36,3.34,327200000.0,329300000.0,1393000000.0,,,,59000000.0,,,3626000000.0,,1503000000.0,9073000000.0,8926000000.0,604000000.0,25553000000.0,,1167000000.0,,6407000000.0,,,,2002000000.0,,10305000000.0,-342000000.0,1414000000.0,25553000000.0,,182000000.0,118000000.0,,,,,,,,1177000000.0,,,,,,183000000.0,,43000000.0,-187000000.0,2000000.0,,-463000000.0,527000000.0,362000000.0
2022-03-31,4199000000.0,,,,,3641000000.0,558000000.0,,476000000.0,99000000.0,377000000.0,1.15,1.14,328300000.0,330000000.0,1042000000.0,,,,,,,3418000000.0,,1531000000.0,9069000000.0,,575000000.0,25238000000.0,,1276000000.0,,6422000000.0,,,,1977000000.0,,10682000000.0,-328000000.0,1772000000.0,25238000000.0,,44000000.0,,,,,,,,,398000000.0,,,,,,49000000.0,,-19000000.0,-23000000.0,0.0,,-729000000.0,-354000000.0,38000000.0
2022-06-30,9537000000.0,,,,,8029000000.0,1508000000.0,,1354000000.0,299000000.0,1055000000.0,3.21,3.2,328300000.0,329800000.0,546000000.0,,,,,,,3106000000.0,,1532000000.0,8920000000.0,,572000000.0,24615000000.0,,1336000000.0,,6853000000.0,,,,1875000000.0,,11262000000.0,-651000000.0,1772000000.0,24615000000.0,,96000000.0,,,,,,,,,1048000000.0,,,,,,119000000.0,,-22000000.0,-91000000.0,0.0,,-1811000000.0,-854000000.0,125000000.0
2022-09-30,14850000000.0,,,,,12384000000.0,2466000000.0,,2223000000.0,538000000.0,1685000000.0,5.15,5.13,327000000.0,328400000.0,1045000000.0,,,,,,,3684000000.0,,1509000000.0,8765000000.0,,559000000.0,24763000000.0,,1454000000.0,,7112000000.0,,,,1811000000.0,,11795000000.0,-990000000.0,1063000000.0,24763000000.0,,144000000.0,,,,,,,,,1922000000.0,,,,,,192000000.0,,-53000000.0,-137000000.0,0.0,,-2138000000.0,-353000000.0,341000000.0
2022-12-31,20773000000.0,,,,,17311000000.0,3462000000.0,,3114000000.0,756000000.0,2358000000.0,7.27,7.24,324400000.0,325800000.0,507000000.0,,,,953000000.0,,,3313000000.0,,1585000000.0,8872000000.0,8747000000.0,584000000.0,24815000000.0,,1296000000.0,,7339000000.0,,,,1842000000.0,,12342000000.0,-729000000.0,568000000.0,24815000000.0,,192000000.0,155000000.0,,,,,,,,2363000000.0,,,,,,332000000.0,,-31000000.0,-297000000.0,0.0,,-2962000000.0,-896000000.0,476000000.0
2023-03-31,5615000000.0,,,,,4664000000.0,951000000.0,,844000000.0,87000000.0,757000000.0,2.44,2.43,309600000.0,311000000.0,554000000.0,,,,,,,3264000000.0,,1595000000.0,8904000000.0,,584000000.0,24863000000.0,,1481000000.0,,6969000000.0,,,,1711000000.0,,12975000000.0,-647000000.0,140000000.0,24863000000.0,,37000000.0,,,,,,,,,887000000.0,,,,,,95000000.0,,-6000000.0,-59000000.0,,,-782000000.0,46000000.0,68000000.0
2023-06-30,11690000000.0,,,,,9643000000.0,2047000000.0,,1808000000.0,325000000.0,1483000000.0,4.84,4.81,306600000.0,308000000.0,563000000.0,,,,,,,3444000000.0,,1560000000.0,8850000000.0,,582000000.0,25087000000.0,,1492000000.0,,7520000000.0,,,,1652000000.0,,13544000000.0,-716000000.0,-224000000.0,25087000000.0,,93000000.0,,,,,,,,,1538000000.0,,,,,,194000000.0,,-37000000.0,-243000000.0,,,-1241000000.0,54000000.0,406000000.0
2023-09-30,17618000000.0,,,,,14472000000.0,3146000000.0,,2797000000.0,562000000.0,2235000000.0,7.36,7.32,303900000.0,305300000.0,717000000.0,,,,,,,3682000000.0,,1572000000.0,8795000000.0,,578000000.0,25267000000.0,,1487000000.0,,7677000000.0,,,,1622000000.0,,14142000000.0,-849000000.0,-661000000.0,25267000000.0,,147000000.0,,,,,,,,,2419000000.0,,,,,,318000000.0,,-38000000.0,-363000000.0,29000000.0,,-1838000000.0,218000000.0,669000000.0
2023-12-31,23713000000.0,,,,,19849000000.0,3864000000.0,,3378000000.0,295000000.0,3083000000.0,10.23,10.18,301500000.0,302900000.0,338000000.0,,,,464000000.0,,,3311000000.0,,1581000000.0,8886000000.0,9190000000.0,658000000.0,25674000000.0,,1753000000.0,,7762000000.0,,,,1482000000.0,,14838000000.0,-647000000.0,-682000000.0,25674000000.0,,205000000.0,-543000000.0,,,,,,,,3170000000.0,,,,,,452000000.0,,-33000000.0,-465000000.0,29000000.0,,-2864000000.0,-159000000.0,907000000.0
2024-03-31,5977000000.0,,,,,5101000000.0,876000000.0,,727000000.0,163000000.0,564000000.0,1.94,1.93,290400000.0,291600000.0,429000000.0,,,,,,,3450000000.0,,1570000000.0,8815000000.0,,661000000.0,25756000000.0,,2057000000.0,,8170000000.0,,,,1503000000.0,,15251000000.0,-794000000.0,-1616000000.0,25756000000.0,,53000000.0,,,,,,,,,779000000.0,,,,,,109000000.0,,-6000000.0,-95000000.0,33000000.0,,-602000000.0,82000000.0,58000000.0
2024-06-30,12416000000.0,,,,,10345000000.0,2071000000.0,,1767000000.0,431000000.0,1336000000.0,4.64,4.62,288100000.0,289100000.0,349000000.0,,,,,,,3500000000.0,,1558000000.0,8783000000.0,,667000000.0,25740000000.0,,1978000000.0,,8283000000.0,,,,1327000000.0,,15844000000.0,-905000000.0,-2091000000.0,25740000000.0,,110000000.0,,,,,,,,,1551000000.0,,,,,,234000000.0,,-8000000.0,-225000000.0,33000000.0,,-1322000000.0,4000000.0,433000000.0
2024-09-30,18671000000.0,,,,,15656000000.0,3015000000.0,,2553000000.0,633000000.0,1920000000.0,6.71,6.69,285900000.0,286900000.0,394000000.0,,,,,,,3573000000.0,,1624000000.0,8890000000.0,,666000000.0,26209000000.0,,2061000000.0,,8518000000.0,,,,1392000000.0,,16251000000.0,-714000000.0,-2421000000.0,26209000000.0,,173000000.0,,,,,,,,,2431000000.0,,,,,,408000000.0,,-15000000.0,-389000000.0,73000000.0,,-1992000000.0,50000000.0,729000000.0
