Date,Net sales,Cost of sales,Gross margin,Research and development,"Selling, general and administrative",Total operating expenses,Operating income,"Other income/(expense), net",Income before provision for income taxes,Provision for income taxes,Net income,Earnings per share basic,Earnings per share diluted,Weighted-average basic,Weighted-average diluted,Cash and cash equivalents,Short-term marketable securities,"Accounts receivable, net",Inventories,Deferred tax assets,Vendor non-trade receivables,Other current assets,Total current assets,Long-term marketable securities,"Property, Plant and Equipment, Net",Goodwill,"Acquired intangible assets, net","Other Assets, Noncurrent",Total assets,accounts payable,Accrued expenses,Deferred revenue,Total current liabilities,Deferred revenue - non-current,deferred tax liabilities,long term taxes payable,Total other non-current liabilities,Total liabilities,Retained Earnings (Accumulated Deficit),Accumulated other comprehensive (loss)/income,Total shareholders equity,Total liabilities and shareholders' equity,"Depreciation, amortization and accretion",Stock-based compensation expense,Deferred income tax expense,"Increase (Decrease) in Accounts receivable, net",Increase (Decrease) in Inventories,Increase (Decrease) in Other Receivables,Increase (Decrease) in Other Operating Assets,Increase (Decrease) in Accounts Payable,Increase (Decrease) in Deferred Revenue,Increase (Decrease) Other liabilities,Cash generated by operating activities,Purchases of marketable securities,Proceeds from maturities of marketable securities,Proceeds from sales of marketable securities,Purchases of other long-term investments,"Business acquisitions, net of cash acquired",Cash payments for capital asset purchases,Payments for acquisition of intangible assets,Payments for (Proceeds from) Other Investing Activities,Cash used in investing activities,Proceeds from issuance of common stock,Excess tax benefits from stock-based compensation,Cash generated/used in financing activities,Increase/(decrease) in cash and cash equivalents,"Cash paid for income taxes, net"
2009-12-31,22744700000.0,,,,2234200000.0,15903700000.0,6841000000.0,24300000.0,,1936000000.0,4551000000.0,4.17,4.11,1092200000.0,1107400000.0,1796000000.0,,,106200000.0,,,,3416300000.0,,21531500000.0,2425200000.0,,1639200000.0,30224900000.0,636000000.0,1659000000.0,,2988700000.0,,1278900000.0,,1363100000.0,,31270800000.0,747400000.0,14033900000.0,30224900000.0,,112900000.0,203000000.0,42000000.0,,,,-2200000.0,,,5751000000.0,,,,,,145700000.0,,108400000.0,-1655300000.0,,73600000.0,-4421000000.0,-267400000.0,
2010-03-31,5610100000.0,,,,546300000.0,3936000000.0,1674100000.0,-6200000.0,,467100000.0,1089800000.0,1.01,1.0,1076000000.0,1090100000.0,2007300000.0,,,99300000.0,,,,3472300000.0,,21070000000.0,2471100000.0,,1655000000.0,29825600000.0,472100000.0,1304500000.0,,2569300000.0,,1248300000.0,,1408600000.0,,31769300000.0,512900000.0,14116800000.0,29825600000.0,,25900000.0,-6300000.0,,,,,,,,1422700000.0,,,,,,401800000.0,,23400000.0,-390400000.0,,40900000.0,-808400000.0,211300000.0,
2010-06-30,11555600000.0,,,,1111200000.0,8036200000.0,3519400000.0,-8100000.0,,976600000.0,2315600000.0,2.16,2.13,1074100000.0,1088100000.0,1665500000.0,,,94400000.0,,,,3166500000.0,,20293000000.0,2413900000.0,,1589500000.0,28675400000.0,578000000.0,1246200000.0,,2582800000.0,,1244700000.0,,1424800000.0,,32406700000.0,-278900000.0,13131800000.0,28675400000.0,,44700000.0,-6600000.0,,,,,,,,2671400000.0,,,,,,796300000.0,,55500000.0,-781100000.0,,63700000.0,-1930700000.0,-341800000.0,
2010-09-30,17860500000.0,,,,1667500000.0,12244600000.0,5615900000.0,-15300000.0,,1562700000.0,3704000000.0,3.46,3.42,1069700000.0,1083900000.0,2495000000.0,,,103600000.0,,,,4176500000.0,,21477500000.0,2521500000.0,,1697100000.0,31168500000.0,596500000.0,1419600000.0,,3266300000.0,,1336900000.0,,1570400000.0,,32568900000.0,703800000.0,13637800000.0,31168500000.0,,64700000.0,12100000.0,,,,,,,,4615800000.0,,,,,,1319400000.0,,64700000.0,-1227100000.0,,92600000.0,-2718600000.0,829500000.0,
2010-12-31,24074600000.0,,,,2333300000.0,16601500000.0,7473100000.0,-21900000.0,,2054000000.0,4946300000.0,4.64,4.58,1066000000.0,1080300000.0,2387000000.0,,,109900000.0,546800000.0,,,4368500000.0,,22060600000.0,2586100000.0,,1624700000.0,31975200000.0,943900000.0,,,2924700000.0,,1332400000.0,,1586900000.0,,33811700000.0,752900000.0,14634200000.0,31975200000.0,,83100000.0,-75700000.0,50100000.0,,,,-39800000.0,,,6341600000.0,,,,,,183400000.0,,115000000.0,-2056000000.0,,128700000.0,-3728700000.0,591000000.0,
2011-03-31,6111600000.0,,,,563600000.0,4285700000.0,1825900000.0,-6900000.0,,489900000.0,1209000000.0,1.16,1.15,1042400000.0,1054600000.0,1939900000.0,,,111500000.0,,,,3824200000.0,,22644800000.0,2669600000.0,,1624100000.0,32080200000.0,700900000.0,,,4254100000.0,,1303700000.0,,1544500000.0,,34386200000.0,1254200000.0,14453600000.0,32080200000.0,,24000000.0,-13000000.0,,,,,,,,1553100000.0,,,,,,508700000.0,,1700000.0,-519200000.0,,21800000.0,-1512300000.0,-447100000.0,
2011-06-30,13017000000.0,,,,1151600000.0,9002000000.0,4015000000.0,-7800000.0,,1146100000.0,2619200000.0,2.52,2.49,1039000000.0,1051400000.0,2070000000.0,,,115000000.0,,,,4025400000.0,,23015800000.0,2725400000.0,,1710800000.0,32833000000.0,709900000.0,,,3948800000.0,,1320400000.0,,1548200000.0,,35165000000.0,1544400000.0,14952800000.0,32833000000.0,,44100000.0,38700000.0,,,,,,,,3195900000.0,,,,,,1099100000.0,,71900000.0,-972300000.0,,57400000.0,-2637700000.0,-317000000.0,
2011-09-30,20183300000.0,,,,1732500000.0,13773600000.0,6409700000.0,-15300000.0,,1902000000.0,4126500000.0,3.98,3.94,1035500000.0,1048200000.0,2388800000.0,,,115000000.0,,,,4421900000.0,,22337900000.0,2638400000.0,,1487200000.0,32277500000.0,750100000.0,,,5078200000.0,,1352200000.0,,1520800000.0,,35329800000.0,548500000.0,13338200000.0,32277500000.0,,65300000.0,185400000.0,,,,,,,,5365500000.0,,,,,,1791400000.0,,133500000.0,-1672100000.0,,83200000.0,-3616000000.0,318800000.0,
2011-12-31,27006000000.0,,,,2393700000.0,18476300000.0,8529700000.0,-24700000.0,,2509100000.0,5503100000.0,5.33,5.27,1032100000.0,1044900000.0,2335700000.0,,,116800000.0,660100000.0,,,4403000000.0,,22834500000.0,2653200000.0,,1672200000.0,32989900000.0,961300000.0,,,3509200000.0,,1344100000.0,,1612600000.0,,36707500000.0,449700000.0,14390200000.0,32989900000.0,,86200000.0,188400000.0,160800000.0,,,,35800000.0,,,7150100000.0,,,,,,186400000.0,,166100000.0,-2570900000.0,,112500000.0,-4533000000.0,-51300000.0,
2012-03-31,6546600000.0,,,,592500000.0,4582000000.0,1964600000.0,11800000.0,,580800000.0,1266700000.0,1.24,1.23,1018200000.0,1030000000.0,2289100000.0,,,111700000.0,,,,4254800000.0,,23304500000.0,2719100000.0,,1689800000.0,33334200000.0,708300000.0,,,3646400000.0,,1396200000.0,,1575400000.0,,37262500000.0,799200000.0,14660500000.0,33334200000.0,,26500000.0,22600000.0,,,,,,,,1633500000.0,,,,,,588400000.0,,18700000.0,-597400000.0,,46700000.0,-1131400000.0,-46600000.0,
2012-06-30,13462500000.0,,,,1209800000.0,9342900000.0,4119600000.0,-15100000.0,,1243700000.0,2613700000.0,2.57,2.54,1016000000.0,1027100000.0,2484600000.0,,,111700000.0,,,,4500100000.0,,23067800000.0,2680700000.0,,1672700000.0,33332400000.0,823400000.0,,,3622300000.0,,1406500000.0,,1548100000.0,,37900800000.0,284800000.0,14035100000.0,33332400000.0,,47700000.0,35400000.0,,,,,,,,3116600000.0,,,,,,1300400000.0,,45500000.0,-1283000000.0,,68600000.0,-1625100000.0,195500000.0,
2012-09-30,20614900000.0,,,,1830700000.0,14208100000.0,6406800000.0,-8800000.0,,1942300000.0,4068700000.0,4.02,3.98,1012700000.0,1023300000.0,2178500000.0,,,109100000.0,,,,4207900000.0,,23751700000.0,2744200000.0,,1660400000.0,33824500000.0,833600000.0,,,4151300000.0,,1480000000.0,,1557100000.0,,37882500000.0,609500000.0,13884100000.0,33824500000.0,,70200000.0,119700000.0,,,,,,,,5116000000.0,,,,,,2053600000.0,,63800000.0,-2006700000.0,,101600000.0,-3243200000.0,-306100000.0,
2012-12-31,27567000000.0,,,,2455200000.0,18962400000.0,8604600000.0,-9000000.0,,2614200000.0,5464800000.0,5.41,5.36,1010100000.0,1020200000.0,2336100000.0,,,121700000.0,-861500000.0,,,4922100000.0,,24677200000.0,2804000000.0,,1602700000.0,35386500000.0,1141900000.0,,,3403100000.0,,1531100000.0,,1526200000.0,,39278000000.0,796400000.0,15293600000.0,35386500000.0,,93400000.0,134500000.0,29400000.0,,,,124100000.0,,,6966100000.0,,,,,,158500000.0,,354300000.0,-3167300000.0,,142300000.0,-3849800000.0,400000.0,
2013-03-31,6605300000.0,,,,596500000.0,4655800000.0,1949500000.0,-4600000.0,,546600000.0,1270200000.0,1.27,1.26,1002700000.0,1010800000.0,1869300000.0,,,105200000.0,,,,4191200000.0,,24290100000.0,2789500000.0,,1562600000.0,34123800000.0,831600000.0,,,3017100000.0,,1638400000.0,,1442200000.0,,39776400000.0,393800000.0,15228200000.0,34123800000.0,,22800000.0,22800000.0,,,,,,,,1686900000.0,,,,,,634200000.0,,-64200000.0,-524500000.0,,52400000.0,-1568900000.0,-466800000.0,
2013-06-30,13689100000.0,,,,1203500000.0,9541900000.0,4147200000.0,-12600000.0,,1210000000.0,2666700000.0,2.66,2.64,1002100000.0,1009900000.0,2278400000.0,,,107800000.0,,,,4632100000.0,,24280400000.0,2778600000.0,,1522500000.0,34453400000.0,805200000.0,,,2805000000.0,,1610800000.0,,1497100000.0,,40402400000.0,29200000.0,15170700000.0,34453400000.0,,46200000.0,-28100000.0,,,,,,,,3196700000.0,,,,,,1233600000.0,,-103400000.0,-1080600000.0,,73200000.0,-2093900000.0,409100000.0,
2013-09-30,21012500000.0,,,,1757800000.0,14448600000.0,6563900000.0,-26200000.0,,1960400000.0,4188900000.0,4.19,4.16,1000500000.0,1008200000.0,2544300000.0,,,113100000.0,,,,4734100000.0,,25081500000.0,2853800000.0,,1619400000.0,35551300000.0,858300000.0,,,3822300000.0,,1520300000.0,,1556000000.0,,40354600000.0,516600000.0,15164900000.0,35551300000.0,,68900000.0,18700000.0,,,,,,,,5247200000.0,,,,,,1920700000.0,,-127800000.0,-1666200000.0,,82100000.0,-3395500000.0,265900000.0,
2013-12-31,28105700000.0,,,,2385600000.0,19341400000.0,8764300000.0,-37900000.0,,2618600000.0,5585900000.0,5.59,5.55,998400000.0,1006000000.0,2798700000.0,,,123700000.0,-924200000.0,,,5050100000.0,,25747300000.0,2872700000.0,,1747100000.0,36626300000.0,1086000000.0,,,3170000000.0,,1647700000.0,,1669100000.0,,41751200000.0,427600000.0,16009700000.0,36626300000.0,,89100000.0,25200000.0,-56200000.0,,,,-60700000.0,,,7120700000.0,,,,,,181000000.0,,108200000.0,-2673800000.0,,92600000.0,-4043000000.0,462600000.0,
2014-03-31,6700300000.0,,,,620400000.0,4764300000.0,1936000000.0,-17200000.0,,578500000.0,1204800000.0,1.22,1.21,989600000.0,995900000.0,2743800000.0,,,106200000.0,,,,4836300000.0,,25650000000.0,2891500000.0,,1767500000.0,36369100000.0,828100000.0,,,3101200000.0,,1588200000.0,,1706600000.0,,42154700000.0,444300000.0,16147700000.0,36369100000.0,,25300000.0,-24000000.0,,,,,,,,1907300000.0,,,,,,568800000.0,,118100000.0,-608200000.0,,35000000.0,-1355100000.0,-54900000.0,
2014-06-30,13882000000.0,,,,1249600000.0,9757000000.0,4125000000.0,20400000.0,,1262900000.0,2591900000.0,2.62,2.61,988500000.0,994600000.0,3670600000.0,,,110700000.0,,,,5913700000.0,,25877300000.0,2902300000.0,,1855700000.0,37780600000.0,965100000.0,,,3391700000.0,,1574300000.0,,1768300000.0,,42741500000.0,551900000.0,16154900000.0,37780600000.0,,51800000.0,-38800000.0,,,,,,,,3394300000.0,,,,,,1158400000.0,,222800000.0,-1223300000.0,,56500000.0,-1304100000.0,926800000.0,
2014-09-30,20869100000.0,,,,1825400000.0,14671600000.0,6197500000.0,-2100000.0,,2115600000.0,3660300000.0,3.72,3.69,985200000.0,991100000.0,2825800000.0,,,105000000.0,,,,5210400000.0,,24985300000.0,2811200000.0,,1907500000.0,36020800000.0,847300000.0,,,4179600000.0,,1523200000.0,,2175200000.0,,42201800000.0,-596300000.0,13625900000.0,36020800000.0,,75100000.0,-142800000.0,,,,,,,,5227200000.0,,,,,,1817300000.0,,418400000.0,-2005900000.0,,67500000.0,-2846500000.0,-844800000.0,
2014-12-31,27441300000.0,,,,2487900000.0,19492100000.0,7949200000.0,-6700000.0,,2614200000.0,4757800000.0,4.85,4.82,980500000.0,986300000.0,2077900000.0,,,110000000.0,-1012000000.0,,,4185500000.0,,24557500000.0,2735300000.0,,1798600000.0,34281400000.0,860100000.0,,,2747900000.0,,1624500000.0,,2065900000.0,,43294500000.0,-1519700000.0,12853400000.0,34281400000.0,,112800000.0,-90700000.0,-27000000.0,,,,-74700000.0,,,6730300000.0,,,,,,170500000.0,,40900000.0,-2304900000.0,,70900000.0,-4618300000.0,-720800000.0,
2015-03-31,5958900000.0,,,,582800000.0,4573400000.0,1385500000.0,15900000.0,,442600000.0,811500000.0,0.84,0.84,960600000.0,965500000.0,1634800000.0,,,98800000.0,,,,3592800000.0,,23301700000.0,2593500000.0,,1767100000.0,32155600000.0,702000000.0,,,2751900000.0,,1711000000.0,,1997600000.0,,43290000000.0,-2482000000.0,11403300000.0,32155600000.0,,20000000.0,12500000.0,,,,,,,,1699500000.0,,,,,,392600000.0,,4200000.0,-349200000.0,,19400000.0,-1593300000.0,-443100000.0,
2015-06-30,12456600000.0,,,,1175200000.0,9221800000.0,3234800000.0,28200000.0,,952600000.0,2013900000.0,2.1,2.09,956900000.0,961700000.0,3998500000.0,,,102300000.0,,,,5972200000.0,,23691200000.0,2627500000.0,,1796700000.0,34947900000.0,840100000.0,,,2760800000.0,,1612200000.0,,2112400000.0,,43681600000.0,-2110000000.0,10560900000.0,34947900000.0,,47700000.0,15300000.0,,,,,,,,3213000000.0,,,,,,808500000.0,,-18400000.0,-695700000.0,,25400000.0,1087600000.0,2363700000.0,
2015-09-30,19071700000.0,,,,1759200000.0,13806600000.0,5265100000.0,37200000.0,,1521800000.0,3323100000.0,3.51,3.49,947900000.0,952700000.0,2452500000.0,,,99300000.0,,,,4492600000.0,,23239400000.0,2581600000.0,,1799200000.0,32959500000.0,802600000.0,,,2956500000.0,,1631000000.0,,2071700000.0,,44202000000.0,-2607500000.0,8309800000.0,32959500000.0,,76700000.0,15200000.0,,,,,,,,5160400000.0,,,,,,1221200000.0,,44000000.0,-1114200000.0,,30000000.0,-3484300000.0,-1546000000.0,
2015-12-31,25413000000.0,,,,2434300000.0,18267500000.0,7145500000.0,48500000.0,,2026400000.0,4529300000.0,4.82,4.8,939400000.0,944600000.0,7685500000.0,,,100100000.0,,,,9643000000.0,,23117600000.0,2516300000.0,,1869100000.0,37938700000.0,874700000.0,,,2950400000.0,,1704300000.0,,2074000000.0,,44594500000.0,-2879800000.0,7087900000.0,37938700000.0,,110000000.0,-1400000.0,180600000.0,,,,-15000000.0,,,6539100000.0,,,,,,140600000.0,,19700000.0,-1420000000.0,,51100000.0,735300000.0,5607600000.0,
2016-03-31,5903900000.0,,,,578000000.0,4123600000.0,1780300000.0,14400000.0,,477800000.0,1098600000.0,1.24,1.23,888900000.0,894900000.0,3310100000.0,,,93700000.0,,,,5051600000.0,,23421800000.0,2569800000.0,,1932100000.0,33795400000.0,654500000.0,,,2858700000.0,,1660300000.0,,2060800000.0,,44912400000.0,-2402600000.0,3863000000.0,33795400000.0,,40500000.0,31600000.0,,,,,,,,1719100000.0,,,,,,391800000.0,,11800000.0,-255900000.0,,26100000.0,-5952600000.0,-4375400000.0,
2016-06-30,12168900000.0,,,,1174100000.0,8530700000.0,3638200000.0,30600000.0,,1008900000.0,2217700000.0,2.53,2.51,876400000.0,883800000.0,3128000000.0,,,87400000.0,,,,5046600000.0,,22849900000.0,2498600000.0,,1899300000.0,33146500000.0,574600000.0,,,2667200000.0,,1621300000.0,,2208000000.0,,45272500000.0,-2674800000.0,640000000.0,33146500000.0,,67800000.0,-190300000.0,,,,,,,,2993600000.0,,,,,,37000000.0,,32700000.0,-459600000.0,,0.0,-7115500000.0,-4557500000.0,
2016-09-30,18593000000.0,,,,1757000000.0,12817500000.0,5775500000.0,19200000.0,,1638000000.0,3493100000.0,4.04,4.01,864700000.0,871800000.0,2266700000.0,,,90500000.0,,,,4302100000.0,,22985700000.0,2504700000.0,,1816400000.0,32486900000.0,852200000.0,,,4476700000.0,,1378800000.0,,2248500000.0,,45030000000.0,-2622600000.0,-1624100000.0,32486900000.0,,102100000.0,-374700000.0,,,,,,,,5244700000.0,,,,,,1149600000.0,,82400000.0,-810700000.0,,0.0,-9891200000.0,-5418800000.0,
2016-12-31,24621900000.0,,,,2384500000.0,16877400000.0,7744500000.0,6300000.0,,2179500000.0,4686500000.0,5.49,5.44,854400000.0,861200000.0,1223400000.0,,,58900000.0,,,,4848600000.0,,21257600000.0,2336500000.0,,1855300000.0,31023900000.0,756000000.0,,,3468300000.0,,1817100000.0,,2064300000.0,,46222700000.0,-3092900000.0,-2204300000.0,31023900000.0,,131300000.0,-538600000.0,159000000.0,,,,89800000.0,,,6059600000.0,,,,,,109500000.0,,109500000.0,-981600000.0,,0.0,-11262400000.0,-6288100000.0,
2017-03-31,5675900000.0,,,,521300000.0,3641900000.0,2034000000.0,-7900000.0,,592700000.0,1214800000.0,1.48,1.47,818800000.0,825200000.0,2412200000.0,,,56800000.0,,,,5907200000.0,,21214100000.0,2299200000.0,,1933300000.0,32120300000.0,678400000.0,,,3220700000.0,,1807200000.0,,2139000000.0,,46666900000.0,-2705000000.0,-2030800000.0,32120300000.0,,22700000.0,85900000.0,,,,,,,,1544000000.0,,,,,,3100000.0,,42200000.0,138100000.0,,,-587200000.0,1149600000.0,
2017-06-30,11725600000.0,,,,1046700000.0,7396500000.0,4329100000.0,-10700000.0,,1259000000.0,2609900000.0,3.2,3.17,815200000.0,822300000.0,2392400000.0,,,56700000.0,,,,5892500000.0,,21689300000.0,2345200000.0,,2078500000.0,32785200000.0,536000000.0,,,2743300000.0,,1661700000.0,,2229900000.0,,47300600000.0,-2486400000.0,-2000600000.0,32785200000.0,,44000000.0,150500000.0,,,,,,,,2757400000.0,,,,,,18100000.0,,138200000.0,-146800000.0,,,-1753700000.0,1148400000.0,
2017-09-30,17480200000.0,,,,1613700000.0,10071700000.0,7408500000.0,-33900000.0,,2194800000.0,4493600000.0,5.54,5.48,811800000.0,819400000.0,2671200000.0,,,54200000.0,,,,4790300000.0,,21978600000.0,2373300000.0,,2417600000.0,32559600000.0,685200000.0,,,3740200000.0,,1602100000.0,,2292300000.0,,47631500000.0,-2236700000.0,-3477600000.0,32559600000.0,,83500000.0,375600000.0,,,,,,,,4441900000.0,,,,,,38900000.0,,183900000.0,1174700000.0,,,-4563700000.0,1273800000.0,
2017-12-31,22820400000.0,,,,2231300000.0,13267700000.0,9552700000.0,-57900000.0,,3381200000.0,5192300000.0,6.43,6.37,807400000.0,815500000.0,2463800000.0,,,58800000.0,,,,5327200000.0,,22448300000.0,2379700000.0,,2562800000.0,33803700000.0,924800000.0,,,2890600000.0,,1119400000.0,2370900000.0,1154400000.0,,48325800000.0,-2178400000.0,-3268000000.0,33803700000.0,,117500000.0,-36400000.0,340700000.0,,,,-59700000.0,,,5551200000.0,,,,,,77000000.0,,245900000.0,562000000.0,,0.0,-5310800000.0,1066400000.0,
2018-03-31,5138900000.0,,,,533100000.0,2995800000.0,2143100000.0,-18400000.0,,512500000.0,1375400000.0,1.74,1.72,790900000.0,798700000.0,2468000000.0,,,53800000.0,,,,4909300000.0,,22704000000.0,2404800000.0,,2557400000.0,33722900000.0,779900000.0,,,2821400000.0,,979900000.0,2009500000.0,1154000000.0,,48396500000.0,-2146500000.0,-4718800000.0,33722900000.0,,39800000.0,29200000.0,,,,,,,,1645200000.0,,,,,,23700000.0,,41000000.0,-359100000.0,,,-1306200000.0,4200000.0,
2018-06-30,10492800000.0,,,,1075200000.0,6087400000.0,4405400000.0,-22400000.0,,1034300000.0,2871700000.0,3.66,3.62,785400000.0,793000000.0,1623500000.0,,,49600000.0,,,,4355600000.0,,22361200000.0,2347200000.0,,2516800000.0,32708400000.0,917900000.0,,,2970300000.0,,1173100000.0,1987000000.0,1134600000.0,,49106700000.0,-2435000000.0,-5851000000.0,32708400000.0,,63700000.0,83600000.0,,,,,,,,2984000000.0,,,,,,35300000.0,,104900000.0,-849900000.0,,,-2870400000.0,-844500000.0,
2018-09-30,15862200000.0,,,,1590400000.0,9039100000.0,6823100000.0,-31300000.0,,1555700000.0,4509000000.0,5.77,5.72,781200000.0,788500000.0,2574500000.0,,,41900000.0,,,,5553100000.0,,22613600000.0,2345000000.0,,2406500000.0,34053700000.0,932800000.0,,,3626700000.0,,1201800000.0,2376400000.0,1129200000.0,,49076200000.0,-2508300000.0,-6792600000.0,34053700000.0,,99700000.0,114700000.0,,,,,,,,5455100000.0,,,,,,75500000.0,,203000000.0,-1571200000.0,,,-3638400000.0,951000000.0,
2018-12-31,21025200000.0,,,,2200200000.0,12202600000.0,8822600000.0,-25300000.0,,1891800000.0,5924300000.0,7.61,7.54,778200000.0,785600000.0,866000000.0,,,51100000.0,,,,4053200000.0,,22842700000.0,2331500000.0,,2381000000.0,32811200000.0,1207900000.0,,,2973500000.0,627800000.0,1215500000.0,2081200000.0,1096300000.0,,50487000000.0,-2609500000.0,-6258400000.0,32811200000.0,,125100000.0,102600000.0,479400000.0,,,,129400000.0,,,6966700000.0,,,,,,101700000.0,,302900000.0,-2455100000.0,,,-5949600000.0,-1597800000.0,
2019-03-31,4955600000.0,,,,499100000.0,2861600000.0,2094000000.0,11400000.0,,502900000.0,1328400000.0,1.74,1.72,764900000.0,771600000.0,2289100000.0,,,40800000.0,,,,4964400000.0,,23283500000.0,2317800000.0,,2385500000.0,46466600000.0,823600000.0,,,3379600000.0,629800000.0,1331000000.0,2138300000.0,1017300000.0,,50928600000.0,-2520100000.0,-6550900000.0,46466600000.0,,31600000.0,54300000.0,,,,,,,,2020600000.0,,,,,,9000000.0,,401200000.0,-771300000.0,,,220700000.0,1423100000.0,
2019-06-30,10296900000.0,1077800000.0,,,1032200000.0,5929000000.0,4367900000.0,29500000.0,,993800000.0,2845300000.0,3.73,3.69,763300000.0,770200000.0,1134500000.0,,,44200000.0,,,,3915400000.0,,23504200000.0,2580500000.0,,2449600000.0,46199800000.0,796800000.0,,,3240000000.0,639600000.0,1358300000.0,2281800000.0,939200000.0,,51562500000.0,-2496600000.0,-6808800000.0,46199800000.0,,60500000.0,112300000.0,,,,,,,,3946100000.0,,,,,,393800000.0,,456100000.0,-1671300000.0,,,-2196100000.0,-1154600000.0,
2019-09-30,15727500000.0,1637300000.0,,,1575800000.0,8950300000.0,6777200000.0,53000000.0,,1538100000.0,4453200000.0,5.85,5.8,761100000.0,768100000.0,1177300000.0,,,42600000.0,,,,3604900000.0,,23325300000.0,2541800000.0,,2622000000.0,45805000000.0,849500000.0,,,4275600000.0,640100000.0,1560500000.0,2219600000.0,976500000.0,,51359500000.0,-2663100000.0,-8599200000.0,45805000000.0,,90100000.0,190800000.0,,,,,,,,6232800000.0,,,,,,434800000.0,,529700000.0,-2264100000.0,,,-3553000000.0,311300000.0,
2019-12-31,21076500000.0,,,,2229400000.0,12006700000.0,9069800000.0,70200000.0,,1992700000.0,6025400000.0,7.95,7.88,758100000.0,764900000.0,898500000.0,,,50200000.0,,,,3557900000.0,,24160000000.0,2677400000.0,,2584000000.0,47510800000.0,988200000.0,,,3621000000.0,660600000.0,1318100000.0,2265900000.0,979600000.0,,52930500000.0,-2482700000.0,-8210300000.0,47510800000.0,,109600000.0,149700000.0,-27000000.0,,,,-26800000.0,,,8122100000.0,,,,,,540900000.0,,628500000.0,-3071100000.0,,,-4994800000.0,32500000.0,
2020-03-31,4714400000.0,554200000.0,,,,3020800000.0,1693600000.0,31300000.0,,338000000.0,1106900000.0,1.49,1.47,744800000.0,750700000.0,5379800000.0,,,39100000.0,,,,7556900000.0,,23595900000.0,2627400000.0,,2481400000.0,50568000000.0,671900000.0,,,3987800000.0,655000000.0,,2158100000.0,893900000.0,,53106700000.0,-2996400000.0,-9293400000.0,50568000000.0,73500000.0,25900000.0,276400000.0,,,,,,,,1546000000.0,,,,,,482500000.0,,57800000.0,-518400000.0,,,3533000000.0,4481300000.0,
2020-06-30,8475900000.0,1078700000.0,,,,5821200000.0,2654700000.0,38000000.0,,502900000.0,1590700000.0,2.14,2.12,744300000.0,749600000.0,3255700000.0,,,42600000.0,,,,6609400000.0,,23830000000.0,2671900000.0,,2547200000.0,49938900000.0,538400000.0,,,7246100000.0,664200000.0,,1871300000.0,916700000.0,,52660800000.0,-2806300000.0,-9463100000.0,49938900000.0,144500000.0,56700000.0,234300000.0,,,,,,,,1332900000.0,,,,,,787500000.0,,129300000.0,-915000000.0,,,1955100000.0,2357200000.0,
2020-09-30,13894000000.0,1646600000.0,,,,8712900000.0,5181100000.0,38800000.0,,957400000.0,3353300000.0,4.5,4.47,744500000.0,750000000.0,3683800000.0,,,44200000.0,,,,6736100000.0,,24218300000.0,2715800000.0,,2469600000.0,50699300000.0,689000000.0,,,6280200000.0,679800000.0,,1957300000.0,951500000.0,,53492500000.0,-2758800000.0,-8472100000.0,50699300000.0,220300000.0,64000000.0,196300000.0,,,,,,,,4272400000.0,,,,,,1177700000.0,,-120800000.0,-1182900000.0,,,-2268500000.0,2785300000.0,
2020-12-31,19207800000.0,,,,,11883800000.0,7324000000.0,34800000.0,,1410200000.0,4730500000.0,6.35,6.31,744600000.0,750100000.0,3449100000.0,,,51100000.0,-110100000.0,,,6243200000.0,,24958200000.0,2773100000.0,,3527400000.0,52626800000.0,741300000.0,,,6181200000.0,702000000.0,,1970700000.0,1054100000.0,,53908100000.0,-2586800000.0,-7824900000.0,52626800000.0,300600000.0,92400000.0,6400000.0,6800000.0,,,,-137500000.0,,,6265200000.0,,,,,,1640800000.0,,-57400000.0,-1545800000.0,,,-2249000000.0,2550600000.0,
2021-03-31,5124600000.0,571500000.0,,,,2843300000.0,2281300000.0,-28600000.0,,415500000.0,1537200000.0,2.06,2.05,745800000.0,751000000.0,3019700000.0,,,45300000.0,,,,5467900000.0,,24549800000.0,2745800000.0,,3499100000.0,51103100000.0,670000000.0,,,4579800000.0,702500000.0,,1963400000.0,1056800000.0,,54483000000.0,-2635900000.0,-7235500000.0,51103100000.0,76000000.0,27300000.0,-1500000.0,,,,,,,,2124000000.0,,,,,,368700000.0,,-100400000.0,-244600000.0,,,-2263900000.0,-429400000.0,
2021-06-30,11012500000.0,1150600000.0,,,,6040100000.0,4972400000.0,-47200000.0,,572200000.0,3756500000.0,5.03,5.0,746600000.0,752100000.0,3049400000.0,,,47800000.0,,,,5701200000.0,,24620200000.0,2778100000.0,,3889500000.0,51893100000.0,730900000.0,,,3934800000.0,714900000.0,,1865200000.0,1077200000.0,,55739000000.0,-2571200000.0,-5808000000.0,51893100000.0,159100000.0,63800000.0,-370400000.0,,,,,,,,3857200000.0,,,,,,851300000.0,,-142900000.0,-658100000.0,,,-3570200000.0,-399700000.0,
2021-09-30,17213800000.0,1743200000.0,,,,9254900000.0,7958900000.0,-48600000.0,,1113700000.0,5906400000.0,7.91,7.86,747100000.0,752600000.0,4305800000.0,,,50100000.0,,,,6795900000.0,,24428700000.0,2744200000.0,,4057900000.0,52727000000.0,772600000.0,,,5095600000.0,720100000.0,,1878900000.0,1046600000.0,,55897700000.0,-2663200000.0,-5675000000.0,52727000000.0,243200000.0,97900000.0,-416200000.0,,,,,,,,6475000000.0,,,,,,1352800000.0,,-186700000.0,-1043000000.0,,,-4497600000.0,1256400000.0,
2021-12-31,23222900000.0,,,,,12866900000.0,10356000000.0,-42300000.0,,1582700000.0,7545200000.0,10.11,10.04,746300000.0,751800000.0,4709200000.0,,,55600000.0,281400000.0,,,7148500000.0,,24720600000.0,2782500000.0,,4449500000.0,53854300000.0,1006800000.0,,,4020000000.0,738300000.0,,1896800000.0,1081000000.0,,57534700000.0,-2573700000.0,-4601000000.0,53854300000.0,329700000.0,139200000.0,-428300000.0,-309900000.0,,,,225000000.0,,,9141500000.0,,,,,,2040000000.0,,53900000.0,-2165700000.0,,,-5595600000.0,1260100000.0,
2022-03-31,5665600000.0,584000000.0,,,,3353000000.0,2312600000.0,-484100000.0,,436800000.0,1104400000.0,1.49,1.48,742600000.0,747600000.0,2335700000.0,,,49600000.0,,,,4656400000.0,,24434700000.0,2813900000.0,,4416900000.0,50877700000.0,718600000.0,,,4234600000.0,743000000.0,,1889800000.0,1092000000.0,,57614000000.0,-2641900000.0,-5990800000.0,50877700000.0,92700000.0,54300000.0,-50500000.0,,,,,,,,2133300000.0,,,,,,401200000.0,,88000000.0,-554500000.0,,,-3830100000.0,-2373500000.0,
2022-06-30,11384000000.0,1172600000.0,,,,7359600000.0,4024400000.0,-496200000.0,,657900000.0,2292400000.0,3.1,3.08,740000000.0,744800000.0,1872500000.0,,,43300000.0,,,,4919300000.0,,23334500000.0,2722400000.0,,4403400000.0,49247800000.0,739400000.0,,,3480100000.0,733000000.0,,1236100000.0,1022800000.0,,57785100000.0,-2246400000.0,-6369800000.0,49247800000.0,185700000.0,92600000.0,-186800000.0,,,,,,,,2751400000.0,,,,,,839100000.0,,216800000.0,-873700000.0,,,-4516800000.0,-2836700000.0,
2022-09-30,17256100000.0,1761600000.0,,,,10467800000.0,6788300000.0,-417700000.0,,1212500000.0,4274000000.0,5.79,5.75,738300000.0,743000000.0,2828300000.0,,,43400000.0,,,,5740800000.0,,22698300000.0,2651300000.0,,4254600000.0,48501600000.0,794800000.0,,,3486100000.0,727800000.0,,1085000000.0,990800000.0,,58752000000.0,-2559700000.0,-6566200000.0,48501600000.0,279000000.0,130900000.0,-383100000.0,,,,,,,,5185300000.0,,,,,,1370300000.0,,310600000.0,-1606800000.0,,,-5063200000.0,-1880900000.0,
2022-12-31,23182600000.0,,,,,13811600000.0,9371000000.0,-338600000.0,,1648000000.0,6177400000.0,8.39,8.33,736500000.0,741300000.0,2583800000.0,,,52000000.0,479500000.0,,,5424200000.0,,23773600000.0,2900400000.0,,4707200000.0,50435600000.0,980200000.0,,,3802100000.0,757800000.0,,791900000.0,1051800000.0,,59543900000.0,-2486600000.0,-6003400000.0,50435600000.0,370400000.0,166700000.0,-345700000.0,264100000.0,,,,31300000.0,,,7386700000.0,,,,,,1899200000.0,,456700000.0,-2678100000.0,,,-6580200000.0,-2125400000.0,
2023-03-31,5897800000.0,598300000.0,,,,3365400000.0,2532400000.0,64300000.0,,464700000.0,1802300000.0,2.47,2.45,,735500000.0,3708100000.0,,,51500000.0,,,,6798700000.0,,23858500000.0,2930600000.0,,4794800000.0,52014400000.0,811800000.0,,,4624700000.0,760500000.0,,737100000.0,1059400000.0,,60235000000.0,-2489400000.0,-5776100000.0,52014400000.0,99300000.0,49700000.0,-86100000.0,,,,,,,,2420700000.0,,,,,,503300000.0,,179200000.0,-741300000.0,,,-558400000.0,1124300000.0,
2023-06-30,12395300000.0,1216500000.0,,,,6758800000.0,5636500000.0,107100000.0,,971000000.0,4112700000.0,5.63,5.6,730300000.0,734900000.0,1625600000.0,,,52400000.0,,,,4945400000.0,,24101500000.0,2968600000.0,,4869000000.0,50442000000.0,806600000.0,,,3673700000.0,769100000.0,,552700000.0,1041800000.0,,61436600000.0,-2455600000.0,-4999100000.0,50442000000.0,194500000.0,94900000.0,-238600000.0,,,,,,,,4094000000.0,,,,,,1029800000.0,,272100000.0,-1411800000.0,,,-3652200000.0,-2082500000.0,
2023-09-30,19087500000.0,1841900000.0,,,,10242700000.0,8844800000.0,163000000.0,,1577400000.0,6429800000.0,8.82,8.76,729200000.0,733800000.0,3496300000.0,,,47600000.0,,,,6850000000.0,,23924100000.0,2965200000.0,,5062600000.0,52089300000.0,862400000.0,,,4002700000.0,767600000.0,,490600000.0,984200000.0,,62649000000.0,-2545700000.0,-4854800000.0,52089300000.0,291200000.0,137800000.0,-414800000.0,,,,,,,,7123000000.0,,,,,,1600100000.0,,572600000.0,-2345100000.0,,,-3788400000.0,1870700000.0,
2023-12-31,25493700000.0,,,,,13847000000.0,11646700000.0,236300000.0,,2053400000.0,8468800000.0,11.63,11.56,727.9,732.3,4579300000.0,,,52800000.0,1342000000.0,,,7986400000.0,,24907600000.0,3040400000.0,,5617800000.0,56146800000.0,1102900000.0,,,6859000000.0,790100000.0,,363200000.0,949700000.0,,63479900000.0,-2456000000.0,-4706700000.0,56146800000.0,381700000.0,175200000.0,-686400000.0,161000000.0,,,,50400000.0,,,9611900000.0,,,,,,2357400000.0,,676100000.0,-3184500000.0,,,-4374100000.0,1995500000.0,
2024-03-31,6169000000.0,627000000.0,,,,3433000000.0,2736000000.0,45000000.0,,479000000.0,1929000000.0,2.67,2.66,721.8,725.9,838000000.0,,,46000000.0,,,,4057000000.0,,24682000000.0,3028000000.0,,5586000000.0,53513000000.0,936000000.0,,,4886000000.0,784000000.0,,361000000.0,927000000.0,,64203000000.0,-2533000000.0,-4833000000.0,53513000000.0,99000000.0,50000000.0,-138000000.0,,,,,,,,2390000000.0,,,,,,547000000.0,,124000000.0,-2493000000.0,,,-3661000000.0,-3742000000.0,
2024-06-30,12659000000.0,1256000000.0,,,,7003000000.0,5655000000.0,54000000.0,,1013000000.0,3951000000.0,5.49,5.46,720.3,724.0,792000000.0,,,46000000.0,,,,4205000000.0,,24811000000.0,3048000000.0,,5627000000.0,53801000000.0,949000000.0,,,3910000000.0,791000000.0,,85000000.0,885000000.0,,65026000000.0,-2463000000.0,-4824000000.0,53801000000.0,199000000.0,88000000.0,-364000000.0,,,,,,,,4079000000.0,,,,,,1174000000.0,,289000000.0,-3338000000.0,,,-4530000000.0,-3787000000.0,
2024-09-30,19532000000.0,1902000000.0,,,,10688000000.0,8844000000.0,-90000000.0,,1600000000.0,6207000000.0,8.63,8.59,719.1,722.7,1221000000.0,,,54000000.0,,,,4912000000.0,,25775000000.0,3220000000.0,,5673000000.0,56172000000.0,944000000.0,,,6308000000.0,800000000.0,,74000000.0,855000000.0,,64819000000.0,-2337000000.0,-5177000000.0,56172000000.0,311000000.0,128000000.0,-501000000.0,,,,,,,,6816000000.0,,,,,,1968000000.0,,392000000.0,-4604000000.0,,,-5617000000.0,-3358000000.0,
