Date,Net sales,Cost of sales,Gross margin,Research and development,"Selling, general and administrative",Total operating expenses,Operating income,"Other income/(expense), net",Income before provision for income taxes,Provision for income taxes,Net income,Earnings per share basic,Earnings per share diluted,Weighted-average basic,Weighted-average diluted,Cash and cash equivalents,Short-term marketable securities,"Accounts receivable, net",Inventories,Deferred tax assets,Vendor non-trade receivables,Other current assets,Total current assets,Long-term marketable securities,"Property, Plant and Equipment, Net",Goodwill,"Acquired intangible assets, net","Other Assets, Noncurrent",Total assets,accounts payable,Accrued expenses,Deferred revenue,Total current liabilities,Deferred revenue - non-current,deferred tax liabilities,long term taxes payable,Total other non-current liabilities,Total liabilities,Retained Earnings (Accumulated Deficit),Accumulated other comprehensive (loss)/income,Total shareholders equity,Total liabilities and shareholders' equity,"Depreciation, amortization and accretion",Stock-based compensation expense,Deferred income tax expense,"Increase (Decrease) in Accounts receivable, net",Increase (Decrease) in Inventories,Increase (Decrease) in Other Receivables,Increase (Decrease) in Other Operating Assets,Increase (Decrease) in Accounts Payable,Increase (Decrease) in Deferred Revenue,Increase (Decrease) Other liabilities,Cash generated by operating activities,Purchases of marketable securities,Proceeds from maturities of marketable securities,Proceeds from sales of marketable securities,Purchases of other long-term investments,"Business acquisitions, net of cash acquired",Cash payments for capital asset purchases,Payments for acquisition of intangible assets,Payments for (Proceeds from) Other Investing Activities,Cash used in investing activities,Proceeds from issuance of common stock,Excess tax benefits from stock-based compensation,Cash generated/used in financing activities,Increase/(decrease) in cash and cash equivalents,"Cash paid for income taxes, net"
2009-12-31,669709000.0,303938000.0,365771000.0,87536000.0,120525000.0,209299000.0,156472000.0,,153816000.0,12560000.0,141256000.0,0.77,0.76,183856000.0,187861000.0,361291000.0,,113763000.0,112784000.0,73744000.0,,50348000.0,1442737000.0,,495065000.0,36165000.0,28996000.0,19016000.0,2443607000.0,,,97583000.0,185135000.0,,377647000.0,,3983000.0,,1253977000.0,2712000.0,1483875000.0,2443607000.0,67735000.0,27335000.0,,-25238000.0,19216000.0,,,,13652000.0,,344019000.0,1311946000.0,,,,,5975000.0,,,-263091000.0,18578000.0,2050000.0,-165966000.0,-85038000.0,
2010-03-31,947729000.0,413487000.0,534242000.0,120823000.0,167222000.0,289283000.0,244959000.0,,237813000.0,20808000.0,217005000.0,1.18,1.16,183642000.0,187339000.0,492130000.0,,137806000.0,116579000.0,77810000.0,,51383000.0,1610969000.0,,493039000.0,40338000.0,35527000.0,19225000.0,2516313000.0,,,98941000.0,203390000.0,,376713000.0,,5018000.0,,1266699000.0,3032000.0,1533380000.0,2516313000.0,90057000.0,36778000.0,,-49078000.0,15239000.0,,,,15010000.0,,452047000.0,1576044000.0,,,,,15439000.0,,,-195262000.0,36478000.0,2094000.0,-210984000.0,45801000.0,
2010-06-30,320801000.0,121358000.0,199443000.0,38657000.0,53679000.0,92811000.0,106632000.0,,,13071000.0,89566000.0,0.48,0.47,185540.0,190072.0,523474000.0,,193499000.0,128129000.0,95529000.0,,54558000.0,1847882000.0,,507666000.0,49474000.0,77637000.0,50481000.0,2693269000.0,,,108070000.0,284084000.0,,395356000.0,,7920000.0,,1292812000.0,-4253000.0,1567465000.0,2693269000.0,25163000.0,9451000.0,,-9248000.0,-6611000.0,,,,6807000.0,,133318000.0,243209000.0,,,,112707000.0,142000.0,,,-45831000.0,7310000.0,,-56143000.0,31344000.0,
2010-12-31,1107220000.0,458375000.0,648845000.0,126448000.0,170896000.0,299023000.0,349822000.0,,,42114000.0,293422000.0,1.57,1.53,187488.0,196255.0,500616000.0,,187267000.0,177705000.0,107617000.0,,52594000.0,1738444000.0,,528215000.0,59457000.0,79074000.0,41704000.0,2828726000.0,,,142685000.0,299935000.0,,415807000.0,,11257000.0,,1303311000.0,2774000.0,1649945000.0,2828726000.0,80153000.0,27785000.0,,-3016000.0,-20779000.0,,,,41422000.0,,430124000.0,859307000.0,,,,112707000.0,14843000.0,,,-217417000.0,51347000.0,1240000.0,-204221000.0,8486000.0,
2011-03-31,1487205000.0,612769000.0,874436000.0,170607000.0,227781000.0,400253000.0,474183000.0,,,31531000.0,418950000.0,2.24,2.15,187066000.0,194715000.0,703924000.0,,181202000.0,180800000.0,88822000.0,,58429000.0,1774983000.0,,540513000.0,76018000.0,77929000.0,33777000.0,2968058000.0,,,140044000.0,340316000.0,,399527000.0,,10318000.0,,1428838000.0,3357000.0,1812438000.0,2968058000.0,106612000.0,36812000.0,8340000.0,6341000.0,-22068000.0,,,,38781000.0,,,1008056000.0,,,,112707000.0,29587000.0,,,-187850000.0,71940000.0,1854000.0,-183017000.0,211794000.0,
2011-12-31,1044265000.0,445744000.0,598521000.0,134937000.0,161637000.0,295914000.0,302607000.0,,287773000.0,,256069000.0,1.34,1.26,191640000.0,203291000.0,605725000.0,,149277000.0,217853000.0,87337000.0,,49634000.0,1830080000.0,,533652000.0,76098000.0,75051000.0,38184000.0,3021151000.0,,92741000.0,115786000.0,248566000.0,,397709000.0,71386000.0,8844000.0,,1485989000.0,-1755000.0,1941305000.0,3021151000.0,75170000.0,28470000.0,,-31925000.0,36297000.0,,,,-24258000.0,,293998000.0,962119000.0,,,,0.0,6878000.0,,,-234129000.0,40410000.0,441000.0,-158068000.0,-98199000.0,
2012-03-31,1383176000.0,590782000.0,792394000.0,182650000.0,212391000.0,395878000.0,396516000.0,,379695000.0,,336705000.0,1.76,1.65,191283000.0,203519000.0,635755000.0,,170201000.0,217278000.0,-320177000.0,,52524000.0,2015861000.0,,516611000.0,93513000.0,90436000.0,38769000.0,3083776000.0,50287000.0,88877000.0,108709000.0,247873000.0,,411368000.0,70490000.0,8322000.0,,1499365000.0,3101000.0,1990673000.0,3083776000.0,99424000.0,38289000.0,13661000.0,-11845000.0,35240000.0,,,,-31335000.0,,396458000.0,1133625000.0,,,,0.0,44398000.0,,,-256482000.0,57457000.0,576000.0,-208145000.0,-68169000.0,
2012-06-30,352134000.0,149055000.0,203079000.0,48826000.0,57920000.0,106746000.0,96333000.0,,90864000.0,,78710000.0,0.41,0.39,193452000.0,203700000.0,779848000.0,,174685000.0,221481000.0,94968000.0,,50815000.0,2229298000.0,,506229000.0,102193000.0,110257000.0,37387000.0,3144840000.0,,86550000.0,110793000.0,249989000.0,,416980000.0,73261000.0,29265000.0,,1510326000.0,2963000.0,2017990000.0,3144840000.0,25245000.0,9986000.0,,2814000.0,-316000.0,,,,2084000.0,,128971000.0,29130000.0,,,,20556000.0,1609000.0,,,77890000.0,4961000.0,20000.0,-62768000.0,144093000.0,
2012-09-30,735432000.0,,398992000.0,112908000.0,127359000.0,294565000.0,104427000.0,,92983000.0,,57526000.0,0.3,0.28,194060000.0,204627000.0,436735000.0,,230457000.0,289526000.0,116866000.0,,65088000.0,2289278000.0,,536727000.0,260059000.0,607127000.0,41183000.0,3888376000.0,,120086000.0,123122000.0,325473000.0,,434603000.0,179807000.0,24739000.0,,1420996000.0,6689000.0,1964098000.0,3888376000.0,76456000.0,24593000.0,,116000.0,-22334000.0,,,,3037000.0,,192271000.0,443106000.0,,,,20556000.0,2204000.0,,,-873165000.0,16318000.0,112000.0,480535000.0,-199020000.0,
2012-12-31,1151479000.0,,599420000.0,184285000.0,196727000.0,477580000.0,121840000.0,,102675000.0,,67699000.0,0.35,0.33,194958000.0,204553000.0,465293000.0,,177502000.0,261594000.0,129704000.0,,75472000.0,2296583000.0,,522737000.0,263311000.0,570804000.0,40427000.0,3843524000.0,,119617000.0,122611000.0,296279000.0,,445492000.0,181418000.0,21840000.0,,1362472000.0,6774000.0,1927086000.0,3843524000.0,140468000.0,38713000.0,-9981000.0,-52839000.0,-47146000.0,,,,2526000.0,,321178000.0,646424000.0,,,,20556000.0,4018000.0,,,-920807000.0,22619000.0,154000.0,428181000.0,-170462000.0,
2013-03-31,1581623000.0,,838459000.0,254723000.0,261471000.0,659906000.0,178553000.0,,152177000.0,,127389000.0,0.65,0.62,194595000.0,205776000.0,528334000.0,,229955000.0,242334000.0,-307563000.0,,67358000.0,2236370000.0,,514544000.0,271348000.0,530136000.0,41557000.0,3851405000.0,75551000.0,127108000.0,138952000.0,341611000.0,,388250000.0,182723000.0,21966000.0,,1352932000.0,6935000.0,1933470000.0,3851405000.0,204097000.0,52069000.0,-28368000.0,-386000.0,-65867000.0,,,,18867000.0,,446179000.0,985791000.0,,,,20556000.0,4730000.0,,,-936756000.0,35695000.0,297000.0,382170000.0,-107421000.0,
2013-06-30,462792000.0,,266574000.0,73085000.0,65710000.0,168173000.0,98401000.0,,90336000.0,,78579000.0,0.4,0.37,196950000.0,212266000.0,403231000.0,,232262000.0,256136000.0,73080000.0,,56674000.0,1615697000.0,,513723000.0,268547000.0,504765000.0,47468000.0,3883575000.0,77693000.0,124154000.0,149817000.0,351664000.0,,379512000.0,186588000.0,37301000.0,,1361829000.0,-3113000.0,1954260000.0,3883575000.0,50410000.0,12656000.0,5298000.0,2462000.0,13957000.0,,,,10865000.0,,164431000.0,376460000.0,,,,2174000.0,1616000.0,,,-209193000.0,6900000.0,0.0,-80341000.0,-125103000.0,
2013-09-30,955461000.0,,555437000.0,151339000.0,135078000.0,339528000.0,215909000.0,,201542000.0,,178385000.0,0.9,0.83,197825000.0,216475000.0,344202000.0,,230493000.0,275124000.0,70383000.0,,58677000.0,1820906000.0,,518191000.0,268570000.0,480679000.0,47149000.0,3965151000.0,77768000.0,101701000.0,151049000.0,338893000.0,,379761000.0,192007000.0,38039000.0,,1391549000.0,-2525000.0,2018539000.0,3965151000.0,98462000.0,27656000.0,11872000.0,693000.0,32103000.0,,,,12097000.0,,319355000.0,710197000.0,,,,2174000.0,2951000.0,,,-383522000.0,22196000.0,0.0,-119965000.0,-184132000.0,
2013-12-31,1437833000.0,,838157000.0,227680000.0,201934000.0,505330000.0,332827000.0,,314130000.0,,283786000.0,1.43,1.31,198759000.0,219089000.0,375100000.0,,224273000.0,274629000.0,72142000.0,,61141000.0,1969028000.0,,520565000.0,275967000.0,466278000.0,47345000.0,4003108000.0,62750000.0,96176000.0,143315000.0,316400000.0,,388620000.0,179246000.0,38422000.0,,1426396000.0,-2579000.0,2075108000.0,4003108000.0,143704000.0,41375000.0,24190000.0,-5624000.0,30588000.0,,,,4363000.0,,473223000.0,950560000.0,,,,11187000.0,7462000.0,,,-448359000.0,24752000.0,0.0,-178098000.0,-153234000.0,
2014-03-31,1931217000.0,,1128743000.0,305043000.0,267278000.0,669879000.0,458864000.0,,432354000.0,37073000.0,395281000.0,1.99,1.82,198291000.0,217630000.0,466603000.0,,242405000.0,262725000.0,-307826000.0,,20238000.0,1969399000.0,,531967000.0,276097000.0,445499000.0,45956000.0,4067630000.0,74050000.0,96731000.0,222800000.0,336079000.0,,375316000.0,179966000.0,37550000.0,,1467009000.0,1051000.0,2135461000.0,4067630000.0,189139000.0,53787000.0,5320000.0,12508000.0,18500000.0,,,,8846000.0,,676564000.0,1337482000.0,,,,11187000.0,9069000.0,,,-503279000.0,37446000.0,1411000.0,-235016000.0,-61731000.0,
2014-06-30,528876000.0,,306519000.0,84370000.0,69255000.0,190573000.0,115946000.0,,106991000.0,17082000.0,89909000.0,0.45,0.4,200187000.0,224527000.0,617770000.0,,286699000.0,264505000.0,70926000.0,,33991000.0,2450351000.0,,569908000.0,409885000.0,498079000.0,45981000.0,4501743000.0,79889000.0,115718000.0,,359690000.0,,453069000.0,144549000.0,39112000.0,,1485716000.0,4089000.0,2169645000.0,4501743000.0,60988000.0,13321000.0,-2319000.0,37247000.0,-24991000.0,,,,-1215000.0,,165788000.0,172506000.0,,,,375365000.0,1123000.0,,,-272428000.0,4125000.0,0.0,257807000.0,151167000.0,
2014-09-30,1075119000.0,,613973000.0,173184000.0,140369000.0,396709000.0,217264000.0,,197695000.0,15748000.0,183550000.0,0.92,0.82,200629000.0,225284000.0,481439000.0,,287473000.0,275746000.0,62411000.0,,35876000.0,1978965000.0,,585102000.0,557965000.0,599025000.0,48293000.0,4610627000.0,94402000.0,113997000.0,,385484000.0,,469370000.0,139343000.0,40351000.0,,1507915000.0,-4657000.0,2203421000.0,4610627000.0,131809000.0,28594000.0,-4497000.0,29429000.0,-32052000.0,,,,11787000.0,,357834000.0,350598000.0,,,,375365000.0,3659000.0,,,-520191000.0,14035000.0,982000.0,177394000.0,14836000.0,
2014-12-31,1603829000.0,,915932000.0,261881000.0,207037000.0,600659000.0,315273000.0,,283886000.0,17141000.0,269607000.0,1.34,1.2,201203000.0,224433000.0,456339000.0,,242595000.0,276143000.0,50490000.0,,42697000.0,1783479000.0,,577123000.0,565290000.0,551210000.0,44591000.0,4628917000.0,76933000.0,104389000.0,,353086000.0,,468842000.0,138388000.0,44228000.0,,1522185000.0,15563000.0,2256289000.0,4628917000.0,205112000.0,43413000.0,5795000.0,-15449000.0,-28684000.0,,,,6466000.0,,542672000.0,721861000.0,,,,375365000.0,5274000.0,,,-676757000.0,20829000.0,1100000.0,124022000.0,-10264000.0,
2015-03-31,2147036000.0,,1229564000.0,349543000.0,274815000.0,803944000.0,425620000.0,,345907000.0,-19418000.0,369009000.0,1.84,1.65,200937000.0,223561000.0,607815000.0,,273937000.0,279456000.0,-310147000.0,,32604000.0,2664617000.0,,581572000.0,571271000.0,504417000.0,75510000.0,4780713000.0,86866000.0,100978000.0,260900000.0,353972000.0,,381192000.0,114336000.0,43329000.0,,1549540000.0,11076000.0,2044654000.0,4780713000.0,278298000.0,58596000.0,-32811000.0,15893000.0,-25517000.0,,,,18330000.0,,721182000.0,959318000.0,,,,252469000.0,6663000.0,,,-678317000.0,34433000.0,1216000.0,98548000.0,141212000.0,
2015-06-30,533952000.0,,309017000.0,84680000.0,66849000.0,187698000.0,121319000.0,,119565000.0,-10895000.0,130667000.0,0.65,0.6,202232000.0,216767000.0,563547000.0,,277033000.0,303690000.0,71045000.0,,23700000.0,2255614000.0,,595247000.0,571660000.0,470488000.0,65952000.0,4856985000.0,93655000.0,111124000.0,,372308000.0,,380403000.0,98001000.0,48694000.0,,1607876000.0,-5171000.0,2098882000.0,4856985000.0,60375000.0,14112000.0,,3096000.0,23893000.0,,,,1401000.0,,181528000.0,570501000.0,,,,0.0,1766000.0,,,-187189000.0,3497000.0,263000.0,-38607000.0,-44268000.0,
2015-09-30,1075343000.0,,609967000.0,179936000.0,147107000.0,413700000.0,196267000.0,,173522000.0,-21837000.0,195566000.0,0.96,0.9,204275000.0,217099000.0,539078000.0,,281063000.0,363760000.0,69343000.0,,24624000.0,2778887000.0,,631600000.0,1008720000.0,702383000.0,79809000.0,5786309000.0,72362000.0,119452000.0,,371776000.0,,448777000.0,107459000.0,41042000.0,,1600090000.0,-3095000.0,2129381000.0,5786309000.0,131484000.0,37138000.0,,-5170000.0,4597000.0,,,,13492000.0,,331414000.0,1112089000.0,,,,343928000.0,2981000.0,,,-727869000.0,13520000.0,407000.0,327718000.0,-68737000.0,
2015-12-31,1615687000.0,,902685000.0,276958000.0,223377000.0,630286000.0,272399000.0,,223680000.0,-32890000.0,256777000.0,1.26,1.18,203294000.0,217975000.0,331451000.0,,248006000.0,319524000.0,0.0,,20803000.0,1632721000.0,,622842000.0,1011227000.0,654574000.0,116290000.0,5446553000.0,69059000.0,111273000.0,,343914000.0,,422667000.0,106081000.0,41073000.0,,1588378000.0,-10665000.0,2126344000.0,5446553000.0,207662000.0,54103000.0,,-40027000.0,-34773000.0,,,,-2888000.0,,541891000.0,1542864000.0,,,,343928000.0,5961000.0,,,-781777000.0,17916000.0,735000.0,-36478000.0,-276364000.0,
2016-03-31,2173334000.0,,1205464000.0,372596000.0,301670000.0,853119000.0,352345000.0,,281293000.0,-42632000.0,324132000.0,1.59,1.49,203384000.0,217388000.0,2092751000.0,,290183000.0,306815000.0,122161000.0,,11688000.0,3096713000.0,,609396000.0,1012652000.0,606349000.0,109025000.0,5567515000.0,79312000.0,119265000.0,267200000.0,382009000.0,,,111061000.0,41271000.0,,1582585000.0,-3357000.0,2150919000.0,5567515000.0,283171000.0,71420000.0,-60425000.0,2150000.0,-48245000.0,,,,,,744483000.0,1573867000.0,,,,343928000.0,7056000.0,,,800397000.0,28718000.0,758000.0,-59944000.0,1484936000.0,
2016-06-30,799411000.0,,348490000.0,147883000.0,157505000.0,407594000.0,-59104000.0,,-90747000.0,18478000.0,-113363000.0,-0.53,-0.53,214345000.0,214345000.0,600526000.0,,435511000.0,518431000.0,,,47087000.0,1672988000.0,,732816000.0,2390955000.0,2403357000.0,89987000.0,7358756000.0,137614000.0,222500000.0,,573285000.0,,468563000.0,290742000.0,157113000.0,,1439589000.0,-14428000.0,2532549000.0,7358756000.0,113141000.0,59579000.0,,9901000.0,-121102000.0,,,,29739000.0,,223967000.0,25000.0,,,,2747516000.0,765000.0,,,-2295729000.0,4630000.0,0.0,580015000.0,-1492225000.0,
2016-09-30,1670775000.0,,759111000.0,285678000.0,277634000.0,755455000.0,62760000.0,,-65513000.0,-10340000.0,-79444000.0,-0.37,-0.37,215524000.0,233960000.0,489988000.0,,451042000.0,424690000.0,,,49270000.0,1490735000.0,,716998000.0,2384740000.0,2322706000.0,90394000.0,7074396000.0,131625000.0,223982000.0,,578803000.0,,416452000.0,292957000.0,161239000.0,,1395868000.0,-15896000.0,2519512000.0,7074396000.0,225957000.0,83969000.0,,25432000.0,-215950000.0,,,,39764000.0,,446090000.0,25000.0,,,,2747516000.0,3232000.0,,,-2316320000.0,25452000.0,0.0,267841000.0,-1602763000.0,
2016-12-31,2505141000.0,,1224370000.0,418111000.0,388651000.0,1102640000.0,121730000.0,,83498000.0,-23837000.0,107175000.0,0.5,0.46,216210000.0,235424000.0,663938000.0,,475093000.0,419618000.0,,,55374000.0,1676750000.0,,698704000.0,2362090000.0,2233621000.0,82612000.0,7144581000.0,135160000.0,222134000.0,,651553000.0,,386824000.0,266763000.0,148549000.0,,1425073000.0,-10828000.0,2566898000.0,7144581000.0,340925000.0,106089000.0,,43551000.0,-220674000.0,,,,110827000.0,,736892000.0,35147000.0,,,,2747516000.0,9597000.0,,,-2350496000.0,28893000.0,0.0,185798000.0,-1428813000.0,
2017-03-31,3407807000.0,,1757196000.0,545293000.0,499811000.0,1481379000.0,275817000.0,,89787000.0,-80805000.0,164639000.0,0.76,0.71,217196000.0,234806000.0,908684000.0,,478373000.0,417202000.0,420338000.0,,58880000.0,2305040000.0,,683338000.0,2299009000.0,2148092000.0,75075000.0,7686881000.0,149233000.0,212450000.0,418000000.0,704450000.0,,409045000.0,184945000.0,217206000.0,,1479400000.0,-14378000.0,-14378000.0,7686881000.0,469208000.0,128155000.0,-126888000.0,46831000.0,-223711000.0,,,,,,1059452000.0,500309000.0,,,,0.0,10218000.0,,,-2837973000.0,42210000.0,0.0,595461000.0,-1184067000.0,
2017-06-30,972141000.0,,584439000.0,130480000.0,114272000.0,362841000.0,221598000.0,,166205000.0,-4382000.0,170587000.0,0.74,0.7,229429000.0,242902000.0,773036000.0,,528954000.0,426843000.0,,,68941000.0,2298762000.0,,693995000.0,2299009000.0,2026575000.0,75027000.0,7887891000.0,171857000.0,244533000.0,,736443000.0,,347216000.0,187255000.0,220515000.0,,1567059000.0,-19133000.0,3412554000.0,7887891000.0,151801000.0,22408000.0,,50581000.0,9904000.0,,,,15982000.0,,344992000.0,487435000.0,,,,0.0,1933000.0,,,-391272000.0,4474000.0,,-89368000.0,-135648000.0,
2017-09-30,1984280000.0,,1198533000.0,264101000.0,228561000.0,751536000.0,446997000.0,,352441000.0,-7302000.0,359743000.0,1.55,1.48,233299000.0,244767000.0,826407000.0,,545416000.0,456939000.0,,,82059000.0,2443422000.0,,722780000.0,2299009000.0,1905730000.0,73638000.0,8055198000.0,182599000.0,221244000.0,,734186000.0,,328235000.0,194342000.0,240459000.0,,1671695000.0,-17812000.0,3546124000.0,8055198000.0,304356000.0,46018000.0,,67043000.0,40149000.0,,,,31548000.0,,695123000.0,879437000.0,363086000.0,0.0,,0.0,3838000.0,,,-591973000.0,19568000.0,,-185427000.0,-82277000.0,
2017-12-31,2978485000.0,,1805592000.0,395656000.0,337620000.0,1113349000.0,692243000.0,,549091000.0,447736000.0,-251086000.0,-1.07,-1.07,234106000.0,248024000.0,672079000.0,,553135000.0,487065000.0,,,53531000.0,2253441000.0,,754780000.0,2299009000.0,1784568000.0,75810000.0,8123793000.0,162718000.0,258409000.0,,756832000.0,,208823000.0,694777000.0,238663000.0,,1335697000.0,-22193000.0,3185075000.0,8123793000.0,459032000.0,70021000.0,,74762000.0,70183000.0,,,,42890000.0,,1060082000.0,1338140000.0,520086000.0,0.0,,0.0,5384000.0,,,-961561000.0,26576000.0,,-335126000.0,-236605000.0,
2018-03-31,3980800000.0,,2420700000.0,529300000.0,452100000.0,1484400000.0,936300000.0,,737300000.0,481900000.0,255400000.0,1.1,1.03,232900000.0,248900000.0,901300000.0,,563700000.0,476200000.0,283700000.0,,55900000.0,3356300000.0,,767900000.0,2299000000.0,1662000000.0,71800000.0,8257200000.0,144100000.0,229600000.0,479600000.0,2017400000.0,,205800000.0,754900000.0,240900000.0,,1397300000.0,-17600000.0,,8257200000.0,615900000.0,93200000.0,51200000.0,85300000.0,59200000.0,,,,,,1419600000.0,1594800000.0,786700000.0,0.0,,0.0,7100000.0,,,-1011700000.0,42000000.0,0.0,-415300000.0,-7400000.0,
2018-06-30,1212500000.0,,642000000.0,171900000.0,164000000.0,509700000.0,132300000.0,,37700000.0,2000000.0,35700000.0,0.15,0.14,235200000.0,252200000.0,635200000.0,,789400000.0,1104800000.0,,,274500000.0,2818400000.0,,1078400000.0,7273200000.0,6248900000.0,154100000.0,19248800000.0,318200000.0,491300000.0,,2139300000.0,,854200000.0,836700000.0,275000000.0,,3149200000.0,-14900000.0,5123800000.0,19248800000.0,172800000.0,45300000.0,,55200000.0,-83800000.0,,,,0.0,,302400000.0,167700000.0,66700000.0,1376600000.0,,7851200000.0,1600000.0,,,-6666500000.0,6500000.0,,6098000000.0,-266100000.0,
2018-09-30,2644900000.0,1313600000.0,1331300000.0,393800000.0,340700000.0,1096400000.0,234900000.0,,-39400000.0,-135700000.0,132000000.0,0.56,0.52,235800000.0,252000000.0,459700000.0,,668800000.0,836700000.0,,,206500000.0,2176200000.0,,1051900000.0,6787500000.0,6825900000.0,110100000.0,18667100000.0,271200000.0,481900000.0,,2088100000.0,,815400000.0,777100000.0,265200000.0,,3159600000.0,-16700000.0,5170200000.0,18667100000.0,393800000.0,87900000.0,,-65400000.0,-261500000.0,,,,0.0,,789900000.0,167700000.0,75900000.0,1376600000.0,,7850600000.0,8900000.0,,,-6736000000.0,20300000.0,,5504500000.0,-441600000.0,
2018-12-31,4019700000.0,1908800000.0,2110900000.0,611600000.0,515500000.0,1681300000.0,429600000.0,,55000000.0,-127900000.0,181200000.0,0.77,0.73,236700000.0,249500000.0,432200000.0,,544800000.0,702500000.0,,,194100000.0,1877600000.0,,1039700000.0,6782000000.0,6632900000.0,106400000.0,18155700000.0,236000000.0,407700000.0,,643700000.0,,830500000.0,720700000.0,257400000.0,,3122400000.0,-17000000.0,5161100000.0,18155700000.0,637700000.0,127500000.0,,-189400000.0,-344500000.0,,,,0.0,,1271400000.0,167700000.0,75700000.0,1380000000.0,,7850600000.0,12800000.0,,,-6767400000.0,26900000.0,,5026900000.0,-469100000.0,
2019-03-31,5349500000.0,2418200000.0,2931300000.0,826300000.0,682900000.0,2217000000.0,714300000.0,,204500000.0,-151400000.0,355900000.0,1.51,1.42,236200000.0,249900000.0,428600000.0,,880600000.0,711700000.0,971100000.0,,191600000.0,2214800000.0,,996700000.0,6663900000.0,6685600000.0,111800000.0,18350000000.0,226400000.0,787300000.0,,2374500000.0,,,756200000.0,279500000.0,,3210600000.0,-20700000.0,,18350000000.0,876400000.0,166400000.0,-62200000.0,-238800000.0,-341600000.0,,,,,,1674800000.0,167700000.0,78000000.0,1380000000.0,,7850600000.0,18600000.0,,,-6811000000.0,42600000.0,,4663500000.0,-472700000.0,
2019-06-30,1322600000.0,507400000.0,815200000.0,219100000.0,167900000.0,643600000.0,171600000.0,,40500000.0,-10200000.0,50700000.0,0.21,0.2,237800000.0,253900000.0,434000000.0,,936800000.0,733100000.0,,,171500000.0,2278500000.0,,963000000.0,6663900000.0,6428700000.0,232300000.0,18246400000.0,245700000.0,831200000.0,,2450800000.0,,,749500000.0,356400000.0,,3175500000.0,-22300000.0,,18246400000.0,307100000.0,40700000.0,,56200000.0,20500000.0,,,,,,380600000.0,0.0,0.0,0.0,,0.0,2600000.0,,,-26300000.0,7300000.0,,-348900000.0,5400000.0,
2019-09-30,2660400000.0,1017700000.0,1642700000.0,438900000.0,340200000.0,1287500000.0,355200000.0,,94000000.0,-65600000.0,159600000.0,0.67,0.63,238400000.0,255300000.0,401800000.0,,848600000.0,734200000.0,,,189900000.0,2177800000.0,,937000000.0,6664600000.0,6187300000.0,229800000.0,17858500000.0,235600000.0,800500000.0,,2423400000.0,,,716500000.0,364100000.0,,3197100000.0,-22300000.0,5361300000.0,17858500000.0,604700000.0,86000000.0,-110900000.0,-32100000.0,20200000.0,,,,,,776600000.0,0.0,0.0,0.0,,0.0,13600000.0,,,-54700000.0,27500000.0,,-748700000.0,-26800000.0,
2019-12-31,3947800000.0,1519600000.0,2428200000.0,656000000.0,510900000.0,1941800000.0,486400000.0,,104600000.0,-366100000.0,470700000.0,1.97,1.84,239200000.0,258300000.0,397100000.0,,807500000.0,708800000.0,,,185400000.0,2104000000.0,,909700000.0,6664800000.0,5939500000.0,232200000.0,17588600000.0,209300000.0,726500000.0,,2336600000.0,,,711400000.0,358000000.0,,3420500000.0,-22000000.0,5616600000.0,17588600000.0,904700000.0,129500000.0,-404200000.0,-73200000.0,-5600000.0,,,,,,1172100000.0,2000000.0,0.0,0.0,,0.0,55700000.0,,,-97700000.0,38800000.0,,-1105900000.0,-31500000.0,
2020-03-31,5274200000.0,2032100000.0,3242100000.0,877800000.0,676600000.0,2595000000.0,647100000.0,,150400000.0,-420200000.0,570600000.0,2.39,2.23,238900000.0,256200000.0,401000000.0,,934000000.0,685700000.0,1430000000.0,,194500000.0,2217200000.0,,876100000.0,6664800000.0,5702300000.0,217200000.0,17426100000.0,246800000.0,781800000.0,,1637400000.0,,,668400000.0,342900000.0,,3432400000.0,-21600000.0,5585500000.0,17426100000.0,1215600000.0,170200000.0,-490300000.0,53300000.0,-28800000.0,,,,0.0,,1543800000.0,2000000.0,0.0,4700000.0,,0.0,67600000.0,,,-133200000.0,58800000.0,,-1438200000.0,-27600000.0,
2020-06-30,1309700000.0,511400000.0,798300000.0,198000000.0,146300000.0,580000000.0,218300000.0,,89500000.0,-34100000.0,123600000.0,0.5,0.48,247700000.0,257800000.0,378200000.0,,894300000.0,657200000.0,,,203300000.0,2135000000.0,,844000000.0,6664800000.0,5486800000.0,258400000.0,17028100000.0,211100000.0,778400000.0,,2585800000.0,,,681100000.0,417600000.0,,3465600000.0,-21100000.0,5501300000.0,17028100000.0,292800000.0,42400000.0,-49400000.0,-39700000.0,-24900000.0,,,,,,501800000.0,,,,,,9500000.0,,,-16900000.0,11000000.0,,-507700000.0,-22800000.0,
2020-09-30,2619200000.0,1013000000.0,1606200000.0,397800000.0,291000000.0,1161700000.0,444500000.0,,178300000.0,-18900000.0,197200000.0,0.78,0.75,256000000.0,267700000.0,368300000.0,,903700000.0,661400000.0,,,186700000.0,2122100000.0,,822100000.0,6664800000.0,5255800000.0,271200000.0,16770900000.0,216900000.0,762200000.0,,1975200000.0,,,664300000.0,424700000.0,,3443900000.0,-20900000.0,5443700000.0,16770900000.0,578600000.0,92100000.0,-48100000.0,-30300000.0,-21400000.0,,,,,,957600000.0,,,,,,15800000.0,,,-58600000.0,29600000.0,,-931700000.0,-32700000.0,
2020-12-31,3971300000.0,1519300000.0,2452000000.0,607900000.0,445200000.0,1761900000.0,690100000.0,,195100000.0,-38300000.0,233400000.0,0.91,0.87,263400000.0,275400000.0,370700000.0,,893800000.0,666100000.0,,,219900000.0,2152500000.0,,827400000.0,6670600000.0,5025800000.0,271400000.0,16576100000.0,259800000.0,769200000.0,,2522200000.0,,,669600000.0,429600000.0,,3384100000.0,-22300000.0,5297000000.0,16576100000.0,865500000.0,143300000.0,-82900000.0,-40200000.0,-17500000.0,,,,,,1467300000.0,0.0,,,,,37200000.0,,,-110100000.0,40200000.0,,-1387500000.0,-30300000.0,
2021-03-31,5438400000.0,2059600000.0,3378800000.0,836400000.0,610300000.0,2380700000.0,998100000.0,,339500000.0,-9900000.0,349400000.0,1.35,1.29,259600000.0,270600000.0,280000000.0,,997700000.0,665000000.0,1705300000.0,,200500000.0,2145200000.0,,854700000.0,6670600000.0,4794800000.0,264300000.0,16478800000.0,292400000.0,794300000.0,,2409600000.0,,,689900000.0,417100000.0,,3393500000.0,-26200000.0,5337100000.0,16478800000.0,1153300000.0,198300000.0,-138900000.0,63700000.0,-18400000.0,,,,,,1916500000.0,0.0,0.0,0.0,,0.0,92600000.0,,,-173300000.0,60300000.0,,-1864200000.0,-121000000.0,
2021-06-30,1569400000.0,561800000.0,1007600000.0,238400000.0,174300000.0,638800000.0,368800000.0,,297000000.0,44200000.0,252800000.0,0.92,0.89,273800000.0,282600000.0,277700000.0,,1000700000.0,683800000.0,,,192900000.0,2157100000.0,,892200000.0,6670600000.0,4581400000.0,257000000.0,16277800000.0,284400000.0,804700000.0,,1089100000.0,,,687300000.0,411000000.0,,3533200000.0,-26200000.0,5519900000.0,16277800000.0,272200000.0,56600000.0,20100000.0,3000000.0,19200000.0,,,,,,629900000.0,,,,,,86300000.0,,,-112700000.0,12200000.0,,-519500000.0,-2300000.0,
2021-09-30,3219200000.0,1143300000.0,2075900000.0,484600000.0,354200000.0,1290800000.0,785100000.0,,561800000.0,67000000.0,494800000.0,0.9,0.87,551300000.0,565900000.0,253300000.0,,985600000.0,713600000.0,,,194600000.0,2149100000.0,,923700000.0,6673600000.0,4479800000.0,250200000.0,16215000000.0,302600000.0,819200000.0,,1121800000.0,,,662100000.0,483900000.0,,3654000000.0,-24400000.0,5702900000.0,16215000000.0,549700000.0,112300000.0,-11200000.0,-12100000.0,49800000.0,,,,,,1241600000.0,,,,,,164800000.0,,,-208700000.0,33400000.0,,-1059600000.0,-26700000.0,
2021-12-31,4976700000.0,1747500000.0,3229200000.0,730000000.0,531700000.0,1929100000.0,1300100000.0,,1003300000.0,155700000.0,847600000.0,1.54,1.5,554900000.0,567300000.0,313500000.0,,930100000.0,768200000.0,,,186700000.0,2200500000.0,,929900000.0,6673600000.0,4256300000.0,265400000.0,16047200000.0,301300000.0,917400000.0,,1218700000.0,,,673500000.0,441800000.0,,3878100000.0,-23300000.0,5803300000.0,16047200000.0,850300000.0,163200000.0,6100000.0,-67600000.0,105000000.0,,,,,,2095000000.0,,,,,,255500000.0,,,-335000000.0,47100000.0,,-1726500000.0,33500000.0,
2022-03-31,6820900000.0,2371300000.0,4449600000.0,989100000.0,718900000.0,2600000000.0,1849600000.0,,1482500000.0,197000000.0,1285500000.0,2.33,2.27,552300000.0,565900000.0,317400000.0,,1072600000.0,854400000.0,1757300000.0,,206200000.0,2452600000.0,,967900000.0,6673600000.0,4043100000.0,265200000.0,16199500000.0,344700000.0,1054300000.0,,1399000000.0,,,704600000.0,473900000.0,,4175200000.0,-20600000.0,5894800000.0,16199500000.0,1143500000.0,210200000.0,7900000.0,74900000.0,177800000.0,,,,,,2842700000.0,0.0,,,,,370100000.0,,,-477700000.0,70500000.0,,-2327600000.0,37400000.0,
2022-06-30,1963600000.0,653700000.0,1309900000.0,269000000.0,188900000.0,608600000.0,701300000.0,,646600000.0,139400000.0,507200000.0,0.92,0.9,553800000.0,561500000.0,377100000.0,,1145000000.0,911800000.0,,,207300000.0,2643200000.0,,994900000.0,6673600000.0,3869400000.0,279600000.0,16208400000.0,304700000.0,1180700000.0,,1485400000.0,,,706300000.0,434200000.0,,4575900000.0,-16600000.0,5977900000.0,16208400000.0,259400000.0,41200000.0,74700000.0,72400000.0,65000000.0,,,,,,840400000.0,,,,,,121900000.0,,,-153800000.0,13400000.0,,-626900000.0,59700000.0,
2022-09-30,4036800000.0,1329000000.0,2707800000.0,537600000.0,391300000.0,1251400000.0,1456400000.0,,1345700000.0,292300000.0,1053400000.0,1.91,1.88,552700000.0,559900000.0,304800000.0,,1133200000.0,1030300000.0,,,205700000.0,2676000000.0,,1088300000.0,6673600000.0,3704900000.0,306000000.0,16141100000.0,379800000.0,1160000000.0,,2538400000.0,,,666800000.0,486400000.0,,4956000000.0,-11600000.0,6103100000.0,16141100000.0,511200000.0,82500000.0,131300000.0,60600000.0,190200000.0,,,,,,1633600000.0,,,,,,232200000.0,,,-284600000.0,37800000.0,,-1361600000.0,-12600000.0,
2022-12-31,6206000000.0,2027400000.0,4178600000.0,820000000.0,594200000.0,1910600000.0,2268000000.0,,2107900000.0,474200000.0,1633700000.0,2.96,2.93,551500000.0,558400000.0,288900000.0,,1175000000.0,1165400000.0,,,204400000.0,2833700000.0,,1113700000.0,6673600000.0,3544800000.0,320300000.0,16116100000.0,354800000.0,1256300000.0,,1611100000.0,,,660300000.0,904100000.0,,5356000000.0,-17500000.0,6311600000.0,16116100000.0,755200000.0,126500000.0,185400000.0,102400000.0,324800000.0,,,,,,2911500000.0,,,,,,373500000.0,,,-448700000.0,54300000.0,,-2491300000.0,-28500000.0,
2023-03-31,8438700000.0,2740800000.0,5697900000.0,1118300000.0,797700000.0,2581900000.0,3116000000.0,,2909700000.0,672000000.0,2237700000.0,4.07,4.02,550400000.0,557300000.0,234000000.0,,1305300000.0,1324900000.0,1580600000.0,,205100000.0,3069300000.0,,1177900000.0,6673600000.0,3369000000.0,457200000.0,16370300000.0,396900000.0,1323500000.0,121400000.0,3118600000.0,,,705700000.0,948000000.0,,5764100000.0,-4100000.0,6513600000.0,16370300000.0,998400000.0,170400000.0,205500000.0,232700000.0,483200000.0,,,,,,3621000000.0,,,,,,486200000.0,,,-599500000.0,82300000.0,,-3104900000.0,-83400000.0,
2023-06-30,2288600000.0,730200000.0,1558400000.0,298500000.0,203600000.0,655300000.0,903100000.0,,848300000.0,181900000.0,666400000.0,1.22,1.21,545100000.0,551400000.0,271200000.0,,1465000000.0,1336400000.0,,,197000000.0,3269600000.0,,1185700000.0,6675400000.0,3252800000.0,507400000.0,16494600000.0,281300000.0,1539600000.0,151900000.0,3219600000.0,,,718900000.0,1050300000.0,,6221600000.0,-4400000.0,6831300000.0,16494600000.0,222900000.0,44500000.0,23900000.0,159700000.0,10600000.0,,,,,,993200000.0,,,,,,111100000.0,,,-140900000.0,15300000.0,,-815100000.0,37200000.0,
2023-09-30,4542900000.0,1457100000.0,3085800000.0,591100000.0,400200000.0,1297700000.0,1788100000.0,,1681900000.0,348900000.0,1333000000.0,2.45,2.42,544100000.0,550300000.0,256600000.0,,1706200000.0,1330900000.0,,,232700000.0,3526400000.0,,1206900000.0,6675400000.0,3088800000.0,527900000.0,16601400000.0,283500000.0,1468000000.0,175700000.0,3412600000.0,,,678500000.0,1093000000.0,,6665500000.0,-2800000.0,6968500000.0,16601400000.0,441900000.0,89900000.0,27000000.0,400900000.0,5100000.0,,,,,,1609400000.0,,,,,,185500000.0,,,-234700000.0,40600000.0,,-1352100000.0,22600000.0,
2023-12-31,6308600000.0,2102800000.0,4205800000.0,857100000.0,572400000.0,1888300000.0,2317500000.0,,2166200000.0,414000000.0,1752200000.0,3.23,3.19,543000000.0,549000000.0,281000000.0,,1398100000.0,1311100000.0,,,229400000.0,3219600000.0,,1208300000.0,6675400000.0,2936500000.0,565000000.0,16143000000.0,242200000.0,1388900000.0,203200000.0,3293200000.0,,,635100000.0,1068200000.0,,6847300000.0,-4800000.0,7080200000.0,16143000000.0,661300000.0,134700000.0,44100000.0,92800000.0,-16200000.0,,,,,,2462700000.0,,,,,,245000000.0,,,-320900000.0,57700000.0,,-2094800000.0,47000000.0,
2024-03-31,7634400000.0,2638700000.0,4995700000.0,1097400000.0,734200000.0,2424700000.0,2571000000.0,,2365900000.0,459000000.0,1906900000.0,3.52,3.48,542000000.0,548000000.0,319700000.0,,1143700000.0,1316000000.0,1567700000.0,,233600000.0,3013000000.0,,1194600000.0,6675400000.0,2781800000.0,611900000.0,15873200000.0,213000000.0,1307000000.0,261800000.0,2519400000.0,,,649200000.0,1017600000.0,,6759500000.0,-3500000.0,6657800000.0,15873200000.0,879500000.0,177500000.0,-27200000.0,-161600000.0,-12800000.0,,,,,,2892700000.0,,,,,,285100000.0,,,-392100000.0,82100000.0,,-2414900000.0,85700000.0,
2024-06-30,1241300000.0,504400000.0,736900000.0,241700000.0,150500000.0,517800000.0,219100000.0,,161800000.0,32500000.0,129300000.0,0.24,0.24,536700000.0,542800000.0,315100000.0,,1095800000.0,1308000000.0,,,229400000.0,2948300000.0,,1196200000.0,6681900000.0,2775500000.0,637300000.0,15839700000.0,196400000.0,1323900000.0,262600000.0,1520300000.0,,,655600000.0,1057700000.0,,6646200000.0,-3700000.0,6406000000.0,15839700000.0,188700000.0,44000000.0,-8100000.0,-47900000.0,-9200000.0,,,,,,377100000.0,,,,,,72900000.0,,,-125500000.0,13100000.0,,-256200000.0,-4600000.0,
2024-09-30,2405100000.0,999700000.0,1405400000.0,482400000.0,307500000.0,1039700000.0,365700000.0,,253300000.0,45600000.0,207700000.0,0.39,0.38,536700000.0,542400000.0,286100000.0,,1044300000.0,1339600000.0,,,235500000.0,2905500000.0,,1171200000.0,6681900000.0,2654500000.0,571700000.0,15622300000.0,204200000.0,1135200000.0,240800000.0,3285700000.0,,,590400000.0,963900000.0,,6480900000.0,-7800000.0,6275900000.0,15622300000.0,376300000.0,90300000.0,-49700000.0,-99400000.0,18300000.0,,,,,,420700000.0,,,,,,93700000.0,,-2400000.0,-189700000.0,33600000.0,,-264600000.0,-33600000.0,
