Date,Net sales,Cost of sales,Gross margin,Research and development,"Selling, general and administrative",Total operating expenses,Operating income,"Other income/(expense), net",Income before provision for income taxes,Provision for income taxes,Net income,Earnings per share basic,Earnings per share diluted,Weighted-average basic,Weighted-average diluted,Cash and cash equivalents,Short-term marketable securities,"Accounts receivable, net",Inventories,Deferred tax assets,Vendor non-trade receivables,Other current assets,Total current assets,Long-term marketable securities,"Property, Plant and Equipment, Net",Goodwill,"Acquired intangible assets, net","Other Assets, Noncurrent",Total assets,accounts payable,Accrued expenses,Deferred revenue,Total current liabilities,Deferred revenue - non-current,deferred tax liabilities,long term taxes payable,Total other non-current liabilities,Total liabilities,Retained Earnings (Accumulated Deficit),Accumulated other comprehensive (loss)/income,Total shareholders equity,Total liabilities and shareholders' equity,"Depreciation, amortization and accretion",Stock-based compensation expense,Deferred income tax expense,"Increase (Decrease) in Accounts receivable, net",Increase (Decrease) in Inventories,Increase (Decrease) in Other Receivables,Increase (Decrease) in Other Operating Assets,Increase (Decrease) in Accounts Payable,Increase (Decrease) in Deferred Revenue,Increase (Decrease) Other liabilities,Cash generated by operating activities,Purchases of marketable securities,Proceeds from maturities of marketable securities,Proceeds from sales of marketable securities,Purchases of other long-term investments,"Business acquisitions, net of cash acquired",Cash payments for capital asset purchases,Payments for acquisition of intangible assets,Payments for (Proceeds from) Other Investing Activities,Cash used in investing activities,Proceeds from issuance of common stock,Excess tax benefits from stock-based compensation,Cash generated/used in financing activities,Increase/(decrease) in cash and cash equivalents,"Cash paid for income taxes, net"
2009-12-31,82059000000.0,77966000000.0,4093000000.0,,,2658000000.0,1435000000.0,39000000.0,,417000000.0,,3.41,3.36,269000000.0,274000000.0,3428000000.0,,,8842000000.0,,,265000000.0,20854000000.0,,835000000.0,3559000000.0,580000000.0,1475000000.0,27539000000.0,13021000000.0,2430000000.0,1250000000.0,16918000000.0,,,,1204000000.0,,6921000000.0,23000000.0,,27539000000.0,350000000.0,83000000.0,,-415000000.0,-205000000.0,,,1131000000.0,57000000.0,,1725000000.0,,,,,18000000.0,137000000.0,,-31000000.0,-203000000.0,159000000.0,,-237000000.0,1319000000.0,
2010-03-31,108702000000.0,103026000000.0,5676000000.0,376000000.0,,3668000000.0,2008000000.0,43000000.0,,601000000.0,,4.7,4.62,269000000.0,273000000.0,3731000000.0,,,9441000000.0,,,257000000.0,21504000000.0,,851000000.0,3568000000.0,551000000.0,1481000000.0,28189000000.0,13255000000.0,2536000000.0,1218000000.0,17012000000.0,,,,1352000000.0,,7236000000.0,6000000.0,,28189000000.0,,114000000.0,,-133000000.0,-782000000.0,,,1340000000.0,27000000.0,,2316000000.0,,,,,18000000.0,199000000.0,,-31000000.0,-309000000.0,212000000.0,,-421000000.0,1622000000.0,234000000.0
2010-06-30,27450000000.0,26058000000.0,1392000000.0,,,,474000000.0,9000000.0,,142000000.0,,1.12,1.1,266000000.0,272000000.0,3265000000.0,,,9429000000.0,,,265000000.0,20791000000.0,,864000000.0,3522000000.0,522000000.0,1472000000.0,27399000000.0,13296000000.0,2434000000.0,1160000000.0,16890000000.0,,,,1352000000.0,,7488000000.0,-51000000.0,,27399000000.0,120000000.0,33000000.0,,-172000000.0,28000000.0,,,80000000.0,-69000000.0,,528000000.0,,,,,,52000000.0,,-8000000.0,-79000000.0,,,-903000000.0,-466000000.0,
2010-09-30,54984000000.0,52226000000.0,2758000000.0,,,1867000000.0,891000000.0,12000000.0,,263000000.0,,2.39,2.34,262000000.0,267000000.0,3050000000.0,,,8763000000.0,,,256000000.0,20244000000.0,,860000000.0,3529000000.0,520000000.0,1484000000.0,26792000000.0,12834000000.0,1411000000.0,1066000000.0,16385000000.0,,,,1313000000.0,,7767000000.0,-2000000.0,,26792000000.0,238000000.0,66000000.0,,145000000.0,-662000000.0,,,-417000000.0,-178000000.0,,798000000.0,,,,,,107000000.0,,22000000.0,-95000000.0,194000000.0,,-1376000000.0,-681000000.0,
2010-12-31,83231000000.0,79012000000.0,4219000000.0,,,3021000000.0,1198000000.0,19000000.0,,369000000.0,,3.01,2.96,259000000.0,264000000.0,3213000000.0,,,9547000000.0,,,286000000.0,21693000000.0,,934000000.0,4321000000.0,1596000000.0,1699000000.0,30396000000.0,13581000000.0,1890000000.0,1357000000.0,19685000000.0,,,,1326000000.0,,7876000000.0,51000000.0,,30396000000.0,352000000.0,99000000.0,,198000000.0,-22000000.0,,,52000000.0,82000000.0,,1338000000.0,,,,,292000000.0,157000000.0,,15000000.0,-466000000.0,238000000.0,,-1396000000.0,-518000000.0,
2011-03-31,112084000000.0,106114000000.0,5970000000.0,407000000.0,,4149000000.0,1821000000.0,36000000.0,1635000000.0,505000000.0,1202000000.0,4.65,4.57,258000000.0,263000000.0,3612000000.0,,,9225000000.0,-964000000.0,,333000000.0,22357000000.0,,991000000.0,4364000000.0,1456000000.0,1566000000.0,30886000000.0,14090000000.0,1861000000.0,1321000000.0,18726000000.0,,,,1353000000.0,,8250000000.0,87000000.0,7220000000.0,30886000000.0,,137000000.0,128000000.0,673000000.0,-367000000.0,,,533000000.0,42000000.0,,2338000000.0,,,,,292000000.0,233000000.0,,53000000.0,-624000000.0,367000000.0,,-1841000000.0,-119000000.0,347000000.0
2011-06-30,29980000000.0,28471000000.0,1509000000.0,,,,472000000.0,8000000.0,416000000.0,130000000.0,286000000.0,1.15,1.13,249000000.0,254000000.0,3116000000.0,,,9530000000.0,,,,22374000000.0,,988000000.0,4439000000.0,1414000000.0,1649000000.0,31017000000.0,14547000000.0,1820000000.0,1290000000.0,19142000000.0,,,,1383000000.0,,8486000000.0,103000000.0,6917000000.0,31017000000.0,135000000.0,39000000.0,,195000000.0,303000000.0,,,445000000.0,-50000000.0,,326000000.0,,,,,105000000.0,58000000.0,,-60000000.0,-154000000.0,,,-668000000.0,-496000000.0,
2011-09-30,60196000000.0,57040000000.0,3156000000.0,,,2206000000.0,950000000.0,14000000.0,836000000.0,254000000.0,582000000.0,2.35,2.31,247000000.0,252000000.0,3943000000.0,,,9426000000.0,,,,23262000000.0,,1006000000.0,4487000000.0,1383000000.0,1769000000.0,31907000000.0,14895000000.0,1980000000.0,1528000000.0,19845000000.0,,,,1368000000.0,,8731000000.0,-21000000.0,7116000000.0,31907000000.0,271000000.0,78000000.0,,435000000.0,269000000.0,,,880000000.0,191000000.0,,1395000000.0,,,,,191000000.0,126000000.0,,-69000000.0,-349000000.0,,,-685000000.0,331000000.0,
2011-12-31,91035000000.0,86313000000.0,4722000000.0,,,3280000000.0,1442000000.0,12000000.0,1262000000.0,380000000.0,882000000.0,3.57,3.51,247000000.0,252000000.0,4191000000.0,,,10376000000.0,,,,24569000000.0,,1015000000.0,4497000000.0,1341000000.0,1735000000.0,33157000000.0,15677000000.0,2120000000.0,1471000000.0,20715000000.0,,,,1408000000.0,,8981000000.0,2000000.0,7456000000.0,33157000000.0,408000000.0,113000000.0,,575000000.0,1200000000.0,,,1636000000.0,122000000.0,,1716000000.0,,,,,204000000.0,170000000.0,,-81000000.0,-430000000.0,122000000.0,,-697000000.0,579000000.0,
2012-03-31,122734000000.0,116167000000.0,6567000000.0,440000000.0,,4418000000.0,2149000000.0,21000000.0,1919000000.0,516000000.0,1403000000.0,5.7,5.59,246000000.0,251000000.0,3149000000.0,,,10073000000.0,-1160000000.0,,,23603000000.0,,1043000000.0,5032000000.0,1750000000.0,1665000000.0,33093000000.0,16114000000.0,2149000000.0,1423000000.0,21686000000.0,,88000000.0,,1504000000.0,,9451000000.0,5000000.0,6831000000.0,33093000000.0,,154000000.0,165000000.0,770000000.0,878000000.0,,,2027000000.0,66000000.0,,2950000000.0,,,,,1156000000.0,225000000.0,,-89000000.0,-1502000000.0,167000000.0,,-1905000000.0,-463000000.0,337000000.0
2012-06-30,30798000000.0,29198000000.0,1600000000.0,,,1021000000.0,579000000.0,8000000.0,531000000.0,151000000.0,380000000.0,1.61,1.58,236000000.0,240000000.0,2013000000.0,,,10059000000.0,,,,22054000000.0,,1221000000.0,5025000000.0,1678000000.0,1770000000.0,31748000000.0,15151000000.0,1587000000.0,1317000000.0,20097000000.0,,,,1376000000.0,,9783000000.0,-30000000.0,,31748000000.0,140000000.0,42000000.0,,-444000000.0,4000000.0,,,-936000000.0,-102000000.0,,-552000000.0,,,,,108000000.0,46000000.0,,-42000000.0,-150000000.0,43000000.0,,-425000000.0,-1136000000.0,
2012-09-30,60648000000.0,57328000000.0,3320000000.0,,,2130000000.0,1190000000.0,18000000.0,1097000000.0,316000000.0,781000000.0,3.31,3.25,236000000.0,240000000.0,2831000000.0,,,10070000000.0,,,,23091000000.0,,1223000000.0,5128000000.0,,1827000000.0,32968000000.0,15501000000.0,1503000000.0,1528000000.0,20750000000.0,,,,1430000000.0,,10135000000.0,46000000.0,,32968000000.0,282000000.0,82000000.0,,-219000000.0,-16000000.0,,,-629000000.0,147000000.0,,459000000.0,,,,,251000000.0,86000000.0,,-67000000.0,-351000000.0,80000000.0,,-433000000.0,-318000000.0,
2012-12-31,91835000000.0,86847000000.0,4988000000.0,,,3313000000.0,1675000000.0,28000000.0,1533000000.0,454000000.0,1079000000.0,4.58,4.49,236000000.0,240000000.0,2726000000.0,,,10390000000.0,,,,23439000000.0,,1247000000.0,5310000000.0,,1638000000.0,33433000000.0,15047000000.0,1705000000.0,1431000000.0,20208000000.0,,,,1603000000.0,,10384000000.0,35000000.0,,33433000000.0,428000000.0,123000000.0,,-57000000.0,313000000.0,,,-1081000000.0,49000000.0,,276000000.0,,,,,577000000.0,151000000.0,,-61000000.0,-784000000.0,112000000.0,,82000000.0,-423000000.0,
2013-03-31,122455000000.0,115471000000.0,6984000000.0,480000000.0,,4669000000.0,2315000000.0,35000000.0,1919000000.0,581000000.0,1338000000.0,5.71,5.59,235000000.0,239000000.0,2456000000.0,,,10335000000.0,-1867000000.0,,,23170000000.0,,1321000000.0,6405000000.0,,1620000000.0,34786000000.0,16108000000.0,1912000000.0,1359000000.0,21357000000.0,,278000000.0,,1838000000.0,,10402000000.0,-65000000.0,7070000000.0,34786000000.0,,167000000.0,606000000.0,-326000000.0,59000000.0,,,-125000000.0,-25000000.0,,2483000000.0,,,,,1873000000.0,246000000.0,,-38000000.0,-2209000000.0,,,-956000000.0,-693000000.0,55000000.0
2013-06-30,32208000000.0,30288000000.0,1920000000.0,,,1273000000.0,647000000.0,6000000.0,594000000.0,174000000.0,424000000.0,1.86,1.83,227000000.0,232000000.0,2905000000.0,,,10332000000.0,,,,24067000000.0,,1333000000.0,6262000000.0,,1633000000.0,35491000000.0,16654000000.0,1908000000.0,1155000000.0,21481000000.0,,,,2080000000.0,,10780000000.0,-118000000.0,,35491000000.0,154000000.0,,,145000000.0,60000000.0,,,592000000.0,-107000000.0,,716000000.0,,,,,74000000.0,68000000.0,,10000000.0,-184000000.0,,,-73000000.0,449000000.0,
2013-09-30,65162000000.0,61233000000.0,3929000000.0,,,2603000000.0,1326000000.0,15000000.0,1223000000.0,387000000.0,828000000.0,3.63,3.56,229000000.0,233000000.0,2960000000.0,,,10484000000.0,,,,24545000000.0,,1348000000.0,6323000000.0,,1581000000.0,35947000000.0,16435000000.0,2006000000.0,1056000000.0,21379000000.0,,,,2058000000.0,,11130000000.0,-16000000.0,,35947000000.0,316000000.0,73000000.0,,390000000.0,235000000.0,,,347000000.0,-211000000.0,,813000000.0,,,,,116000000.0,131000000.0,,-39000000.0,-274000000.0,,,-37000000.0,504000000.0,
2013-12-31,99468000000.0,93699000000.0,5769000000.0,,,3958000000.0,1811000000.0,-8000000.0,1631000000.0,639000000.0,892000000.0,3.9,3.83,230000000.0,234000000.0,2431000000.0,,,11462000000.0,,,,25234000000.0,,1359000000.0,6300000000.0,,1520000000.0,36479000000.0,16638000000.0,2108000000.0,1286000000.0,21904000000.0,,,,2027000000.0,,11138000000.0,-68000000.0,,36479000000.0,475000000.0,115000000.0,,865000000.0,1387000000.0,,,584000000.0,20000000.0,,472000000.0,,,,,116000000.0,188000000.0,,65000000.0,-422000000.0,,,-73000000.0,-25000000.0,
2014-03-31,137609000000.0,129300000000.0,8309000000.0,456000000.0,5418000000.0,5942000000.0,2367000000.0,32000000.0,2096000000.0,742000000.0,1263000000.0,5.51,5.41,229000000.0,233000000.0,4193000000.0,,,13308000000.0,51000000.0,,,32573000000.0,,2222000000.0,9927000000.0,,2015000000.0,51759000000.0,21429000000.0,3478000000.0,1236000000.0,29501000000.0,,1283000000.0,,2991000000.0,,11453000000.0,-3000000.0,8522000000.0,51759000000.0,,160000000.0,16000000.0,885000000.0,1201000000.0,,,2412000000.0,-36000000.0,,3136000000.0,,,,,4634000000.0,274000000.0,,94000000.0,-5046000000.0,,,3619000000.0,1737000000.0,508000000.0
2014-06-30,44058000000.0,41261000000.0,2797000000.0,,,2109000000.0,688000000.0,20000000.0,607000000.0,182000000.0,403000000.0,1.75,1.72,231000000.0,235000000.0,4105000000.0,,,14124000000.0,,,,33973000000.0,,2209000000.0,10431000000.0,,2003000000.0,53006000000.0,22812000000.0,3121000000.0,1124000000.0,29245000000.0,,,,2855000000.0,,11800000000.0,107000000.0,8979000000.0,53006000000.0,284000000.0,,,699000000.0,901000000.0,,,1368000000.0,-134000000.0,,182000000.0,,,,,14000000.0,86000000.0,,-21000000.0,-112000000.0,,,-167000000.0,-88000000.0,
2014-09-30,88816000000.0,83096000000.0,5720000000.0,,,4244000000.0,1476000000.0,44000000.0,1320000000.0,404000000.0,872000000.0,3.77,3.71,232000000.0,235000000.0,3804000000.0,,,14063000000.0,,,,33879000000.0,,2174000000.0,10095000000.0,,1985000000.0,52232000000.0,22656000000.0,2992000000.0,1003000000.0,29337000000.0,,,,2749000000.0,,12211000000.0,-425000000.0,8931000000.0,52232000000.0,543000000.0,82000000.0,,1535000000.0,1161000000.0,,,1502000000.0,-251000000.0,,165000000.0,,,,,31000000.0,191000000.0,,4000000.0,-307000000.0,,,-168000000.0,-389000000.0,
2014-12-31,135821000000.0,127159000000.0,8662000000.0,,,6406000000.0,2256000000.0,57000000.0,2016000000.0,587000000.0,1344000000.0,5.8,5.72,232000000.0,236000000.0,4587000000.0,,,15378000000.0,,,,37141000000.0,,2156000000.0,9956000000.0,,1993000000.0,55110000000.0,25205000000.0,3224000000.0,1231000000.0,32778000000.0,,,,2734000000.0,,12628000000.0,-804000000.0,9084000000.0,55110000000.0,793000000.0,127000000.0,,2832000000.0,2654000000.0,,,4164000000.0,-19000000.0,,1229000000.0,,,,,40000000.0,286000000.0,,9000000.0,-439000000.0,,,-252000000.0,394000000.0,
2015-03-31,179045000000.0,167634000000.0,11411000000.0,392000000.0,7901000000.0,8443000000.0,2968000000.0,63000000.0,2657000000.0,815000000.0,1476000000.0,6.37,6.27,232000000.0,235000000.0,5341000000.0,,,14296000000.0,26000000.0,,,36670000000.0,,2045000000.0,9817000000.0,,1897000000.0,53870000000.0,25166000000.0,3769000000.0,1078000000.0,33497000000.0,,859000000.0,,2722000000.0,,12705000000.0,-1713000000.0,8001000000.0,53870000000.0,,174000000.0,171000000.0,2821000000.0,2144000000.0,,,4718000000.0,-141000000.0,,3112000000.0,,,,,170000000.0,376000000.0,,-23000000.0,-677000000.0,,,-968000000.0,1148000000.0,866000000.0
2015-06-30,47546000000.0,44698000000.0,2848000000.0,,,1917000000.0,931000000.0,13000000.0,855000000.0,256000000.0,576000000.0,2.49,2.45,232000000.0,235000000.0,5635000000.0,,,14932000000.0,,,,38571000000.0,,2100000000.0,9949000000.0,,1879000000.0,55925000000.0,26319000000.0,3892000000.0,939000000.0,34673000000.0,,,,2741000000.0,,13227000000.0,-1434000000.0,8853000000.0,55925000000.0,229000000.0,,,749000000.0,635000000.0,,,1003000000.0,-126000000.0,,454000000.0,,,,,6000000.0,77000000.0,,-25000000.0,-17000000.0,,,-203000000.0,294000000.0,
2015-09-30,96307000000.0,90615000000.0,5692000000.0,,,3807000000.0,1885000000.0,30000000.0,1735000000.0,500000000.0,1193000000.0,5.15,5.08,232000000.0,235000000.0,5359000000.0,,,15587000000.0,,,,38749000000.0,,2108000000.0,9811000000.0,,1897000000.0,55819000000.0,27151000000.0,3650000000.0,807000000.0,34775000000.0,,,,2625000000.0,,13780000000.0,-1644000000.0,8788000000.0,55819000000.0,451000000.0,78000000.0,,1037000000.0,1469000000.0,,,1960000000.0,-258000000.0,,1251000000.0,,,,,11000000.0,178000000.0,,-12000000.0,-69000000.0,,,-1190000000.0,18000000.0,
2015-12-31,144206000000.0,135642000000.0,8564000000.0,,,5759000000.0,2805000000.0,43000000.0,2581000000.0,704000000.0,1827000000.0,7.91,7.81,231000000.0,234000000.0,3406000000.0,,,16411000000.0,,,,38261000000.0,,2112000000.0,9701000000.0,,1910000000.0,55087000000.0,26854000000.0,3644000000.0,999000000.0,34479000000.0,,,,2555000000.0,,7995000000.0,-1845000000.0,8876000000.0,55087000000.0,671000000.0,113000000.0,,1667000000.0,2397000000.0,,,1695000000.0,-66000000.0,,566000000.0,,,,,25000000.0,272000000.0,,-10000000.0,-228000000.0,,,-2247000000.0,-1935000000.0,
2016-03-31,190884000000.0,179468000000.0,11416000000.0,392000000.0,7276000000.0,7871000000.0,3545000000.0,58000000.0,3250000000.0,908000000.0,2258000000.0,9.82,9.7,230000000.0,233000000.0,4048000000.0,,,15335000000.0,0.0,,,38437000000.0,,2278000000.0,9786000000.0,,3041000000.0,56563000000.0,28585000000.0,3948000000.0,919000000.0,35071000000.0,,2734000000.0,,1809000000.0,,8360000000.0,-1561000000.0,8924000000.0,56563000000.0,,123000000.0,64000000.0,1957000000.0,1251000000.0,,,3302000000.0,-120000000.0,,3672000000.0,,,,,40000000.0,488000000.0,,111000000.0,-1557000000.0,,,-3453000000.0,-1293000000.0,923000000.0
2016-06-30,49733000000.0,46826000000.0,2907000000.0,,,1935000000.0,972000000.0,19000000.0,912000000.0,239000000.0,542000000.0,2.41,2.38,225000000.0,228000000.0,4659000000.0,,,15500000000.0,,,,39038000000.0,,2430000000.0,11127000000.0,,2166000000.0,57904000000.0,30424000000.0,3162000000.0,820000000.0,36574000000.0,,,,1768000000.0,,8843000000.0,-1739000000.0,9249000000.0,57904000000.0,242000000.0,,,300000000.0,121000000.0,,,1549000000.0,-113000000.0,,1859000000.0,,,,,1819000000.0,76000000.0,,55000000.0,-1154000000.0,,,-82000000.0,611000000.0,
2016-09-30,99690000000.0,94027000000.0,5663000000.0,,,3821000000.0,1552000000.0,42000000.0,1437000000.0,439000000.0,849000000.0,3.76,3.72,226000000.0,228000000.0,5464000000.0,,,15273000000.0,,,,41338000000.0,,2300000000.0,9693000000.0,,1923000000.0,58315000000.0,31037000000.0,2973000000.0,271000000.0,37051000000.0,,,,1727000000.0,,9088000000.0,-1854000000.0,9449000000.0,58315000000.0,459000000.0,79000000.0,,657000000.0,-162000000.0,,,2172000000.0,-254000000.0,,2928000000.0,,,,,2041000000.0,151000000.0,,-98000000.0,-1346000000.0,,,-114000000.0,1416000000.0,
2016-12-31,149820000000.0,141345000000.0,8475000000.0,,,5802000000.0,2383000000.0,65000000.0,2217000000.0,570000000.0,1482000000.0,6.62,6.56,224000000.0,226000000.0,2434000000.0,,,16121000000.0,,,,39268000000.0,,2411000000.0,10612000000.0,,2000000000.0,57874000000.0,30811000000.0,3113000000.0,402000000.0,38174000000.0,,,,1684000000.0,,9663000000.0,-2228000000.0,7692000000.0,57874000000.0,663000000.0,109000000.0,,654000000.0,374000000.0,,,1891000000.0,-58000000.0,,3309000000.0,,,,,4174000000.0,246000000.0,,-80000000.0,-3619000000.0,,,-1145000000.0,-1614000000.0,
2017-03-31,198533000000.0,187262000000.0,11271000000.0,341000000.0,7466000000.0,4162000000.0,7109000000.0,90000000.0,6891000000.0,1614000000.0,5070000000.0,22.95,22.73,221000000.0,223000000.0,2783000000.0,,,15278000000.0,1156000000.0,,,36948000000.0,,2292000000.0,10586000000.0,,3415000000.0,60969000000.0,31022000000.0,3004000000.0,346000000.0,35612000000.0,,3678000000.0,,1774000000.0,,13189000000.0,-2141000000.0,11095000000.0,60969000000.0,,115000000.0,882000000.0,762000000.0,-320000000.0,,,2070000000.0,-87000000.0,,4744000000.0,,,,,4237000000.0,404000000.0,,-75000000.0,-3796000000.0,,,-2069000000.0,-1265000000.0,587000000.0
2017-06-30,51051000000.0,48491000000.0,2560000000.0,,,1927000000.0,633000000.0,,458000000.0,95000000.0,309000000.0,1.46,1.45,211000000.0,213000000.0,2339000000.0,,,15498000000.0,,,,37697000000.0,,2349000000.0,11750000000.0,,1927000000.0,61816000000.0,32015000000.0,2977000000.0,279000000.0,35799000000.0,,,,1938000000.0,,13442000000.0,-1936000000.0,11303000000.0,61816000000.0,227000000.0,,,363000000.0,59000000.0,,,463000000.0,-73000000.0,,741000000.0,,,,,1485000000.0,75000000.0,,-2000000.0,-129000000.0,,,-1131000000.0,-444000000.0,
2017-09-30,103112000000.0,97718000000.0,5394000000.0,,,3936000000.0,872000000.0,,636000000.0,217000000.0,310000000.0,1.48,1.47,210000000.0,211000000.0,2563000000.0,,,16885000000.0,,,,39794000000.0,,2348000000.0,11732000000.0,,1971000000.0,63846000000.0,33580000000.0,3291000000.0,63000000.0,37765000000.0,,,,2082000000.0,,13370000000.0,-1710000000.0,11143000000.0,63846000000.0,463000000.0,57000000.0,,812000000.0,1217000000.0,,,1808000000.0,-138000000.0,,1339000000.0,,,,,1874000000.0,164000000.0,,26000000.0,-396000000.0,,,-1272000000.0,-220000000.0,
2017-12-31,156729000000.0,148620000000.0,8109000000.0,,,5920000000.0,1706000000.0,,1333000000.0,-263000000.0,1213000000.0,5.8,5.76,209000000.0,210000000.0,2619000000.0,,,17103000000.0,,,,40195000000.0,,2401000000.0,11828000000.0,,1991000000.0,64213000000.0,33009000000.0,3295000000.0,68000000.0,37652000000.0,,,,2807000000.0,,14202000000.0,-1726000000.0,11734000000.0,64213000000.0,697000000.0,57000000.0,,1046000000.0,1410000000.0,,,1203000000.0,-134000000.0,,1323000000.0,,,,,1979000000.0,269000000.0,,36000000.0,-483000000.0,,,-1147000000.0,-164000000.0,
2018-03-31,208357000000.0,197173000000.0,11184000000.0,125000000.0,8138000000.0,10422000000.0,762000000.0,130000000.0,239000000.0,-53000000.0,-1146000000.0,-5.58,-5.58,208000000.0,209000000.0,2672000000.0,,,16310000000.0,801000000.0,,,37136000000.0,,2464000000.0,10924000000.0,,2027000000.0,60381000000.0,32177000000.0,3316000000.0,63000000.0,36685000000.0,,2804000000.0,,2625000000.0,,12986000000.0,-1717000000.0,9804000000.0,60381000000.0,,69000000.0,-868000000.0,-1175000000.0,458000000.0,,,271000000.0,-143000000.0,,4345000000.0,,,,,2893000000.0,405000000.0,,18000000.0,-1522000000.0,,,-3084000000.0,-111000000.0,144000000.0
2018-06-30,52607000000.0,49828000000.0,2779000000.0,,,2696000000.0,83000000.0,,6000000.0,87000000.0,-138000000.0,-0.68,-0.68,202000000.0,202000000.0,2199000000.0,,,16364000000.0,,,,38214000000.0,,2483000000.0,10585000000.0,,2070000000.0,61282000000.0,32063000000.0,3125000000.0,,38348000000.0,,,,2448000000.0,,12932000000.0,-1801000000.0,9407000000.0,61282000000.0,235000000.0,,,1414000000.0,114000000.0,,,32000000.0,,,-1061000000.0,,,,,826000000.0,101000000.0,,-96000000.0,-875000000.0,,,1541000000.0,-473000000.0,
2018-09-30,105682000000.0,100099000000.0,5583000000.0,,,4811000000.0,772000000.0,,593000000.0,122000000.0,499000000.0,2.52,2.51,200000000.0,201000000.0,2118000000.0,,,16671000000.0,,,,38544000000.0,,2488000000.0,10627000000.0,,2025000000.0,61421000000.0,33227000000.0,3116000000.0,,38863000000.0,,,,2197000000.0,,13354000000.0,-1762000000.0,9326000000.0,61421000000.0,475000000.0,,,1705000000.0,398000000.0,,,1197000000.0,,,318000000.0,,,,,840000000.0,178000000.0,,-59000000.0,-983000000.0,,,198000000.0,-554000000.0,
2018-12-31,161890000000.0,153337000000.0,8553000000.0,,,7098000000.0,1455000000.0,,1243000000.0,245000000.0,830000000.0,4.19,4.18,198000000.0,199000000.0,1849000000.0,,,16951000000.0,,,,38319000000.0,,2503000000.0,10519000000.0,,2184000000.0,61011000000.0,32091000000.0,3165000000.0,,37424000000.0,,,,2195000000.0,,13276000000.0,-1826000000.0,9185000000.0,61011000000.0,714000000.0,,,1543000000.0,756000000.0,,,175000000.0,,,141000000.0,,,,,866000000.0,309000000.0,,-39000000.0,-1151000000.0,,,317000000.0,-823000000.0,
2019-03-31,214319000000.0,202565000000.0,11754000000.0,71000000.0,8403000000.0,10868000000.0,886000000.0,182000000.0,610000000.0,356000000.0,-796000000.0,-4.17,-4.17,196000000.0,197000000.0,2981000000.0,,,16709000000.0,678000000.0,,,38465000000.0,,2548000000.0,9358000000.0,,2099000000.0,59672000000.0,33853000000.0,3443000000.0,,37626000000.0,,2998000000.0,,2103000000.0,,12409000000.0,-1849000000.0,8094000000.0,59672000000.0,,,189000000.0,967000000.0,368000000.0,,,1976000000.0,,,4036000000.0,,,,,905000000.0,426000000.0,,20000000.0,-1381000000.0,,,-2227000000.0,309000000.0,262000000.0
2019-06-30,55728000000.0,52941000000.0,2787000000.0,,,2153000000.0,634000000.0,,619000000.0,136000000.0,423000000.0,2.25,2.24,188000000.0,189000000.0,1947000000.0,,,16604000000.0,,,,38428000000.0,,2466000000.0,9441000000.0,,2097000000.0,61680000000.0,34021000000.0,3248000000.0,,37952000000.0,,,,2016000000.0,,12770000000.0,-1778000000.0,7874000000.0,61680000000.0,229000000.0,,,1061000000.0,-145000000.0,,,127000000.0,,,-51000000.0,,,,,46000000.0,87000000.0,,-28000000.0,-129000000.0,,,-872000000.0,-1034000000.0,
2019-09-30,113344000000.0,107690000000.0,5654000000.0,,,4394000000.0,1260000000.0,,-970000000.0,-294000000.0,-730000000.0,-3.99,-3.99,185000000.0,185000000.0,1356000000.0,,,16356000000.0,,,,37353000000.0,,2493000000.0,9408000000.0,,2082000000.0,58994000000.0,32560000000.0,3372000000.0,,37145000000.0,,,,1950000000.0,,11965000000.0,-1704000000.0,6482000000.0,58994000000.0,463000000.0,,,866000000.0,-331000000.0,,,-1203000000.0,,,-159000000.0,,,,,95000000.0,126000000.0,,6000000.0,-285000000.0,,,-1203000000.0,-1625000000.0,
2019-12-31,172516000000.0,163829000000.0,8687000000.0,,,7067000000.0,1620000000.0,,294000000.0,-111000000.0,186000000.0,1.04,1.03,183000000.0,183000000.0,2065000000.0,,,17020000000.0,,,,39390000000.0,,2408000000.0,9456000000.0,,2099000000.0,60873000000.0,32744000000.0,3359000000.0,,40055000000.0,,,,1836000000.0,,12075000000.0,-1663000000.0,6174000000.0,60873000000.0,691000000.0,,,1044000000.0,689000000.0,,,-929000000.0,,,-280000000.0,,,,,97000000.0,242000000.0,,-26000000.0,-409000000.0,,,-254000000.0,-916000000.0,
2020-03-31,231051000000.0,219028000000.0,12023000000.0,96000000.0,9168000000.0,9534000000.0,2489000000.0,12000000.0,1144000000.0,18000000.0,1021000000.0,5.89,5.85,181000000.0,182000000.0,4015000000.0,,,16734000000.0,989000000.0,,,42222000000.0,,2365000000.0,9360000000.0,,2258000000.0,61247000000.0,37195000000.0,3340000000.0,,42624000000.0,,,,1662000000.0,,13022000000.0,-1703000000.0,5092000000.0,61247000000.0,,,-342000000.0,2494000000.0,376000000.0,,,3952000000.0,,,4374000000.0,,,,,133000000.0,362000000.0,,-23000000.0,-579000000.0,,,-2734000000.0,1042000000.0,368000000.0
2020-06-30,55679000000.0,52979000000.0,2700000000.0,,,2022000000.0,678000000.0,,645000000.0,150000000.0,444000000.0,2.74,2.72,162000000.0,163000000.0,2613000000.0,,,16607000000.0,,,,38682000000.0,,2392000000.0,9419000000.0,,2226000000.0,57666000000.0,33209000000.0,3471000000.0,,38600000000.0,,,,1703000000.0,,13384000000.0,-1735000000.0,5446000000.0,57666000000.0,,,,-2291000000.0,-238000000.0,,,-4214000000.0,,,-1062000000.0,,,,,4000000.0,72000000.0,,16000000.0,-130000000.0,,,61000000.0,-1159000000.0,
2020-09-30,116487000000.0,110787000000.0,5700000000.0,,,4388000000.0,1312000000.0,,1300000000.0,178000000.0,1021000000.0,6.3,6.26,162000000.0,163000000.0,3091000000.0,,,18435000000.0,,,,42345000000.0,,2471000000.0,9414000000.0,,2403000000.0,61558000000.0,36255000000.0,3805000000.0,,42724000000.0,,,,1669000000.0,,13890000000.0,-1597000000.0,5890000000.0,61558000000.0,,,,-981000000.0,1396000000.0,,,-1305000000.0,,,-41000000.0,,,,,8000000.0,174000000.0,,14000000.0,-278000000.0,,,-401000000.0,-783000000.0,
2020-12-31,179086000000.0,170235000000.0,8851000000.0,,,14901000000.0,-7362000000.0,,-7363000000.0,-1200000000.0,-6226000000.0,-39.03,-39.03,161200000.0,161200000.0,3577000000.0,,,19211000000.0,,,,42368000000.0,,2518000000.0,9511000000.0,,2513000000.0,61845000000.0,36509000000.0,4094000000.0,,41930000000.0,,,,1846000000.0,,7595000000.0,-1503000000.0,-477000000.0,61845000000.0,,,,-1500000000.0,2046000000.0,,,-1240000000.0,,,1172000000.0,,,,,33000000.0,293000000.0,,75000000.0,-210000000.0,,,-1176000000.0,-291000000.0,
2021-03-31,238228000000.0,226080000000.0,12148000000.0,,8849000000.0,17188000000.0,-5040000000.0,223000000.0,-5034000000.0,-695000000.0,-4539000000.0,-28.26,-28.26,160600000.0,160600000.0,6278000000.0,,,19246000000.0,1862000000.0,,,45382000000.0,,2581000000.0,9493000000.0,,2581000000.0,65015000000.0,38975000000.0,3987000000.0,,44103000000.0,,,,1715000000.0,,8202000000.0,-1480000000.0,-21000000.0,65015000000.0,344000000.0,,-908000000.0,-1145000000.0,2276000000.0,,,1267000000.0,,,4542000000.0,,,,,35000000.0,641000000.0,,139000000.0,-415000000.0,,,-1693000000.0,2373000000.0,379000000.0
2021-06-30,62674000000.0,59642000000.0,3032000000.0,,2232000000.0,2464000000.0,568000000.0,,562000000.0,26000000.0,486000000.0,3.11,3.07,156200000.0,158100000.0,2423000000.0,,,20016000000.0,,,,43350000000.0,,2549000000.0,9520000000.0,,2607000000.0,62894000000.0,38389000000.0,4297000000.0,,43835000000.0,,,,1748000000.0,,8618000000.0,-1627000000.0,-529000000.0,62894000000.0,,,,1045000000.0,901000000.0,,,-609000000.0,,,-1622000000.0,,,,,1000000.0,93000000.0,,22000000.0,-99000000.0,,,-2151000000.0,-3861000000.0,
2021-09-30,129250000000.0,122866000000.0,6384000000.0,,4901000000.0,5277000000.0,1107000000.0,,1004000000.0,158000000.0,753000000.0,4.85,4.8,155100000.0,156900000.0,2151000000.0,,,19342000000.0,,,,45580000000.0,,2222000000.0,9473000000.0,,2173000000.0,63601000000.0,38922000000.0,4429000000.0,,46075000000.0,,,,1564000000.0,,8812000000.0,-1665000000.0,-571000000.0,63601000000.0,,,,2311000000.0,1164000000.0,,,1431000000.0,,,170000000.0,,,,,4000000.0,186000000.0,,53000000.0,-157000000.0,,,-3894000000.0,-3863000000.0,
2021-12-31,197864000000.0,188052000000.0,9812000000.0,,8006000000.0,8407000000.0,1405000000.0,,1281000000.0,396000000.0,746000000.0,4.85,4.79,154000000.0,155800000.0,2754000000.0,,,19024000000.0,,,,46498000000.0,,2064000000.0,9462000000.0,,1973000000.0,63708000000.0,37183000000.0,4332000000.0,,47452000000.0,,,,1612000000.0,,8734000000.0,-1655000000.0,-1274000000.0,63708000000.0,,,,1925000000.0,1659000000.0,,,1612000000.0,,,1547000000.0,,,,,6000000.0,253000000.0,,83000000.0,-272000000.0,,,-4332000000.0,-3237000000.0,
2022-03-31,263966000000.0,250836000000.0,13130000000.0,,10537000000.0,11092000000.0,2038000000.0,259000000.0,1928000000.0,636000000.0,1114000000.0,7.32,7.23,152300000.0,154100000.0,3532000000.0,,,18702000000.0,1607000000.0,,,46231000000.0,,2092000000.0,9451000000.0,,1917000000.0,63298000000.0,38086000000.0,4543000000.0,,48466000000.0,,,,1540000000.0,,9030000000.0,-1534000000.0,-2272000000.0,63298000000.0,312000000.0,,34000000.0,1843000000.0,1169000000.0,,,2802000000.0,,,4434000000.0,,,,,6000000.0,535000000.0,,126000000.0,-89000000.0,,,-6321000000.0,-2461000000.0,359000000.0
2022-06-30,67154000000.0,64131000000.0,3023000000.0,,1959000000.0,1987000000.0,1036000000.0,,1006000000.0,199000000.0,768000000.0,5.32,5.26,144200000.0,145900000.0,2233000000.0,,,19505000000.0,,,,45383000000.0,,2083000000.0,9368000000.0,,1887000000.0,62295000000.0,39708000000.0,4077000000.0,,47201000000.0,,,,1553000000.0,,9732000000.0,-948000000.0,-2004000000.0,62295000000.0,,,,1584000000.0,955000000.0,,,1006000000.0,,,-941000000.0,,,,,1000000.0,71000000.0,,100000000.0,39000000.0,,,-1181000000.0,-1595000000.0,
2022-09-30,137311000000.0,131193000000.0,6118000000.0,,3909000000.0,3958000000.0,2160000000.0,,2250000000.0,470000000.0,1694000000.0,11.79,11.68,143700000.0,145000000.0,2916000000.0,,,19876000000.0,,,,46448000000.0,,2071000000.0,9239000000.0,,1903000000.0,63081000000.0,41003000000.0,4279000000.0,,48357000000.0,,,,1541000000.0,,10579000000.0,-1114000000.0,-1767000000.0,63081000000.0,,,,1883000000.0,1453000000.0,,,2292000000.0,,,166000000.0,,,,,23000000.0,157000000.0,,135000000.0,116000000.0,,,-1753000000.0,-977000000.0,
2022-12-31,207801000000.0,198509000000.0,9292000000.0,,5812000000.0,5891000000.0,3401000000.0,,3698000000.0,799000000.0,2773000000.0,19.46,19.3,142500000.0,143700000.0,2774000000.0,,,20657000000.0,,,,44657000000.0,,2140000000.0,9934000000.0,,2033000000.0,62690000000.0,42238000000.0,4453000000.0,,48006000000.0,,,,1804000000.0,,11582000000.0,-899000000.0,-2455000000.0,62690000000.0,,,,2193000000.0,2190000000.0,,,3531000000.0,,,1834000000.0,,,,,856000000.0,265000000.0,,140000000.0,-298000000.0,,,-3178000000.0,-1157000000.0,
2023-03-31,276711000000.0,264353000000.0,12358000000.0,,7776000000.0,7977000000.0,4381000000.0,497000000.0,4630000000.0,905000000.0,3560000000.0,25.23,25.03,141100000.0,142200000.0,4678000000.0,,,19700000000.0,1633000000.0,,,44292000000.0,,2177000000.0,9947000000.0,,1992000000.0,62320000000.0,42490000000.0,4195000000.0,,47957000000.0,,,,1813000000.0,,12295000000.0,-905000000.0,-1857000000.0,62320000000.0,272000000.0,,-20000000.0,1082000000.0,1259000000.0,,,3788000000.0,,,5159000000.0,,,,,867000000.0,558000000.0,,194000000.0,-542000000.0,,,-4368000000.0,744000000.0,562000000.0
2023-06-30,74483000000.0,71461000000.0,3022000000.0,,1870000000.0,1922000000.0,1100000000.0,,1091000000.0,94000000.0,958000000.0,7.07,7.02,135500000.0,136600000.0,2636000000.0,,,20510000000.0,,,,45539000000.0,,2172000000.0,9971000000.0,,2500000000.0,64096000000.0,43982000000.0,4090000000.0,,48422000000.0,,,,2074000000.0,,13182000000.0,-848000000.0,-1602000000.0,64096000000.0,,,,2380000000.0,826000000.0,,,1473000000.0,,,-1052000000.0,,,,,0.0,78000000.0,,64000000.0,-149000000.0,,,-843000000.0,-2042000000.0,
2023-09-30,151698000000.0,145607000000.0,6091000000.0,,3962000000.0,4040000000.0,2051000000.0,,2007000000.0,307000000.0,1622000000.0,12.03,11.95,134800000.0,135700000.0,2524000000.0,,,21945000000.0,,,,47531000000.0,,2171000000.0,9934000000.0,,2633000000.0,66091000000.0,46795000000.0,4007000000.0,,51147000000.0,,,,2197000000.0,,13761000000.0,-887000000.0,-1828000000.0,66091000000.0,,,,3207000000.0,2349000000.0,,,4307000000.0,,,-87000000.0,,,,,0.0,153000000.0,,101000000.0,-315000000.0,,,-1752000000.0,-2155000000.0,
2023-12-31,232596000000.0,223353000000.0,9243000000.0,,6468000000.0,6550000000.0,2693000000.0,,2619000000.0,289000000.0,2211000000.0,16.49,16.39,134000000.0,134900000.0,1982000000.0,,,22020000000.0,,,,47640000000.0,,2201000000.0,9973000000.0,,2922000000.0,66512000000.0,46699000000.0,4400000000.0,,51661000000.0,,,,2381000000.0,,14268000000.0,-812000000.0,-2053000000.0,66512000000.0,,,,4298000000.0,2384000000.0,,,4163000000.0,,,167000000.0,,,,,6000000.0,243000000.0,,118000000.0,-495000000.0,,,-2374000000.0,-2696000000.0,
2024-03-31,308951000000.0,296123000000.0,12828000000.0,,8657000000.0,8919000000.0,3909000000.0,132000000.0,3789000000.0,629000000.0,3002000000.0,22.54,22.39,133200000.0,134100000.0,4583000000.0,,,21139000000.0,1949000000.0,,,47970000000.0,,2316000000.0,10132000000.0,,3186000000.0,67443000000.0,47097000000.0,4915000000.0,,52357000000.0,,,,2610000000.0,,14978000000.0,-881000000.0,-1971000000.0,67443000000.0,279000000.0,,-603000000.0,2954000000.0,1294000000.0,,,4587000000.0,,,4314000000.0,,,,,272000000.0,687000000.0,,160000000.0,-1072000000.0,,,-3342000000.0,-94000000.0,901000000.0
2024-06-30,79283000000.0,76131000000.0,3152000000.0,,2001000000.0,2123000000.0,1029000000.0,,1084000000.0,124000000.0,915000000.0,7.04,7.0,129800000.0,130700000.0,2302000000.0,,,25571000000.0,,,,52252000000.0,,2357000000.0,10118000000.0,,3163000000.0,71670000000.0,51704000000.0,4383000000.0,,56434000000.0,,,,2525000000.0,,15810000000.0,-913000000.0,-1755000000.0,71670000000.0,,,,2101000000.0,4442000000.0,,,4616000000.0,,,-1380000000.0,,,,,,106000000.0,,10000000.0,-87000000.0,,,-809000000.0,-2281000000.0,
2024-09-30,172934000000.0,166534000000.0,6400000000.0,,4504000000.0,4793000000.0,1607000000.0,,1618000000.0,371000000.0,1156000000.0,8.94,8.89,129300000.0,130000000.0,2509000000.0,,,24176000000.0,,,,53341000000.0,,2361000000.0,10087000000.0,,3572000000.0,72429000000.0,53317000000.0,4787000000.0,,58771000000.0,,,,2712000000.0,,15959000000.0,-890000000.0,-3017000000.0,72429000000.0,,,,3499000000.0,3310000000.0,,,6221000000.0,,,720000000.0,,,,,1000000.0,242000000.0,,80000000.0,-373000000.0,,,-2408000000.0,-2074000000.0,
