Date,Net sales,Cost of sales,Gross margin,Research and development,"Selling, general and administrative",Total operating expenses,Operating income,"Other income/(expense), net",Income before provision for income taxes,Provision for income taxes,Net income,Earnings per share basic,Earnings per share diluted,Weighted-average basic,Weighted-average diluted,Cash and cash equivalents,Short-term marketable securities,"Accounts receivable, net",Inventories,Deferred tax assets,Vendor non-trade receivables,Other current assets,Total current assets,Long-term marketable securities,"Property, Plant and Equipment, Net",Goodwill,"Acquired intangible assets, net","Other Assets, Noncurrent",Total assets,accounts payable,Accrued expenses,Deferred revenue,Total current liabilities,Deferred revenue - non-current,deferred tax liabilities,long term taxes payable,Total other non-current liabilities,Total liabilities,Retained Earnings (Accumulated Deficit),Accumulated other comprehensive (loss)/income,Total shareholders equity,Total liabilities and shareholders' equity,"Depreciation, amortization and accretion",Stock-based compensation expense,Deferred income tax expense,"Increase (Decrease) in Accounts receivable, net",Increase (Decrease) in Inventories,Increase (Decrease) in Other Receivables,Increase (Decrease) in Other Operating Assets,Increase (Decrease) in Accounts Payable,Increase (Decrease) in Deferred Revenue,Increase (Decrease) Other liabilities,Cash generated by operating activities,Purchases of marketable securities,Proceeds from maturities of marketable securities,Proceeds from sales of marketable securities,Purchases of other long-term investments,"Business acquisitions, net of cash acquired",Cash payments for capital asset purchases,Payments for acquisition of intangible assets,Payments for (Proceeds from) Other Investing Activities,Cash used in investing activities,Proceeds from issuance of common stock,Excess tax benefits from stock-based compensation,Cash generated/used in financing activities,Increase/(decrease) in cash and cash equivalents,"Cash paid for income taxes, net"
2009-12-31,1797200000.0,,,,495700000.0,1109700000.0,687500000.0,-41300000.0,646200000.0,239100000.0,402000000.0,1.7,1.69,236100000.0,237800000.0,473900000.0,,444900000.0,,32300000.0,,51800000.0,1012900000.0,,293000000.0,349200000.0,104900000.0,50700000.0,2003300000.0,,,471300000.0,1236000000.0,103800000.0,31400000.0,,317800000.0,2599400000.0,3329000000.0,-41200000.0,-606200000.0,2003300000.0,,57400000.0,16500000.0,14900000.0,,,7400000.0,,17900000.0,-300000.0,643800000.0,,,,,,90700000.0,,,-93800000.0,,5000000.0,-348800000.0,228000000.0,
2010-03-31,476600000.0,,,,128800000.0,279800000.0,196800000.0,-14300000.0,182500000.0,67800000.0,113400000.0,0.48,0.47,236900000.0,239100000.0,496400000.0,,427000000.0,,38600000.0,,38500000.0,1008000000.0,,292700000.0,347300000.0,100100000.0,52100000.0,2003300000.0,,,516200000.0,1146900000.0,100200000.0,53200000.0,,319700000.0,2537300000.0,3442600000.0,-85700000.0,-541600000.0,2003300000.0,,14800000.0,,-13500000.0,,,12500000.0,,44200000.0,9300000.0,164100000.0,,,,,,16200000.0,,,-13600000.0,,3000000.0,-111900000.0,22500000.0,
2010-06-30,954400000.0,,,,266300000.0,567100000.0,387300000.0,-26900000.0,360400000.0,123100000.0,234400000.0,0.99,0.99,236100000.0,237800000.0,485900000.0,,389100000.0,,42500000.0,,34800000.0,960000000.0,,298300000.0,345100000.0,93100000.0,53000000.0,1957700000.0,,,481700000.0,1094200000.0,99400000.0,21100000.0,,321400000.0,2449600000.0,3538900000.0,-83300000.0,-500100000.0,1957700000.0,,27700000.0,,-45800000.0,,,23200000.0,,12100000.0,23000000.0,304000000.0,,,,,,35300000.0,,,-33300000.0,,3300000.0,-223800000.0,12000000.0,
2010-09-30,1467700000.0,,,,418500000.0,891500000.0,576200000.0,-34400000.0,541800000.0,167300000.0,370400000.0,1.57,1.56,235500000.0,237100000.0,793700000.0,,410600000.0,,47100000.0,,39200000.0,1301400000.0,,307500000.0,355200000.0,93300000.0,63000000.0,2348200000.0,,,447200000.0,792600000.0,96900000.0,15900000.0,,333600000.0,2645800000.0,3650100000.0,-24600000.0,-307700000.0,2348200000.0,,41300000.0,,-31100000.0,,,46200000.0,,-30700000.0,21000000.0,474700000.0,,,,,,54600000.0,,,-55000000.0,,6100000.0,-104700000.0,319800000.0,
2010-12-31,2032000000.0,,,20300000.0,588000000.0,1259200000.0,772800000.0,-58400000.0,714400000.0,201000000.0,507800000.0,2.16,2.15,235000000.0,236600000.0,659600000.0,,497500000.0,,208800000.0,,127900000.0,1343000000.0,,319300000.0,465500000.0,168800000.0,55800000.0,2540300000.0,14300000.0,,508100000.0,933800000.0,96600000.0,36900000.0,,362300000.0,2838700000.0,3736200000.0,-33400000.0,-309600000.0,2540300000.0,49900000.0,56600000.0,-10600000.0,54400000.0,,,-3700000.0,,19600000.0,18100000.0,653300000.0,,,,,,79000000.0,,,-228800000.0,,7000000.0,-241300000.0,185700000.0,
2011-03-31,577100000.0,,,,148500000.0,327000000.0,250100000.0,-14900000.0,235200000.0,78100000.0,155500000.0,0.68,0.67,228900000.0,231400000.0,719500000.0,,503400000.0,,42200000.0,,67800000.0,1339600000.0,,324600000.0,463300000.0,167700000.0,52700000.0,2524400000.0,,,554000000.0,841000000.0,95300000.0,35000000.0,,362200000.0,2747600000.0,3892100000.0,-9400000.0,-231900000.0,2524400000.0,,16000000.0,,2000000.0,,,-16400000.0,,41400000.0,-10400000.0,200900000.0,,,,,,19600000.0,,,-13300000.0,,2800000.0,-145100000.0,59900000.0,
2011-06-30,1182300000.0,,,,291400000.0,662100000.0,520200000.0,-20800000.0,499400000.0,151600000.0,344500000.0,1.51,1.49,228600000.0,231500000.0,938500000.0,,492600000.0,,44300000.0,,56700000.0,1543100000.0,,325200000.0,470400000.0,166800000.0,58000000.0,2744600000.0,8600000.0,33500000.0,534900000.0,852000000.0,96000000.0,35000000.0,,363000000.0,2761200000.0,4048800000.0,1500000.0,-26100000.0,2744600000.0,,30300000.0,,-11200000.0,,,-5500000.0,,20500000.0,2600000.0,445900000.0,,,,,,35600000.0,,,-40400000.0,,5900000.0,-153100000.0,278900000.0,
2011-09-30,1713600000.0,,,,436400000.0,997300000.0,716300000.0,-32100000.0,684200000.0,204300000.0,475200000.0,2.09,2.06,227700000.0,230700000.0,854200000.0,,400500000.0,,42200000.0,,49800000.0,1360000000.0,,323700000.0,451100000.0,153000000.0,61400000.0,2521300000.0,16400000.0,31500000.0,480600000.0,834900000.0,96400000.0,31100000.0,,357600000.0,2695500000.0,4147400000.0,-70500000.0,-184000000.0,2521300000.0,,43200000.0,,97500000.0,,,-24200000.0,,-26300000.0,-8000000.0,666300000.0,,,,,,53600000.0,,,-65300000.0,,6000000.0,-392400000.0,194600000.0,
2011-12-31,2280700000.0,,,29800000.0,629600000.0,1392300000.0,888400000.0,-48600000.0,839800000.0,261800000.0,571400000.0,2.52,2.49,226300000.0,229400000.0,760000000.0,,489800000.0,,192800000.0,,77600000.0,1424400000.0,,326800000.0,642900000.0,253600000.0,82000000.0,2876100000.0,16400000.0,44100000.0,520400000.0,1134000000.0,97700000.0,49600000.0,,404800000.0,2974000000.0,4176100000.0,-107500000.0,-169000000.0,2876100000.0,58700000.0,56700000.0,10300000.0,-17100000.0,,,-7500000.0,,8800000.0,-29200000.0,803300000.0,,,,,,67700000.0,,,-267600000.0,,7400000.0,-417700000.0,100400000.0,
2012-03-31,646800000.0,,,,168800000.0,377800000.0,269000000.0,-10400000.0,258600000.0,83100000.0,173500000.0,0.78,0.76,223400000.0,227400000.0,814700000.0,,589200000.0,,41400000.0,,68000000.0,1526600000.0,,324800000.0,656300000.0,249300000.0,90100000.0,2994400000.0,16800000.0,42500000.0,609300000.0,1011500000.0,95900000.0,60800000.0,,405800000.0,2833800000.0,4350000000.0,-78700000.0,82700000.0,2994400000.0,,15000000.0,,96000000.0,,,4900000.0,,84200000.0,11200000.0,62000000.0,,,,,,15300000.0,,,-13600000.0,,8600000.0,-7000000.0,54700000.0,
2012-06-30,1287600000.0,,,,328400000.0,740100000.0,547500000.0,-24300000.0,523200000.0,172000000.0,346000000.0,1.55,1.52,223900000.0,227300000.0,824100000.0,,530500000.0,,39600000.0,,109800000.0,1519400000.0,,317400000.0,638100000.0,238000000.0,100100000.0,2963900000.0,18000000.0,35100000.0,567600000.0,995200000.0,94600000.0,59100000.0,,395400000.0,2785100000.0,4486300000.0,-120800000.0,99100000.0,2963900000.0,,29900000.0,47500000.0,40500000.0,,,3200000.0,,45600000.0,-9300000.0,235500000.0,,,,,3500000.0,21900000.0,,,-25900000.0,,9200000.0,-142500000.0,64100000.0,
2012-09-30,1976100000.0,,,,515800000.0,1158900000.0,817200000.0,-29600000.0,787600000.0,249900000.0,529900000.0,2.37,2.34,223300000.0,226700000.0,1518500000.0,,549600000.0,,46100000.0,,68900000.0,2205800000.0,,315600000.0,646300000.0,233300000.0,104500000.0,3662300000.0,14600000.0,34600000.0,524500000.0,982900000.0,92900000.0,52500000.0,,386200000.0,3271000000.0,4634100000.0,-85800000.0,311600000.0,3662300000.0,,46300000.0,29800000.0,57000000.0,,,-2500000.0,,-2700000.0,-4500000.0,496000000.0,,,,,3500000.0,35200000.0,,,-46100000.0,,11800000.0,294400000.0,758500000.0,
2012-12-31,2730300000.0,,,16100000.0,752200000.0,1652900000.0,1077400000.0,-53400000.0,1024000000.0,324300000.0,690000000.0,3.09,3.05,223200000.0,226600000.0,1755400000.0,,621800000.0,,164100000.0,,91900000.0,2525700000.0,,307100000.0,637100000.0,226500000.0,96000000.0,3960900000.0,14300000.0,,545800000.0,1164900000.0,94900000.0,58100000.0,,410100000.0,3492000000.0,4713300000.0,-82100000.0,385200000.0,3960900000.0,63400000.0,64500000.0,36100000.0,128200000.0,,,-5100000.0,,20900000.0,8600000.0,823100000.0,,,,,3500000.0,45000000.0,,,-50200000.0,,15700000.0,202600000.0,995400000.0,
2013-03-31,731800000.0,,,,227000000.0,451400000.0,280400000.0,-13200000.0,267200000.0,76100000.0,188400000.0,0.84,0.83,223300000.0,227200000.0,1758000000.0,,637200000.0,,32100000.0,,81400000.0,2520300000.0,,296100000.0,623800000.0,212700000.0,100100000.0,3911200000.0,16100000.0,,626400000.0,1013400000.0,102800000.0,55900000.0,,421500000.0,3371000000.0,4902200000.0,-138800000.0,457100000.0,3911200000.0,,17200000.0,13100000.0,25000000.0,,,2000000.0,,97100000.0,20500000.0,202600000.0,,,,,,8600000.0,,,-2800000.0,,-16100000.0,-156000000.0,2600000.0,
2013-06-30,1487800000.0,,,,412000000.0,856600000.0,631200000.0,-27200000.0,604000000.0,184500000.0,413900000.0,1.86,1.83,222800000.0,226700000.0,1633000000.0,,607700000.0,,36500000.0,,147600000.0,2442700000.0,,287400000.0,619800000.0,202000000.0,89900000.0,3794300000.0,14900000.0,,584300000.0,897100000.0,104800000.0,54400000.0,,412900000.0,3258800000.0,5082100000.0,-149900000.0,447600000.0,3794300000.0,,33300000.0,10800000.0,-2400000.0,,,800000.0,,59600000.0,15100000.0,369100000.0,,,,,0.0,18100000.0,,,-19000000.0,,-27000000.0,-426200000.0,-122400000.0,
2013-09-30,2193300000.0,,,,599100000.0,1270600000.0,922700000.0,-55200000.0,867500000.0,261200000.0,597800000.0,2.7,2.66,221100000.0,225100000.0,1835100000.0,,592000000.0,,46700000.0,,98800000.0,2782200000.0,,284300000.0,630800000.0,198200000.0,93900000.0,4154500000.0,10000000.0,,559300000.0,897200000.0,105200000.0,54500000.0,,426400000.0,3781100000.0,5210600000.0,-100200000.0,281500000.0,4154500000.0,,49300000.0,-13000000.0,-26800000.0,,,6000000.0,,25600000.0,27600000.0,653500000.0,,,,,0.0,31000000.0,,,-222800000.0,,-32400000.0,-343200000.0,79700000.0,
2013-12-31,2972500000.0,,,22800000.0,822100000.0,1737900000.0,1234600000.0,-65300000.0,1169300000.0,353400000.0,804500000.0,3.67,3.6,219400000.0,223500000.0,1919500000.0,,694200000.0,,147900000.0,,114400000.0,2968800000.0,,278700000.0,665200000.0,221600000.0,112100000.0,4395100000.0,16400000.0,,598400000.0,1141300000.0,109200000.0,59100000.0,,360200000.0,3967200000.0,5302100000.0,-54600000.0,337000000.0,4395100000.0,65400000.0,67100000.0,-27200000.0,67000000.0,,,-700000.0,,66100000.0,30900000.0,926800000.0,,,,,50700000.0,42300000.0,,,-261900000.0,,38800000.0,-498800000.0,164100000.0,
2014-03-31,767200000.0,,,,195100000.0,434200000.0,333000000.0,-21400000.0,311600000.0,89900000.0,218000000.0,1.02,1.0,214000000.0,218500000.0,1792200000.0,,737900000.0,,43400000.0,,119600000.0,2945800000.0,,282300000.0,656600000.0,212800000.0,106600000.0,4353400000.0,16500000.0,,712500000.0,1027300000.0,110600000.0,72400000.0,,355000000.0,3853600000.0,5521900000.0,-61300000.0,385300000.0,4353400000.0,,20300000.0,27900000.0,42800000.0,,,1800000.0,,114000000.0,4100000.0,177200000.0,,,,,,19100000.0,,,-82200000.0,,38800000.0,-222100000.0,-127300000.0,
2014-06-30,1640700000.0,,,,412500000.0,896000000.0,744700000.0,73500000.0,796800000.0,250700000.0,537200000.0,2.52,2.47,213000000.0,217100000.0,1777300000.0,,758300000.0,,49700000.0,,177000000.0,2944300000.0,,298300000.0,955200000.0,310500000.0,147400000.0,4786600000.0,20400000.0,,661000000.0,1093400000.0,120800000.0,112200000.0,,354700000.0,3990100000.0,5780700000.0,-47300000.0,445400000.0,4786600000.0,,40600000.0,46200000.0,45800000.0,,,-3300000.0,,62200000.0,-15100000.0,458000000.0,,,,,,38800000.0,,,-113400000.0,,45200000.0,-501200000.0,-142200000.0,
2014-09-30,2456800000.0,,,,619000000.0,1362400000.0,1094400000.0,30800000.0,1125200000.0,360600000.0,752400000.0,3.55,3.48,212100000.0,216100000.0,1940800000.0,,712200000.0,,46900000.0,,197200000.0,3061900000.0,,303500000.0,1000300000.0,349800000.0,142200000.0,4993700000.0,17600000.0,,613200000.0,1041700000.0,123200000.0,114800000.0,,348000000.0,4375800000.0,5936200000.0,-133600000.0,250700000.0,4993700000.0,,59900000.0,43700000.0,11900000.0,,,4800000.0,,25800000.0,-11300000.0,709800000.0,,,,,,56800000.0,,,-244600000.0,,54500000.0,-393400000.0,21300000.0,
2014-12-31,3334300000.0,,,37900000.0,869300000.0,1895200000.0,1439100000.0,21900000.0,1461000000.0,455000000.0,988700000.0,4.69,4.61,210700000.0,214700000.0,1219500000.0,,792400000.0,,105300000.0,,172500000.0,2686400000.0,,302300000.0,1021100000.0,345500000.0,145900000.0,4669000000.0,19400000.0,,624600000.0,1199700000.0,132200000.0,95700000.0,,430900000.0,4626100000.0,6044300000.0,-235200000.0,-187800000.0,4669000000.0,67200000.0,80400000.0,29900000.0,98300000.0,,,1700000.0,,38400000.0,-12600000.0,1018600000.0,,,,,239700000.0,74600000.0,,,-564900000.0,,58700000.0,-1064500000.0,-700000000.0,
2015-03-31,865600000.0,,,,221300000.0,494300000.0,371300000.0,-26800000.0,344500000.0,113200000.0,230100000.0,1.14,1.11,202700000.0,206500000.0,1509900000.0,,842700000.0,,36800000.0,,164400000.0,3039300000.0,,299300000.0,988000000.0,328000000.0,166700000.0,4976000000.0,21100000.0,,737700000.0,1138200000.0,132300000.0,90000000.0,,444100000.0,5122200000.0,6276400000.0,-322400000.0,-373700000.0,4976000000.0,,22700000.0,7600000.0,62700000.0,,,13900000.0,,127900000.0,20200000.0,261800000.0,,,,,,19000000.0,,,-49300000.0,,37400000.0,123900000.0,290400000.0,
2015-06-30,1783700000.0,,,,448300000.0,993100000.0,790600000.0,-66900000.0,723700000.0,228300000.0,491800000.0,2.43,2.39,202000000.0,205400000.0,1538600000.0,,801300000.0,,39600000.0,,175600000.0,3064000000.0,,304600000.0,1006800000.0,322600000.0,155800000.0,4999500000.0,16600000.0,,685100000.0,1124800000.0,132400000.0,90100000.0,,441300000.0,5102900000.0,6468400000.0,-280800000.0,-331200000.0,4999500000.0,,44400000.0,10600000.0,11800000.0,,,3500000.0,,63000000.0,31300000.0,594400000.0,,,,,,40700000.0,,,-91800000.0,,41100000.0,-157600000.0,319100000.0,
2015-09-30,2618600000.0,,,,669100000.0,1478300000.0,1140300000.0,-73000000.0,1067300000.0,338100000.0,723400000.0,3.6,3.54,201100000.0,204500000.0,1471100000.0,,720500000.0,,36600000.0,,163700000.0,2862100000.0,,306100000.0,990000000.0,308800000.0,173200000.0,4772900000.0,17600000.0,,625500000.0,1050200000.0,128400000.0,84300000.0,,417300000.0,5013100000.0,6631700000.0,-320300000.0,-469900000.0,4772900000.0,,66500000.0,19700000.0,-61000000.0,,,6600000.0,,10600000.0,19900000.0,893500000.0,,,,,,65900000.0,,,-81500000.0,,44500000.0,-512500000.0,251600000.0,
2015-12-31,3484500000.0,,,29100000.0,921300000.0,2011100000.0,1473400000.0,-93800000.0,1379600000.0,430000000.0,941300000.0,4.7,4.63,200100000.0,203400000.0,1757400000.0,,802000000.0,,70800000.0,,179600000.0,3243100000.0,,306400000.0,976300000.0,299100000.0,160800000.0,5123400000.0,22200000.0,,635200000.0,1218500000.0,132500000.0,83800000.0,,417200000.0,5456400000.0,6709000000.0,-339500000.0,-565000000.0,5123400000.0,,87200000.0,18100000.0,25400000.0,,,13100000.0,,31600000.0,31400000.0,1153600000.0,,,,,7600000.0,89000000.0,,,-92000000.0,,44500000.0,-461000000.0,537900000.0,
2016-03-31,816100000.0,,,,232900000.0,512000000.0,304100000.0,-28500000.0,275600000.0,89000000.0,184400000.0,0.95,0.93,195000000.0,197900000.0,1576100000.0,,852100000.0,,,,166500000.0,3085300000.0,,310500000.0,1050900000.0,329200000.0,162800000.0,5114900000.0,14400000.0,,760400000.0,1151900000.0,135100000.0,118600000.0,,422300000.0,5466400000.0,6895100000.0,-301500000.0,-581600000.0,5114900000.0,,25400000.0,11300000.0,45500000.0,,,-1500000.0,,122600000.0,1900000.0,237300000.0,,,,,75900000.0,26300000.0,,,-108400000.0,,16300000.0,-339200000.0,-181300000.0,
2016-09-30,2662100000.0,,,,683200000.0,1550300000.0,1111800000.0,-88300000.0,1023500000.0,322200000.0,695200000.0,3.6,3.55,193300000.0,196000000.0,1746100000.0,,831400000.0,,,,127600000.0,3016900000.0,,329600000.0,1040800000.0,307800000.0,154600000.0,5019300000.0,28000000.0,,652300000.0,1402500000.0,135000000.0,107500000.0,,412900000.0,5377200000.0,7261200000.0,-305700000.0,-564500000.0,5019300000.0,,72800000.0,7100000.0,35600000.0,,,-10200000.0,,31200000.0,15100000.0,856600000.0,,,,,79100000.0,84800000.0,,,-2400000.0,,32400000.0,-882600000.0,-11300000.0,
2016-12-31,3604200000.0,,,40100000.0,936400000.0,2965500000.0,638700000.0,-80700000.0,558000000.0,282200000.0,266600000.0,1.38,1.36,192700000.0,195400000.0,2051500000.0,,887400000.0,,215000000.0,,140800000.0,3253100000.0,,325900000.0,1023600000.0,296400000.0,112200000.0,5327300000.0,28400000.0,,683900000.0,2428200000.0,134100000.0,104300000.0,,425200000.0,6354600000.0,6688900000.0,-364900000.0,-1225000000.0,5327300000.0,,98100000.0,-153100000.0,104800000.0,,,-6600000.0,,74900000.0,25300000.0,1226100000.0,,,,,80800000.0,115200000.0,,,102000000.0,,33100000.0,-1009800000.0,294100000.0,
2017-03-31,975200000.0,,,,221900000.0,531800000.0,443400000.0,7900000.0,451300000.0,105400000.0,345600000.0,1.81,1.78,191100000.0,194300000.0,2129600000.0,,953500000.0,,,,269600000.0,3485500000.0,,329100000.0,1029600000.0,289800000.0,166800000.0,5435900000.0,24100000.0,,817400000.0,1423800000.0,132500000.0,105000000.0,,434200000.0,6160100000.0,7031000000.0,-357300000.0,-927100000.0,5435900000.0,,28400000.0,185000000.0,61900000.0,,,3200000.0,,125900000.0,10700000.0,-512400000.0,,,,,5000000.0,18700000.0,,,18600000.0,,,553700000.0,78100000.0,
2017-06-30,1975700000.0,,,,439600000.0,1074800000.0,900900000.0,12400000.0,913300000.0,253800000.0,657800000.0,3.44,3.39,191100000.0,194100000.0,3280900000.0,,916500000.0,,,,275400000.0,4559100000.0,,329700000.0,1054500000.0,287100000.0,170600000.0,6536300000.0,25000000.0,,746800000.0,1237200000.0,132200000.0,107600000.0,,426100000.0,7003800000.0,7269600000.0,-309700000.0,-679800000.0,6536300000.0,,57100000.0,193500000.0,16500000.0,,,-8900000.0,,43900000.0,8500000.0,-47700000.0,,,,,5000000.0,42800000.0,,,39900000.0,,,1177600000.0,1229400000.0,
2017-09-30,3038600000.0,,,,686800000.0,1692300000.0,1346300000.0,32800000.0,1379100000.0,399900000.0,975100000.0,5.1,5.02,191100000.0,194100000.0,962800000.0,,1007300000.0,,,,200500000.0,2278900000.0,,332100000.0,3722100000.0,1633100000.0,168500000.0,8304900000.0,29200000.0,,791100000.0,1982700000.0,135500000.0,452600000.0,,447300000.0,8461700000.0,7513400000.0,-257800000.0,-369100000.0,8304900000.0,,88900000.0,161400000.0,9800000.0,,,-11400000.0,,-19300000.0,25400000.0,342700000.0,,,,,3511000000.0,69400000.0,,,-3407400000.0,,,1896700000.0,-1088700000.0,
2017-12-31,4204100000.0,,,42000000.0,991400000.0,2395000000.0,1809100000.0,-22300000.0,1786800000.0,779100000.0,1000600000.0,5.24,5.15,191100000.0,194200000.0,1071500000.0,,1147200000.0,,-185000000.0,,250100000.0,2580600000.0,,325100000.0,3753200000.0,1631600000.0,159900000.0,8594200000.0,21800000.0,,883600000.0,2063300000.0,140000000.0,341600000.0,,664000000.0,8709100000.0,7465400000.0,-172200000.0,-327700000.0,8594200000.0,,122900000.0,88300000.0,148100000.0,,,-12100000.0,,72900000.0,262900000.0,747500000.0,,,,,3511000000.0,90600000.0,,,-3420000000.0,,,1607200000.0,-980000000.0,
2018-03-31,1126700000.0,,,,271100000.0,635900000.0,490800000.0,-49700000.0,441100000.0,64300000.0,372900000.0,1.95,1.92,191400000.0,194500000.0,1277300000.0,,1207400000.0,,,,233600000.0,2818800000.0,,321600000.0,3831500000.0,1641600000.0,258000000.0,9014000000.0,32000000.0,,998700000.0,1920900000.0,127800000.0,382200000.0,,554200000.0,8594000000.0,7913000000.0,-51900000.0,199700000.0,9014000000.0,,35100000.0,-4200000.0,29900000.0,,,14500000.0,,167700000.0,5700000.0,391500000.0,,,,,,15000000.0,,,-18500000.0,,,-182300000.0,205800000.0,
2018-06-30,2301800000.0,,,,541600000.0,1277000000.0,1024800000.0,-88200000.0,936600000.0,181900000.0,749100000.0,3.91,3.85,191900000.0,194500000.0,1314500000.0,,1137100000.0,,,,286900000.0,2839700000.0,,312200000.0,3662700000.0,1541400000.0,259000000.0,8751600000.0,22500000.0,,860500000.0,1843900000.0,126000000.0,363200000.0,,625900000.0,8291500000.0,8204600000.0,-304800000.0,242900000.0,8751600000.0,,69500000.0,-12100000.0,-17800000.0,,,14300000.0,,55300000.0,15900000.0,777300000.0,,,,,,37900000.0,,,-45300000.0,,,-467600000.0,243000000.0,
2018-09-30,3382600000.0,,,,801900000.0,1891000000.0,1491600000.0,-142200000.0,1349400000.0,282700000.0,1059300000.0,5.53,5.45,191800000.0,194500000.0,1034800000.0,,1131800000.0,,,,238900000.0,2516200000.0,,311100000.0,3661300000.0,1517600000.0,243600000.0,8439100000.0,16200000.0,,771500000.0,1823600000.0,,354800000.0,,574900000.0,7833000000.0,8429100000.0,-342000000.0,400100000.0,8439100000.0,,100000000.0,-75300000.0,-22500000.0,,,7400000.0,,-35300000.0,-33100000.0,1084600000.0,,,,,35000000.0,62900000.0,,,-113800000.0,,,-980200000.0,-36700000.0,
2018-12-31,4442700000.0,,,51100000.0,1080100000.0,2574500000.0,1868200000.0,-197200000.0,1671000000.0,351600000.0,1309600000.0,6.84,6.74,191600000.0,194400000.0,1685000000.0,,1287100000.0,,132100000.0,,282300000.0,3386900000.0,,320400000.0,3781300000.0,1566100000.0,274300000.0,9526200000.0,30100000.0,,953400000.0,2098500000.0,,351700000.0,,576500000.0,8869700000.0,8594400000.0,-426300000.0,459900000.0,9526200000.0,,130300000.0,-98900000.0,136100000.0,,,16600000.0,,138900000.0,-25900000.0,1461100000.0,,,,,289300000.0,90400000.0,,,-406400000.0,,,-411500000.0,613500000.0,
2019-03-31,1142100000.0,,,,281500000.0,680400000.0,461700000.0,-50200000.0,411500000.0,37900000.0,372900000.0,1.96,1.93,190400000.0,192800000.0,1196600000.0,,1301200000.0,,,,286600000.0,2898400000.0,,318700000.0,3762500000.0,1530400000.0,321200000.0,9518100000.0,19500000.0,,1062300000.0,2005600000.0,,353400000.0,,486600000.0,9193100000.0,8893600000.0,-455500000.0,123200000.0,9518100000.0,,35700000.0,13800000.0,8500000.0,,,13500000.0,,103900000.0,21600000.0,367100000.0,,,,,,20000000.0,,,-7200000.0,,,-848800000.0,-488400000.0,
2019-06-30,2355700000.0,,,,556200000.0,1410500000.0,945200000.0,-100400000.0,844800000.0,159200000.0,683200000.0,3.6,3.56,189900000.0,192100000.0,1195900000.0,,1245300000.0,,,,335800000.0,3154600000.0,,300400000.0,3664900000.0,1486000000.0,317500000.0,9591600000.0,4900000.0,,952300000.0,1839900000.0,,348600000.0,,491500000.0,9016900000.0,9107700000.0,-446100000.0,352800000.0,9591600000.0,,69900000.0,-3000000.0,-30400000.0,,,28600000.0,,-8100000.0,42700000.0,754500000.0,,,,,36700000.0,38700000.0,,,-52800000.0,,,-1186000000.0,-489100000.0,
2019-09-30,3596200000.0,,,,848100000.0,2102200000.0,1494000000.0,-136400000.0,1357600000.0,289600000.0,1062600000.0,5.6,5.54,189600000.0,191800000.0,1178000000.0,,1228400000.0,,,,286100000.0,3042300000.0,,292100000.0,3610000000.0,1454100000.0,425300000.0,9477800000.0,14800000.0,,855700000.0,2138000000.0,,,,492500000.0,8774700000.0,9391600000.0,-537300000.0,472600000.0,9477800000.0,,103200000.0,-22200000.0,-35900000.0,,,25600000.0,,-105000000.0,66100000.0,1195500000.0,,,,,121000000.0,60900000.0,,,-149500000.0,,,-1517000000.0,-507000000.0,
2019-12-31,4829000000.0,1387000000.0,,,1167000000.0,2831000000.0,1998000000.0,-188000000.0,1810000000.0,381000000.0,1422000000.0,7.51,7.42,189300000.0,191600000.0,1832000000.0,,1419000000.0,,128000000.0,,330000000.0,3679000000.0,,292000000.0,3722000000.0,1498000000.0,389000000.0,10265000000.0,38000000.0,,1050000000.0,1912000000.0,,,,504000000.0,9428000000.0,9656000000.0,-439000000.0,612000000.0,10265000000.0,,136000000.0,-38000000.0,134000000.0,,,69000000.0,,87000000.0,42000000.0,1675000000.0,,,,,162000000.0,69000000.0,,,36000000.0,,,-1563000000.0,147000000.0,
2020-03-31,1290000000.0,340000000.0,,,301000000.0,698000000.0,592000000.0,-28000000.0,564000000.0,77000000.0,488000000.0,2.6,2.57,187500000.0,189600000.0,2141000000.0,,1413000000.0,,,,350000000.0,3994000000.0,,285000000.0,4122000000.0,1709000000.0,594000000.0,11306000000.0,26000000.0,,1113000000.0,2351000000.0,,,,403000000.0,10501000000.0,10041000000.0,-554000000.0,582000000.0,11306000000.0,,37000000.0,57000000.0,7000000.0,,,-2000000.0,,60000000.0,-99000000.0,345000000.0,,,,,696000000.0,21000000.0,,,-772000000.0,,,765000000.0,309000000.0,
2020-06-30,2725000000.0,702000000.0,,,608000000.0,1423000000.0,1302000000.0,-72000000.0,1230000000.0,234000000.0,997000000.0,5.31,5.27,187700000.0,189300000.0,2099000000.0,,1401000000.0,,,,363000000.0,3963000000.0,,298000000.0,4162000000.0,1697000000.0,561000000.0,11298000000.0,36000000.0,,1001000000.0,1886000000.0,,,,418000000.0,10061000000.0,10442000000.0,-542000000.0,1041000000.0,11298000000.0,,72000000.0,46000000.0,-11000000.0,,,39000000.0,,-117000000.0,-70000000.0,977000000.0,,,,,698000000.0,62000000.0,,,-823000000.0,,,123000000.0,267000000.0,
2020-09-30,4081000000.0,1066000000.0,,,879000000.0,2137000000.0,1944000000.0,-115000000.0,1829000000.0,366000000.0,1464000000.0,7.8,7.73,187800000.0,189300000.0,2492000000.0,,1360000000.0,,,,333000000.0,4281000000.0,,282000000.0,4282000000.0,1717000000.0,468000000.0,11672000000.0,26000000.0,,918000000.0,1721000000.0,,,,498000000.0,9979000000.0,10804000000.0,-504000000.0,1497000000.0,11672000000.0,,110000000.0,-1000000.0,-73000000.0,,,89000000.0,,-142000000.0,-3000000.0,1488000000.0,,,,,699000000.0,83000000.0,,,-853000000.0,,,3000000.0,660000000.0,
2020-12-31,5371000000.0,1475000000.0,,,1229000000.0,2983000000.0,2388000000.0,-159000000.0,2229000000.0,452000000.0,1778000000.0,9.48,9.39,187600000.0,189300000.0,2597000000.0,,1430000000.0,,70000000.0,,383000000.0,4509000000.0,,278000000.0,4556000000.0,1824000000.0,515000000.0,12409000000.0,39000000.0,,1089000000.0,2222000000.0,,,,590000000.0,10646000000.0,11011000000.0,-432000000.0,1569000000.0,12409000000.0,,154000000.0,-44000000.0,-31000000.0,,,49000000.0,,25000000.0,-102000000.0,2146000000.0,,,,,897000000.0,103000000.0,,,-1077000000.0,,,-351000000.0,765000000.0,
2021-03-31,1600000000.0,393000000.0,,,293000000.0,747000000.0,853000000.0,9000000.0,862000000.0,126000000.0,736000000.0,3.93,3.9,187200000.0,188600000.0,2769000000.0,,1497000000.0,,,,333000000.0,4695000000.0,,269000000.0,4566000000.0,1810000000.0,545000000.0,12500000000.0,21000000.0,,1232000000.0,2154000000.0,,,,473000000.0,10275000000.0,11632000000.0,-440000000.0,2030000000.0,12500000000.0,,45000000.0,44000000.0,71000000.0,,,30000000.0,,141000000.0,-36000000.0,676000000.0,,,,,138000000.0,14000000.0,,,-194000000.0,,,-290000000.0,172000000.0,
2021-06-30,3153000000.0,758000000.0,,,620000000.0,1499000000.0,1654000000.0,-43000000.0,1620000000.0,307000000.0,1313000000.0,7.02,6.98,187000000.0,188200000.0,2809000000.0,,1458000000.0,,,,379000000.0,4734000000.0,,282000000.0,4590000000.0,1784000000.0,556000000.0,12552000000.0,18000000.0,,1142000000.0,2050000000.0,,,,460000000.0,10172000000.0,12094000000.0,-425000000.0,2186000000.0,12552000000.0,,86000000.0,59000000.0,29000000.0,,,23000000.0,,-93000000.0,-64000000.0,1270000000.0,,,,,138000000.0,44000000.0,,,-251000000.0,,,-792000000.0,212000000.0,
2021-09-30,4679000000.0,1152000000.0,,,1015000000.0,2349000000.0,2330000000.0,-91000000.0,2239000000.0,452000000.0,1787000000.0,9.58,9.51,186600000.0,188000000.0,2239000000.0,,1589000000.0,,,,323000000.0,4255000000.0,,301000000.0,5898000000.0,2510000000.0,636000000.0,14414000000.0,30000000.0,,1099000000.0,2793000000.0,,,,420000000.0,11795000000.0,12451000000.0,-462000000.0,2430000000.0,14414000000.0,,127000000.0,-79000000.0,137000000.0,,,7000000.0,,-49000000.0,-55000000.0,1706000000.0,,,,,2026000000.0,77000000.0,,,-2161000000.0,,,135000000.0,-358000000.0,
2021-12-31,6218000000.0,1637000000.0,,,1480000000.0,3374000000.0,2844000000.0,-89000000.0,2755000000.0,541000000.0,2214000000.0,11.88,11.78,186400000.0,187900000.0,1811000000.0,,1720000000.0,,,,389000000.0,4011000000.0,,347000000.0,5999000000.0,2467000000.0,1034000000.0,14680000000.0,47000000.0,,1249000000.0,2496000000.0,,,,438000000.0,11764000000.0,12762000000.0,-410000000.0,2727000000.0,14680000000.0,,175000000.0,-218000000.0,257000000.0,,,26000000.0,,148000000.0,-55000000.0,2005000000.0,,,,,2179000000.0,139000000.0,,,-2619000000.0,,,-122000000.0,-786000000.0,
2022-03-31,1522000000.0,417000000.0,,,371000000.0,866000000.0,656000000.0,-47000000.0,609000000.0,111000000.0,498000000.0,2.69,2.68,185100000.0,186100000.0,1750000000.0,,1824000000.0,,,,385000000.0,4062000000.0,,381000000.0,6039000000.0,2422000000.0,1061000000.0,14739000000.0,42000000.0,,1525000000.0,2988000000.0,,,,492000000.0,12157000000.0,13132000000.0,-471000000.0,2394000000.0,14739000000.0,,46000000.0,30000000.0,117000000.0,,,21000000.0,,276000000.0,-7000000.0,470000000.0,,,,,83000000.0,59000000.0,,,-161000000.0,,,-352000000.0,-61000000.0,
2022-06-30,2903000000.0,810000000.0,,,739000000.0,1739000000.0,1164000000.0,-112000000.0,1052000000.0,227000000.0,825000000.0,4.47,4.45,184600000.0,185400000.0,1617000000.0,,1602000000.0,,,,515000000.0,3820000000.0,,433000000.0,5841000000.0,2300000000.0,1167000000.0,14315000000.0,31000000.0,,1285000000.0,2755000000.0,,,,513000000.0,11836000000.0,13328000000.0,-599000000.0,2294000000.0,14315000000.0,,84000000.0,65000000.0,-63000000.0,,,12000000.0,,-245000000.0,-36000000.0,761000000.0,,,,,92000000.0,133000000.0,,,-172000000.0,,,-712000000.0,-194000000.0,
2022-09-30,4178000000.0,1203000000.0,,,1124000000.0,2601000000.0,1577000000.0,-144000000.0,1433000000.0,305000000.0,1128000000.0,6.13,6.1,184100000.0,184900000.0,1656000000.0,,1518000000.0,,,,463000000.0,3726000000.0,,472000000.0,5617000000.0,2182000000.0,1219000000.0,13939000000.0,34000000.0,,1155000000.0,2066000000.0,,,,588000000.0,11509000000.0,13501000000.0,-748000000.0,2255000000.0,13939000000.0,,130000000.0,58000000.0,-123000000.0,,,-10000000.0,,-133000000.0,-41000000.0,1097000000.0,,,,,97000000.0,204000000.0,,,-172000000.0,,,-957000000.0,-155000000.0,
2022-12-31,5468000000.0,1613000000.0,,,1527000000.0,3585000000.0,1883000000.0,-123000000.0,1760000000.0,386000000.0,1374000000.0,7.47,7.44,183900000.0,184700000.0,1769000000.0,,1652000000.0,,,,583000000.0,4094000000.0,,502000000.0,5839000000.0,2210000000.0,1092000000.0,14349000000.0,52000000.0,,1258000000.0,2375000000.0,,,,674000000.0,11660000000.0,13618000000.0,-643000000.0,2519000000.0,14349000000.0,,169000000.0,48000000.0,-34000000.0,,,48000000.0,,-2000000.0,3000000.0,1474000000.0,,,,,97000000.0,283000000.0,,,-262000000.0,,,-1208000000.0,-42000000.0,
2023-03-31,1470000000.0,428000000.0,,,386000000.0,916000000.0,554000000.0,-48000000.0,506000000.0,5000000.0,501000000.0,2.73,2.72,183300000.0,184100000.0,2119000000.0,,1712000000.0,,,,517000000.0,4426000000.0,,525000000.0,5892000000.0,2177000000.0,1099000000.0,14719000000.0,70000000.0,,1578000000.0,2988000000.0,,,,610000000.0,11661000000.0,13979000000.0,-589000000.0,2891000000.0,14719000000.0,,47000000.0,0.0,51000000.0,,,21000000.0,,315000000.0,-24000000.0,608000000.0,,,,,0.0,73000000.0,,,-63000000.0,,,-216000000.0,350000000.0,
2023-06-30,2964000000.0,854000000.0,,,801000000.0,1860000000.0,1104000000.0,-106000000.0,998000000.0,120000000.0,878000000.0,4.79,4.77,183500000.0,184100000.0,2278000000.0,,1542000000.0,,,,513000000.0,4390000000.0,,541000000.0,5926000000.0,2138000000.0,1101000000.0,14691000000.0,37000000.0,,1385000000.0,2667000000.0,,,,689000000.0,11379000000.0,14213000000.0,-570000000.0,3144000000.0,14691000000.0,,97000000.0,21000000.0,-121000000.0,,,24000000.0,,-196000000.0,-22000000.0,1212000000.0,,,,,3000000.0,127000000.0,,,-103000000.0,,,-624000000.0,509000000.0,
2023-09-30,4436000000.0,1266000000.0,,,1204000000.0,2797000000.0,1639000000.0,-154000000.0,1485000000.0,217000000.0,1267000000.0,6.91,6.88,183400000.0,184100000.0,2006000000.0,,1513000000.0,,,,445000000.0,4037000000.0,,573000000.0,5831000000.0,2058000000.0,1130000000.0,14191000000.0,41000000.0,,1226000000.0,2269000000.0,,,,647000000.0,10839000000.0,14460000000.0,-652000000.0,3191000000.0,14191000000.0,,143000000.0,-10000000.0,-127000000.0,,,31000000.0,,-161000000.0,-36000000.0,1674000000.0,,,,,3000000.0,198000000.0,,,-193000000.0,,,-1231000000.0,237000000.0,
2023-12-31,5916000000.0,1687000000.0,,,1632000000.0,3779000000.0,2137000000.0,-202000000.0,1935000000.0,327000000.0,1607000000.0,8.77,8.73,183200000.0,184000000.0,2130000000.0,,1659000000.0,,,,489000000.0,4341000000.0,,603000000.0,5956000000.0,2049000000.0,1138000000.0,14622000000.0,23000000.0,,1316000000.0,2500000000.0,,,,676000000.0,11146000000.0,14659000000.0,-567000000.0,3318000000.0,14622000000.0,,193000000.0,-38000000.0,12000000.0,,,69000000.0,,48000000.0,-21000000.0,2151000000.0,,,,,3000000.0,271000000.0,,,-247000000.0,,,-1584000000.0,361000000.0,
2024-03-31,1786000000.0,467000000.0,,,413000000.0,985000000.0,801000000.0,-49000000.0,752000000.0,175000000.0,577000000.0,3.16,3.15,182600000.0,183400000.0,2476000000.0,,1835000000.0,,,,437000000.0,4806000000.0,,613000000.0,5909000000.0,1983000000.0,1170000000.0,15011000000.0,88000000.0,,1612000000.0,3382000000.0,,,,635000000.0,11276000000.0,15081000000.0,-608000000.0,3575000000.0,15011000000.0,,53000000.0,25000000.0,197000000.0,,,19000000.0,,292000000.0,-14000000.0,775000000.0,,,,,12000000.0,78000000.0,,,-96000000.0,,,-308000000.0,346000000.0,
2024-06-30,3603000000.0,936000000.0,,,859000000.0,2027000000.0,1576000000.0,-105000000.0,1471000000.0,341000000.0,1129000000.0,6.19,6.16,182500000.0,183200000.0,2635000000.0,,1694000000.0,,,,489000000.0,4881000000.0,,652000000.0,5891000000.0,1930000000.0,1150000000.0,15013000000.0,57000000.0,,1423000000.0,3219000000.0,,,,618000000.0,11075000000.0,15478000000.0,-617000000.0,3778000000.0,15013000000.0,,109000000.0,25000000.0,64000000.0,,,1000000.0,,-191000000.0,13000000.0,1461000000.0,,,,,12000000.0,171000000.0,,,-191000000.0,,,-731000000.0,505000000.0,
2024-09-30,5416000000.0,1448000000.0,,,1293000000.0,3102000000.0,2314000000.0,-140000000.0,2174000000.0,510000000.0,1663000000.0,9.13,9.09,182200000.0,183000000.0,2642000000.0,,1708000000.0,,,,470000000.0,5393000000.0,,662000000.0,6148000000.0,1970000000.0,1086000000.0,15769000000.0,50000000.0,,1300000000.0,3235000000.0,,,,661000000.0,11701000000.0,15855000000.0,-503000000.0,3905000000.0,15769000000.0,,166000000.0,9000000.0,43000000.0,,,1000000.0,,-123000000.0,22000000.0,2164000000.0,,,,,110000000.0,243000000.0,,,-875000000.0,,,-812000000.0,512000000.0,
