Date,Net sales,Cost of sales,Gross margin,Research and development,"Selling, general and administrative",Total operating expenses,Operating income,"Other income/(expense), net",Income before provision for income taxes,Provision for income taxes,Net income,Earnings per share basic,Earnings per share diluted,Weighted-average basic,Weighted-average diluted,Cash and cash equivalents,Short-term marketable securities,"Accounts receivable, net",Inventories,Deferred tax assets,Vendor non-trade receivables,Other current assets,Total current assets,Long-term marketable securities,"Property, Plant and Equipment, Net",Goodwill,"Acquired intangible assets, net","Other Assets, Noncurrent",Total assets,accounts payable,Accrued expenses,Deferred revenue,Total current liabilities,Deferred revenue - non-current,deferred tax liabilities,long term taxes payable,Total other non-current liabilities,Total liabilities,Retained Earnings (Accumulated Deficit),Accumulated other comprehensive (loss)/income,Total shareholders equity,Total liabilities and shareholders' equity,"Depreciation, amortization and accretion",Stock-based compensation expense,Deferred income tax expense,"Increase (Decrease) in Accounts receivable, net",Increase (Decrease) in Inventories,Increase (Decrease) in Other Receivables,Increase (Decrease) in Other Operating Assets,Increase (Decrease) in Accounts Payable,Increase (Decrease) in Deferred Revenue,Increase (Decrease) Other liabilities,Cash generated by operating activities,Purchases of marketable securities,Proceeds from maturities of marketable securities,Proceeds from sales of marketable securities,Purchases of other long-term investments,"Business acquisitions, net of cash acquired",Cash payments for capital asset purchases,Payments for acquisition of intangible assets,Payments for (Proceeds from) Other Investing Activities,Cash used in investing activities,Proceeds from issuance of common stock,Excess tax benefits from stock-based compensation,Cash generated/used in financing activities,Increase/(decrease) in cash and cash equivalents,"Cash paid for income taxes, net"
2009-12-31,40386000000.0,,14600000000.0,,9108000000.0,,5524000000.0,,4287000000.0,1259000000.0,3021000000.0,2.04,2.03,,,2101000000.0,,,3775000000.0,730000000.0,,651000000.0,12454000000.0,,10693000000.0,28764000000.0,13429000000.0,1259000000.0,66714000000.0,3766000000.0,3403000000.0,,11491000000.0,,4508000000.0,,2138000000.0,40742000000.0,14636000000.0,-3955000000.0,25876000000.0,66714000000.0,,164000000.0,38000000.0,17000000.0,-299000000.0,,-351000000.0,126000000.0,,111000000.0,5084000000.0,,,,,0.0,1330000000.0,,-50000000.0,-1239000000.0,,,-3133000000.0,857000000.0,
2010-03-31,11318000000.0,,4089000000.0,,2850000000.0,,1206000000.0,,582000000.0,333000000.0,1883000000.0,1.17,1.16,,,3878000000.0,,,5097000000.0,839000000.0,,826000000.0,17215000000.0,,13896000000.0,37119000000.0,25648000000.0,1691000000.0,95709000000.0,5422000000.0,5258000000.0,,15581000000.0,,7561000000.0,,3134000000.0,61215000000.0,15971000000.0,-4422000000.0,34178000000.0,95709000000.0,,40000000.0,116000000.0,176000000.0,163000000.0,,-168000000.0,24000000.0,,-498000000.0,-5000000.0,,,,,9591000000.0,241000000.0,,-2000000.0,-6130000000.0,,,7993000000.0,1777000000.0,
2010-09-30,35434000000.0,,13104000000.0,,8541000000.0,,4426000000.0,,2930000000.0,982000000.0,3574000000.0,2.1,2.09,1748000000.0,1754000000.0,2288000000.0,,,5735000000.0,-5741000000.0,,887000000.0,15824000000.0,,13710000000.0,36764000000.0,25476000000.0,1651000000.0,93620000000.0,5130000000.0,4888000000.0,,13626000000.0,,6992000000.0,,3115000000.0,58638000000.0,16621000000.0,-4720000000.0,34880000000.0,93620000000.0,,132000000.0,127000000.0,-264000000.0,870000000.0,,44000000.0,-181000000.0,,-1383000000.0,1224000000.0,,,,,9843000000.0,1020000000.0,,-13000000.0,-6811000000.0,,,5888000000.0,187000000.0,
2010-12-31,49207000000.0,,17902000000.0,583000000.0,12001000000.0,,5666000000.0,,3642000000.0,1147000000.0,4114000000.0,2.4,2.39,1715000000.0,1720000000.0,2481000000.0,,,5310000000.0,-6837000000.0,,993000000.0,16221000000.0,,13792000000.0,37856000000.0,25963000000.0,1371000000.0,95289000000.0,5409000000.0,4579000000.0,,15660000000.0,,7984000000.0,,3416000000.0,59347000000.0,16619000000.0,-3890000000.0,35834000000.0,95289000000.0,,174000000.0,251000000.0,165000000.0,359000000.0,,-42000000.0,83000000.0,,-776000000.0,3748000000.0,,,,,9848000000.0,1661000000.0,,-8000000.0,-7462000000.0,,,4188000000.0,380000000.0,
2011-03-31,12573000000.0,,4636000000.0,,2933000000.0,,1646000000.0,,1200000000.0,398000000.0,799000000.0,0.46,0.45,1754000000.0,1760000000.0,2088000000.0,,,6116000000.0,969000000.0,,1225000000.0,17529000000.0,,14003000000.0,38592000000.0,26351000000.0,1677000000.0,98269000000.0,5535000000.0,4400000000.0,,19779000000.0,,8252000000.0,,3518000000.0,60770000000.0,16876000000.0,-2744000000.0,37381000000.0,98269000000.0,,44000000.0,-177000000.0,464000000.0,694000000.0,,233000000.0,-122000000.0,,-33000000.0,-986000000.0,,,,,,237000000.0,,7000000.0,-244000000.0,,,795000000.0,-393000000.0,
2011-06-30,26451000000.0,,9507000000.0,,5941000000.0,,3452000000.0,,2565000000.0,787000000.0,1775000000.0,1.01,1.01,1764000000.0,1771000000.0,2267000000.0,,,6414000000.0,919000000.0,,1066000000.0,17496000000.0,,14216000000.0,39063000000.0,26509000000.0,1590000000.0,99027000000.0,5308000000.0,4859000000.0,,20280000000.0,,7993000000.0,,3386000000.0,59916000000.0,17300000000.0,-2004000000.0,38991000000.0,99027000000.0,,89000000.0,-166000000.0,72000000.0,947000000.0,,164000000.0,-404000000.0,,-81000000.0,296000000.0,,,,,,655000000.0,,-30000000.0,-625000000.0,,,40000000.0,-214000000.0,
2011-09-30,39677000000.0,,14122000000.0,,8807000000.0,,5150000000.0,,3838000000.0,1133000000.0,2697000000.0,1.53,1.52,1770000000.0,1777000000.0,1976000000.0,,,6399000000.0,973000000.0,,1146000000.0,17329000000.0,,13856000000.0,37592000000.0,25416000000.0,1470000000.0,95832000000.0,5293000000.0,5284000000.0,,20360000000.0,,7580000000.0,,3281000000.0,59132000000.0,17695000000.0,-4864000000.0,36592000000.0,95832000000.0,,137000000.0,-429000000.0,437000000.0,1188000000.0,,278000000.0,-61000000.0,,489000000.0,1665000000.0,,,,,,1281000000.0,,,-1244000000.0,,,-843000000.0,-505000000.0,
2011-12-31,54365000000.0,,19015000000.0,702000000.0,12140000000.0,,6657000000.0,,4772000000.0,1225000000.0,3527000000.0,2.0,1.99,1765000000.0,1772000000.0,1974000000.0,,,5706000000.0,-5734000000.0,,1249000000.0,16202000000.0,,13813000000.0,37297000000.0,25186000000.0,1308000000.0,93837000000.0,5525000000.0,4856000000.0,,18445000000.0,,6738000000.0,,3396000000.0,58509000000.0,18012000000.0,-6637000000.0,35217000000.0,93837000000.0,,181000000.0,-351000000.0,115000000.0,556000000.0,,374000000.0,300000000.0,,676000000.0,4520000000.0,,,,,,1771000000.0,,,-1728000000.0,,,-3175000000.0,-507000000.0,
2012-03-31,13093000000.0,,4667000000.0,,2822000000.0,,1691000000.0,,1138000000.0,319000000.0,813000000.0,0.46,0.46,1773000000.0,1783000000.0,1852000000.0,,,6286000000.0,980000000.0,,1261000000.0,17693000000.0,,14084000000.0,37940000000.0,25602000000.0,1295000000.0,96647000000.0,5545000000.0,4660000000.0,,19298000000.0,,6901000000.0,,3360000000.0,59556000000.0,18298000000.0,-5242000000.0,36965000000.0,96647000000.0,,49000000.0,-96000000.0,747000000.0,482000000.0,,42000000.0,-184000000.0,,-651000000.0,-851000000.0,,,,,,335000000.0,,,-244000000.0,,,917000000.0,-122000000.0,
2012-06-30,26379000000.0,,9537000000.0,,5676000000.0,,3570000000.0,,2588000000.0,735000000.0,1842000000.0,1.04,1.03,1777000000.0,1786000000.0,4643000000.0,,,6165000000.0,1245000000.0,,1136000000.0,19831000000.0,,13757000000.0,37147000000.0,24981000000.0,1366000000.0,97114000000.0,5161000000.0,4999000000.0,,16054000000.0,,6807000000.0,,3318000000.0,60866000000.0,18800000000.0,-6684000000.0,36133000000.0,97114000000.0,,93000000.0,-90000000.0,298000000.0,514000000.0,,2000000.0,-384000000.0,,-429000000.0,1208000000.0,,,,,,740000000.0,,,-644000000.0,,,2126000000.0,2669000000.0,
2012-09-30,39288000000.0,,14255000000.0,,8631000000.0,,5222000000.0,,3376000000.0,864000000.0,2494000000.0,1.4,1.4,1779000000.0,1789000000.0,3873000000.0,,,6429000000.0,1074000000.0,,1031000000.0,19517000000.0,,14049000000.0,37531000000.0,25196000000.0,1453000000.0,97779000000.0,5499000000.0,4235000000.0,,15845000000.0,,6749000000.0,,3326000000.0,61101000000.0,18921000000.0,-6559000000.0,36551000000.0,97779000000.0,,135000000.0,461000000.0,699000000.0,712000000.0,,-149000000.0,-104000000.0,,-1284000000.0,2175000000.0,,,,,,1229000000.0,,,-1129000000.0,,,828000000.0,1899000000.0,
2012-12-31,35015000000.0,,13076000000.0,462000000.0,9176000000.0,,3637000000.0,,1774000000.0,207000000.0,3028000000.0,1.7,1.69,1777000000.0,1789000000.0,4475000000.0,,,3741000000.0,-5599000000.0,,735000000.0,15622000000.0,,10010000000.0,25801000000.0,22552000000.0,1475000000.0,75478000000.0,4642000000.0,2858000000.0,,14873000000.0,,6302000000.0,,3038000000.0,43123000000.0,10457000000.0,-2633000000.0,32215000000.0,75478000000.0,,162000000.0,410000000.0,599000000.0,129000000.0,,-217000000.0,505000000.0,,-1166000000.0,3923000000.0,,,,,,1610000000.0,,,-1687000000.0,,,204000000.0,2501000000.0,
2013-03-31,8744000000.0,,3242000000.0,,2332000000.0,,834000000.0,,555000000.0,-19000000.0,568000000.0,0.32,0.32,1784000000.0,1798000000.0,2759000000.0,,,3849000000.0,545000000.0,,877000000.0,14295000000.0,,9845000000.0,25552000000.0,22230000000.0,1346000000.0,73298000000.0,4378000000.0,2626000000.0,,13847000000.0,,6293000000.0,,2985000000.0,41280000000.0,10756000000.0,-3354000000.0,31874000000.0,73298000000.0,,33000000.0,-104000000.0,315000000.0,160000000.0,,85000000.0,-246000000.0,,-366000000.0,-385000000.0,,,,,119000000.0,235000000.0,,-1000000.0,-298000000.0,,,-993000000.0,-1716000000.0,
2013-06-30,17339000000.0,,6473000000.0,,4601000000.0,,1699000000.0,,1185000000.0,13000000.0,1184000000.0,0.66,0.66,1788000000.0,1803000000.0,2476000000.0,,,3937000000.0,478000000.0,,858000000.0,13738000000.0,,9703000000.0,25181000000.0,21869000000.0,1305000000.0,71823000000.0,4316000000.0,2657000000.0,,13133000000.0,,6084000000.0,,2893000000.0,40274000000.0,11117000000.0,-4182000000.0,31407000000.0,71823000000.0,,68000000.0,-166000000.0,-25000000.0,337000000.0,,22000000.0,-170000000.0,,-807000000.0,418000000.0,,,,,119000000.0,568000000.0,,-2000000.0,-582000000.0,,,-1728000000.0,-1999000000.0,
2013-09-30,25811000000.0,,9617000000.0,,6385000000.0,,2961000000.0,,2229000000.0,14000000.0,2208000000.0,1.24,1.23,1783000000.0,1798000000.0,,,,4161000000.0,527000000.0,,838000000.0,15463000000.0,,10085000000.0,25679000000.0,22111000000.0,1492000000.0,74859000000.0,4533000000.0,2636000000.0,,15269000000.0,,6218000000.0,,2514000000.0,42367000000.0,11878000000.0,-3318000000.0,32343000000.0,74859000000.0,,98000000.0,-237000000.0,100000000.0,502000000.0,,-16000000.0,-30000000.0,,-787000000.0,1198000000.0,,,,,119000000.0,1028000000.0,,-29000000.0,-1015000000.0,,,-881000000.0,-783000000.0,
2013-12-31,35299000000.0,,13110000000.0,471000000.0,8679000000.0,,3971000000.0,-1579000000.0,2392000000.0,60000000.0,3915000000.0,2.21,2.19,1774000000.0,1789000000.0,,,,3743000000.0,-5576000000.0,,889000000.0,13216000000.0,,10247000000.0,25597000000.0,21994000000.0,1449000000.0,72557000000.0,5345000000.0,3051000000.0,,14396000000.0,,6282000000.0,,2491000000.0,40025000000.0,13419000000.0,-2889000000.0,32373000000.0,72557000000.0,,128000000.0,-64000000.0,-492000000.0,116000000.0,,42000000.0,793000000.0,,62000000.0,6410000000.0,,,,,119000000.0,1622000000.0,,,-1483000000.0,,,-6645000000.0,-1811000000.0,
2014-03-31,8641000000.0,,3204000000.0,,2265000000.0,,843000000.0,-720000000.0,123000000.0,-27000000.0,163000000.0,0.1,0.09,1704000000.0,1722000000.0,,,,4027000000.0,517000000.0,,836000000.0,13702000000.0,,10242000000.0,25408000000.0,21992000000.0,1561000000.0,72960000000.0,5372000000.0,2585000000.0,,15325000000.0,,6202000000.0,,2607000000.0,41184000000.0,13315000000.0,-3116000000.0,31649000000.0,72960000000.0,,35000000.0,-98000000.0,305000000.0,299000000.0,,59000000.0,67000000.0,,-815000000.0,-577000000.0,,,,,,326000000.0,,-9000000.0,-317000000.0,,,679000000.0,-242000000.0,
2014-06-30,17077000000.0,,6309000000.0,,4303000000.0,,1800000000.0,-944000000.0,856000000.0,91000000.0,785000000.0,0.46,0.46,1699000000.0,1717000000.0,,,,4088000000.0,570000000.0,,777000000.0,13100000000.0,,10483000000.0,25527000000.0,22066000000.0,1446000000.0,72680000000.0,5303000000.0,2440000000.0,,14915000000.0,,6086000000.0,,2722000000.0,40273000000.0,13666000000.0,-2760000000.0,32268000000.0,72680000000.0,,68000000.0,-180000000.0,-70000000.0,353000000.0,,60000000.0,-18000000.0,,-1095000000.0,368000000.0,,,,,,724000000.0,,-26000000.0,-698000000.0,,,-163000000.0,-532000000.0,
2014-09-30,25414000000.0,,9451000000.0,,6356000000.0,,2653000000.0,-717000000.0,1936000000.0,242000000.0,1684000000.0,0.99,0.98,1695000000.0,1713000000.0,,,,4122000000.0,433000000.0,,1235000000.0,12846000000.0,,10152000000.0,24399000000.0,21110000000.0,1395000000.0,69967000000.0,5184000000.0,2630000000.0,,14615000000.0,,5753000000.0,,2390000000.0,39011000000.0,14298000000.0,-4584000000.0,30844000000.0,69967000000.0,,104000000.0,-255000000.0,163000000.0,625000000.0,,106000000.0,19000000.0,,-430000000.0,1149000000.0,,,,,,1129000000.0,,-29000000.0,-1100000000.0,,,-869000000.0,-960000000.0,
2014-12-31,34244000000.0,,12597000000.0,455000000.0,8457000000.0,,3242000000.0,-688000000.0,2554000000.0,353000000.0,2184000000.0,1.29,1.28,1691000000.0,1709000000.0,,,3802000000.0,3480000000.0,-4827000000.0,,1408000000.0,11750000000.0,,9827000000.0,23389000000.0,20335000000.0,1461000000.0,66815000000.0,5299000000.0,2880000000.0,,14007000000.0,,5512000000.0,,2140000000.0,38962000000.0,14529000000.0,-7318000000.0,27750000000.0,66815000000.0,,141000000.0,-186000000.0,-184000000.0,188000000.0,,86000000.0,387000000.0,,135000000.0,3562000000.0,,,,,7000000.0,1642000000.0,,,-1642000000.0,,,-2688000000.0,-991000000.0,
2015-03-31,7762000000.0,,2941000000.0,,1924000000.0,,811000000.0,-386000000.0,425000000.0,113000000.0,324000000.0,0.2,0.19,1648000000.0,1665000000.0,,,4061000000.0,3421000000.0,557000000.0,,1138000000.0,11864000000.0,,9261000000.0,22356000000.0,19434000000.0,1240000000.0,64206000000.0,5199000000.0,2709000000.0,,16466000000.0,,5373000000.0,,2003000000.0,39594000000.0,14582000000.0,-9208000000.0,24546000000.0,64206000000.0,,36000000.0,25000000.0,558000000.0,178000000.0,,50000000.0,317000000.0,,-481000000.0,-282000000.0,,,,,81000000.0,439000000.0,,,417000000.0,,,185000000.0,204000000.0,
2015-06-30,15423000000.0,,6007000000.0,,3885000000.0,,1652000000.0,-700000000.0,952000000.0,213000000.0,730000000.0,0.45,0.44,1637000000.0,1654000000.0,,,3294000000.0,3000000000.0,569000000.0,,653000000.0,11888000000.0,,8728000000.0,21055000000.0,19677000000.0,1281000000.0,65118000000.0,4499000000.0,2917000000.0,,16788000000.0,,5289000000.0,,2159000000.0,40384000000.0,14725000000.0,-8692000000.0,24645000000.0,65118000000.0,,66000000.0,-52000000.0,143000000.0,181000000.0,,-52000000.0,-49000000.0,,-694000000.0,571000000.0,,,,,81000000.0,790000000.0,,,583000000.0,,,-297000000.0,769000000.0,
2015-09-30,22272000000.0,,8677000000.0,,5675000000.0,,9454000000.0,-814000000.0,8640000000.0,561000000.0,7996000000.0,4.91,4.86,1627.0,1646.0,,,3352000000.0,3029000000.0,550000000.0,,638000000.0,12174000000.0,,8564000000.0,20963000000.0,19115000000.0,637000000.0,66390000000.0,4875000000.0,2937000000.0,,13637000000.0,,5137000000.0,,1962000000.0,36438000000.0,21707000000.0,-9609000000.0,29868000000.0,66390000000.0,,98000000.0,-81000000.0,868000000.0,314000000.0,,-36000000.0,496000000.0,,11000000.0,1412000000.0,,,,,536000000.0,1178000000.0,,,3460000000.0,,,-4270000000.0,408000000.0,
2015-12-31,29636000000.0,,11512000000.0,409000000.0,7577000000.0,,8897000000.0,-1013000000.0,7884000000.0,593000000.0,7267000000.0,4.49,4.44,1618000000.0,1637000000.0,,,2634000000.0,2609000000.0,1937000000.0,,633000000.0,8958000000.0,,8362000000.0,20664000000.0,18768000000.0,635000000.0,62843000000.0,4890000000.0,2713000000.0,,10922000000.0,,4750000000.0,,1832000000.0,34743000000.0,20700000000.0,-9986000000.0,28012000000.0,62843000000.0,,136000000.0,-30000000.0,-44000000.0,49000000.0,,-28000000.0,659000000.0,,152000000.0,3728000000.0,,,,,527000000.0,1514000000.0,,,2649000000.0,,,-5883000000.0,239000000.0,
2016-03-31,6455000000.0,,2535000000.0,,1615000000.0,,722000000.0,-244000000.0,478000000.0,49000000.0,554000000.0,0.35,0.35,1569.0,1587.0,,,3101000000.0,2756000000.0,,,590000000.0,9009000000.0,,8534000000.0,20977000000.0,19094000000.0,377000000.0,63975000000.0,4779000000.0,2468000000.0,,13178000000.0,,4738000000.0,,1934000000.0,36113000000.0,20970000000.0,-9381000000.0,27770000000.0,63975000000.0,,30000000.0,-53000000.0,404000000.0,77000000.0,,-14000000.0,-135000000.0,,-463000000.0,-454000000.0,,,,,,335000000.0,,,-316000000.0,,,207000000.0,-532000000.0,
2016-06-30,12757000000.0,,5051000000.0,,3283000000.0,,1360000000.0,-395000000.0,965000000.0,167000000.0,1018000000.0,0.65,0.64,1563000000.0,1581000000.0,,,2796000000.0,2713000000.0,,,592000000.0,8979000000.0,,8425000000.0,20741000000.0,18781000000.0,385000000.0,63271000000.0,4562000000.0,2545000000.0,,12996000000.0,,4801000000.0,,2008000000.0,35595000000.0,21127000000.0,-9768000000.0,27592000000.0,63271000000.0,,72000000.0,-86000000.0,27000000.0,63000000.0,,-23000000.0,-319000000.0,,-457000000.0,337000000.0,,,,,,604000000.0,,,-505000000.0,,,28000000.0,-115000000.0,
2016-09-30,19153000000.0,,7539000000.0,,4835000000.0,,2062000000.0,-540000000.0,1522000000.0,207000000.0,1566000000.0,1.0,0.99,1561000000.0,1579000000.0,,,3019000000.0,2776000000.0,,,479000000.0,8855000000.0,,8465000000.0,20751000000.0,18721000000.0,384000000.0,63265000000.0,4884000000.0,2669000000.0,,13957000000.0,,4762000000.0,,1709000000.0,35688000000.0,21366000000.0,-9699000000.0,27509000000.0,63265000000.0,,102000000.0,-163000000.0,265000000.0,121000000.0,,-79000000.0,-143000000.0,,-266000000.0,1138000000.0,,,,,,909000000.0,,,-521000000.0,,,-830000000.0,-184000000.0,
2016-12-31,25923000000.0,,10128000000.0,376000000.0,6540000000.0,,2569000000.0,-1115000000.0,1454000000.0,129000000.0,1659000000.0,1.07,1.05,1556000000.0,1573000000.0,,,2611000000.0,2469000000.0,1840000000.0,,800000000.0,8480000000.0,,8229000000.0,20276000000.0,18101000000.0,350000000.0,61538000000.0,5318000000.0,2636000000.0,,14417000000.0,,4721000000.0,,1572000000.0,36323000000.0,21149000000.0,-11122000000.0,25161000000.0,61538000000.0,,140000000.0,-141000000.0,-31000000.0,-62000000.0,,176000000.0,409000000.0,,60000000.0,2838000000.0,,,,,246000000.0,1224000000.0,,,-1029000000.0,,,-1862000000.0,-129000000.0,
2017-03-31,6414000000.0,,2525000000.0,,1475000000.0,,840000000.0,-119000000.0,721000000.0,154000000.0,630000000.0,0.41,0.41,1529000000.0,1550000000.0,,,3035000000.0,2603000000.0,,,641000000.0,8415000000.0,,8377000000.0,20515000000.0,18297000000.0,357000000.0,62076000000.0,4897000000.0,2397000000.0,,15057000000.0,,4676000000.0,,1615000000.0,36357000000.0,21468000000.0,-10564000000.0,25658000000.0,62076000000.0,,39000000.0,13000000.0,454000000.0,95000000.0,,-126000000.0,-443000000.0,,-478000000.0,-557000000.0,,,,,,306000000.0,,,-287000000.0,,,378000000.0,-434000000.0,
2017-06-30,12400000000.0,,4849000000.0,,2924000000.0,,1481000000.0,-243000000.0,1238000000.0,238000000.0,1128000000.0,0.74,0.73,1524000000.0,1544000000.0,,,2395000000.0,2710000000.0,,,778000000.0,8193000000.0,,8444000000.0,20915000000.0,18514000000.0,347000000.0,62757000000.0,5012000000.0,2819000000.0,,15563000000.0,,4587000000.0,,1488000000.0,36965000000.0,21648000000.0,-10217000000.0,25720000000.0,62757000000.0,,77000000.0,,-153000000.0,181000000.0,,88000000.0,-430000000.0,,-646000000.0,262000000.0,,,,,,488000000.0,,,-286000000.0,,,-376000000.0,-344000000.0,
2017-09-30,18930000000.0,,7401000000.0,,4254000000.0,,2662000000.0,-262000000.0,2400000000.0,510000000.0,2120000000.0,1.4,1.38,1518000000.0,1537000000.0,,,2981000000.0,2781000000.0,,,617000000.0,8155000000.0,,8538000000.0,21071000000.0,18638000000.0,349000000.0,63291000000.0,5139000000.0,2831000000.0,,16035000000.0,,4664000000.0,,1496000000.0,37192000000.0,22296000000.0,-9917000000.0,26031000000.0,63291000000.0,,104000000.0,77000000.0,387000000.0,236000000.0,,,-426000000.0,,,797000000.0,,,,,,721000000.0,,,-128000000.0,,,-1648000000.0,-897000000.0,
2017-12-31,25896000000.0,,10065000000.0,366000000.0,5911000000.0,,3506000000.0,-382000000.0,3124000000.0,688000000.0,2922000000.0,1.93,1.91,1513000000.0,1531000000.0,,,2691000000.0,2557000000.0,1560000000.0,,676000000.0,7520000000.0,,8677000000.0,21085000000.0,18639000000.0,366000000.0,63109000000.0,5705000000.0,2959000000.0,,15793000000.0,,3376000000.0,,2689000000.0,36918000000.0,22749000000.0,-9998000000.0,26111000000.0,63109000000.0,,137000000.0,-1206000000.0,24000000.0,18000000.0,,,5000000.0,,,2593000000.0,,,,,0.0,1014000000.0,,,-301000000.0,,,-3361000000.0,-980000000.0,
2018-03-31,6765000000.0,,2849000000.0,,1527000000.0,,1224000000.0,-80000000.0,1157000000.0,307000000.0,938000000.0,0.63,0.62,1489000000.0,1505000000.0,,,3113000000.0,2620000000.0,,,666000000.0,8370000000.0,,8792000000.0,21301000000.0,18810000000.0,422000000.0,64503000000.0,5727000000.0,2999000000.0,,16798000000.0,,3419000000.0,,2589000000.0,37953000000.0,23315000000.0,-9858000000.0,26452000000.0,64503000000.0,,28000000.0,47000000.0,413000000.0,38000000.0,,,-144000000.0,,,407000000.0,,,,,,284000000.0,,,-274000000.0,,,229000000.0,369000000.0,
2018-06-30,12877000000.0,,5389000000.0,,3431000000.0,,1705000000.0,-328000000.0,1405000000.0,321000000.0,1261000000.0,0.85,0.84,1482000000.0,1496000000.0,,,2416000000.0,2683000000.0,,,1039000000.0,8202000000.0,,8384000000.0,21002000000.0,18362000000.0,373000000.0,62974000000.0,5248000000.0,2529000000.0,,14832000000.0,,3395000000.0,,2819000000.0,37687000000.0,23305000000.0,-10526000000.0,25203000000.0,62974000000.0,,67000000.0,-46000000.0,-112000000.0,240000000.0,,,-325000000.0,,,1182000000.0,,,,,528000000.0,532000000.0,,,-1041000000.0,,,389000000.0,485000000.0,
2018-09-30,19165000000.0,11362000000.0,7803000000.0,,4939000000.0,,2442000000.0,-414000000.0,2075000000.0,662000000.0,2558000000.0,1.73,1.72,1477000000.0,1491000000.0,,,2732000000.0,2842000000.0,,,930000000.0,8722000000.0,,8403000000.0,20900000000.0,18136000000.0,344000000.0,63918000000.0,5374000000.0,2604000000.0,,15508000000.0,,,,2765000000.0,38386000000.0,24075000000.0,-10642000000.0,25457000000.0,63918000000.0,,92000000.0,179000000.0,230000000.0,431000000.0,,,-143000000.0,,,1885000000.0,,,,,528000000.0,810000000.0,,,-1202000000.0,,,-7000000.0,612000000.0,
2018-12-31,25938000000.0,15586000000.0,10352000000.0,362000000.0,6475000000.0,,3312000000.0,-520000000.0,2842000000.0,773000000.0,3381000000.0,2.3,2.28,1472000000.0,1486000000.0,,,2262000000.0,2592000000.0,1529000000.0,,906000000.0,7604000000.0,,8482000000.0,20725000000.0,18002000000.0,406000000.0,62729000000.0,5794000000.0,2646000000.0,,16737000000.0,,,,2623000000.0,37016000000.0,24491000000.0,-10630000000.0,25637000000.0,62729000000.0,,128000000.0,233000000.0,-257000000.0,204000000.0,,,236000000.0,,,3948000000.0,,,,,528000000.0,1100000000.0,,,-1224000000.0,,,-2329000000.0,339000000.0,
2019-03-31,6538000000.0,3945000000.0,2593000000.0,,1493000000.0,,1036000000.0,-80000000.0,973000000.0,189000000.0,914000000.0,0.63,0.63,1449000000.0,1461000000.0,,,2781000000.0,2620000000.0,,,841000000.0,8539000000.0,,8520000000.0,20686000000.0,17958000000.0,411000000.0,64162000000.0,5566000000.0,2728000000.0,,17721000000.0,,,,2601000000.0,38253000000.0,24954000000.0,-10498000000.0,25828000000.0,64162000000.0,,32000000.0,2000000.0,570000000.0,36000000.0,,,-139000000.0,,,465000000.0,,,,,,265000000.0,,,-223000000.0,,,201000000.0,442000000.0,
2019-06-30,12600000000.0,7538000000.0,5062000000.0,,2920000000.0,,2061000000.0,-181000000.0,1909000000.0,405000000.0,1721000000.0,1.19,1.18,1447000000.0,1460000000.0,,,2179000000.0,2731000000.0,,,966000000.0,7836000000.0,,8550000000.0,20701000000.0,17943000000.0,412000000.0,63573000000.0,5312000000.0,2782000000.0,,17798000000.0,,,,2387000000.0,37399000000.0,25348000000.0,-10541000000.0,26093000000.0,63573000000.0,,71000000.0,36000000.0,-135000000.0,145000000.0,,,-430000000.0,,,1046000000.0,,,,,0.0,465000000.0,,,-267000000.0,,,-639000000.0,148000000.0,
2019-09-30,18955000000.0,11377000000.0,7578000000.0,,4386000000.0,,2937000000.0,-386000000.0,2593000000.0,-633000000.0,3144000000.0,2.17,2.15,1446000000.0,1459000000.0,,,2492000000.0,2742000000.0,,,1176000000.0,8630000000.0,,8316000000.0,20465000000.0,17642000000.0,374000000.0,63895000000.0,5322000000.0,2480000000.0,,17120000000.0,,,,2345000000.0,37021000000.0,26345000000.0,-10717000000.0,26806000000.0,63895000000.0,,101000000.0,-738000000.0,217000000.0,219000000.0,,,-259000000.0,,,1882000000.0,,,,,284000000.0,686000000.0,,,-735000000.0,,,-686000000.0,437000000.0,
2019-12-31,25868000000.0,15531000000.0,10337000000.0,351000000.0,6136000000.0,,3843000000.0,-456000000.0,3447000000.0,2000000.0,3870000000.0,2.68,2.65,1445000000.0,1458000000.0,,,2212000000.0,2546000000.0,1382000000.0,,866000000.0,7630000000.0,,,20848000000.0,17957000000.0,359000000.0,64549000000.0,5853000000.0,2645000000.0,,15322000000.0,,,,2351000000.0,37198000000.0,26653000000.0,-10258000000.0,27275000000.0,64549000000.0,,135000000.0,-631000000.0,-124000000.0,-31000000.0,,,4000000.0,,,3965000000.0,,,,,284000000.0,925000000.0,,,-960000000.0,,,-2787000000.0,228000000.0,
2020-03-31,6707000000.0,4256000000.0,2451000000.0,,1537000000.0,,856000000.0,-190000000.0,699000000.0,148000000.0,753000000.0,0.53,0.52,1434000000.0,1445000000.0,,,2628000000.0,2441000000.0,,,1404000000.0,9068000000.0,,,20216000000.0,17271000000.0,267000000.0,63598000000.0,5554000000.0,2593000000.0,,17004000000.0,,,,2261000000.0,37846000000.0,26961000000.0,-11625000000.0,25674000000.0,63598000000.0,,28000000.0,-26000000.0,610000000.0,48000000.0,,,206000000.0,,,284000000.0,,,,,,214000000.0,,26000000.0,-55000000.0,,,455000000.0,624000000.0,
2020-06-30,12618000000.0,7836000000.0,4782000000.0,,2990000000.0,,1569000000.0,-275000000.0,1358000000.0,489000000.0,1280000000.0,0.89,0.89,1432000000.0,1442000000.0,,,1979000000.0,2710000000.0,,,1073000000.0,7995000000.0,,,20997000000.0,17877000000.0,285000000.0,64194000000.0,5466000000.0,2930000000.0,,14539000000.0,,,,2213000000.0,38097000000.0,27040000000.0,-11419000000.0,26018000000.0,64194000000.0,,63000000.0,-110000000.0,-328000000.0,233000000.0,,,75000000.0,,,1558000000.0,,,,,1141000000.0,445000000.0,,30000000.0,-1037000000.0,,,-181000000.0,303000000.0,
2020-09-30,19283000000.0,11709000000.0,7574000000.0,,4474000000.0,,2704000000.0,-364000000.0,2442000000.0,880000000.0,2399000000.0,1.68,1.66,1432000000.0,1442000000.0,,,2491000000.0,2840000000.0,,,791000000.0,9446000000.0,,,21335000000.0,18056000000.0,277000000.0,66249000000.0,5597000000.0,3102000000.0,,12685000000.0,,,,2261000000.0,39221000000.0,27702000000.0,-11255000000.0,26943000000.0,66249000000.0,,97000000.0,-103000000.0,259000000.0,314000000.0,,,129000000.0,,,2315000000.0,,,,,1142000000.0,630000000.0,,-58000000.0,-357000000.0,,,-495000000.0,1462000000.0,
2020-12-31,26581000000.0,16135000000.0,10446000000.0,332000000.0,6098000000.0,,3853000000.0,-608000000.0,3383000000.0,1224000000.0,3555000000.0,2.48,2.47,1431000000.0,1441000000.0,,,2297000000.0,2647000000.0,1655000000.0,,759000000.0,9979000000.0,,,21895000000.0,18482000000.0,292000000.0,67810000000.0,6209000000.0,3216000000.0,,15159000000.0,,,,2302000000.0,40156000000.0,28402000000.0,-10690000000.0,27578000000.0,67810000000.0,,126000000.0,-70000000.0,-59000000.0,24000000.0,,,436000000.0,,,3964000000.0,,,,,1136000000.0,900000000.0,,,500000000.0,,,-2215000000.0,2322000000.0,
2021-03-31,7238000000.0,4272000000.0,2966000000.0,,1564000000.0,,1283000000.0,-218000000.0,1109000000.0,212000000.0,961000000.0,0.68,0.68,1412000000.0,1422000000.0,,,2655000000.0,2635000000.0,,,865000000.0,8843000000.0,,,21945000000.0,18527000000.0,276000000.0,66349000000.0,6372000000.0,2803000000.0,,14550000000.0,,,,2383000000.0,39200000000.0,28903000000.0,-10746000000.0,27075000000.0,66349000000.0,,25000000.0,34000000.0,494000000.0,37000000.0,,,283000000.0,,,915000000.0,,,,,490000000.0,216000000.0,,-16000000.0,-690000000.0,,,-1781000000.0,-1591000000.0,
2021-06-30,13880000000.0,8283000000.0,5597000000.0,,3157000000.0,,2155000000.0,-276000000.0,1977000000.0,610000000.0,2039000000.0,1.45,1.44,1410000000.0,1419000000.0,,,2226000000.0,2925000000.0,,,878000000.0,8654000000.0,,,22270000000.0,18691000000.0,241000000.0,66477000000.0,6375000000.0,3032000000.0,,14085000000.0,,,,2320000000.0,38857000000.0,29538000000.0,-10572000000.0,27543000000.0,66477000000.0,,63000000.0,92000000.0,-42000000.0,289000000.0,,,182000000.0,,,1792000000.0,,,,,833000000.0,410000000.0,,-25000000.0,-220000000.0,,,-3228000000.0,-1681000000.0,
2021-09-30,21062000000.0,12641000000.0,8421000000.0,,4593000000.0,,3449000000.0,-358000000.0,3226000000.0,952000000.0,3297000000.0,2.34,2.33,1406000000.0,1415000000.0,,,2673000000.0,2922000000.0,,,803000000.0,10455000000.0,,,22029000000.0,18413000000.0,376000000.0,67317000000.0,6484000000.0,2680000000.0,,14259000000.0,,,,2348000000.0,39563000000.0,30305000000.0,-10904000000.0,27698000000.0,67317000000.0,,88000000.0,159000000.0,417000000.0,342000000.0,,,420000000.0,,,2720000000.0,,,,,833000000.0,639000000.0,,-80000000.0,106000000.0,,,-2971000000.0,-242000000.0,
2021-12-31,28720000000.0,17466000000.0,11254000000.0,347000000.0,6263000000.0,,4653000000.0,-447000000.0,4369000000.0,1190000000.0,4300000000.0,3.06,3.04,1403000000.0,1413000000.0,,,2337000000.0,2708000000.0,1400000000.0,,900000000.0,10342000000.0,,,21978000000.0,18291000000.0,371000000.0,67092000000.0,6730000000.0,2397000000.0,,14008000000.0,,,,2326000000.0,38769000000.0,30806000000.0,-10624000000.0,28269000000.0,67092000000.0,,121000000.0,205000000.0,197000000.0,170000000.0,,,702000000.0,,,4141000000.0,,,,,833000000.0,1000000000.0,,,-26000000.0,,,-4069000000.0,-97000000.0,
2022-03-31,7764000000.0,4781000000.0,2983000000.0,,1693000000.0,,1094000000.0,-168000000.0,959000000.0,210000000.0,855000000.0,0.62,0.61,1389000000.0,1398000000.0,,,2943000000.0,2838000000.0,,,1143000000.0,9619000000.0,,,22618000000.0,18829000000.0,398000000.0,67994000000.0,7241000000.0,2509000000.0,,14103000000.0,,,,2353000000.0,39778000000.0,31163000000.0,-10425000000.0,28161000000.0,67994000000.0,,24000000.0,-70000000.0,517000000.0,81000000.0,,,397000000.0,,,1131000000.0,,,,,1418000000.0,167000000.0,,-78000000.0,-1441000000.0,,,-1280000000.0,-1600000000.0,
2022-06-30,15038000000.0,9414000000.0,5624000000.0,,3369000000.0,,2021000000.0,-266000000.0,1818000000.0,411000000.0,1602000000.0,1.16,1.15,1385000000.0,1393000000.0,,,2467000000.0,3038000000.0,,,1066000000.0,9210000000.0,,,22103000000.0,18339000000.0,636000000.0,66014000000.0,6787000000.0,2560000000.0,,13578000000.0,,,,2063000000.0,38461000000.0,31431000000.0,-10638000000.0,27511000000.0,66014000000.0,,56000000.0,-32000000.0,227000000.0,366000000.0,,,183000000.0,,,1967000000.0,,,,,1402000000.0,385000000.0,,-193000000.0,-999000000.0,,,-2516000000.0,-1618000000.0,
2022-09-30,22801000000.0,14564000000.0,8237000000.0,,5253000000.0,,2700000000.0,-337000000.0,2456000000.0,595000000.0,2134000000.0,1.55,1.54,1381000000.0,1389000000.0,,,2819000000.0,3393000000.0,,,837000000.0,9910000000.0,,,22387000000.0,19313000000.0,1068000000.0,68036000000.0,6726000000.0,2655000000.0,,14321000000.0,,,,2482000000.0,41366000000.0,31437000000.0,-11231000000.0,26641000000.0,68036000000.0,,88000000.0,41000000.0,625000000.0,745000000.0,,,332000000.0,,,2516000000.0,,,,,3978000000.0,621000000.0,,-585000000.0,-3410000000.0,,,-297000000.0,-1358000000.0,
2022-12-31,31496000000.0,20184000000.0,11312000000.0,346000000.0,7384000000.0,,3534000000.0,-423000000.0,3228000000.0,865000000.0,2717000000.0,1.97,1.96,1378000000.0,1385000000.0,,,3088000000.0,3381000000.0,1562000000.0,,880000000.0,10091000000.0,,,23450000000.0,19710000000.0,1862000000.0,71161000000.0,7562000000.0,3168000000.0,,16731000000.0,,,,2688000000.0,44241000000.0,31481000000.0,-10947000000.0,26883000000.0,71161000000.0,,120000000.0,-42000000.0,719000000.0,635000000.0,,,715000000.0,,,3908000000.0,,,,,5286000000.0,906000000.0,,,-4888000000.0,,,-456000000.0,-1605000000.0,
2023-03-31,9166000000.0,5720000000.0,3446000000.0,,1855000000.0,,1505000000.0,-95000000.0,2225000000.0,658000000.0,2081000000.0,1.52,1.52,1366000000.0,1373000000.0,,,3502000000.0,3627000000.0,,,2815000000.0,12671000000.0,,,23604000000.0,19810000000.0,2000000000.0,72786000000.0,7885000000.0,3547000000.0,,18531000000.0,,,,2668000000.0,44512000000.0,33040000000.0,-10814000000.0,28228000000.0,72786000000.0,,38000000.0,199000000.0,590000000.0,232000000.0,,,216000000.0,,,1123000000.0,,,,,-1000000.0,223000000.0,,176000000.0,636000000.0,,,-1757000000.0,-9000000.0,
2023-06-30,17673000000.0,10873000000.0,6800000000.0,,3724000000.0,,2930000000.0,-192000000.0,3386000000.0,926000000.0,3025000000.0,2.22,2.2,1365000000.0,1372000000.0,,,2934000000.0,3825000000.0,,,2530000000.0,11622000000.0,,,23670000000.0,19839000000.0,2165000000.0,72025000000.0,7740000000.0,3846000000.0,,18002000000.0,,,,2593000000.0,43346000000.0,33458000000.0,-10710000000.0,28647000000.0,72025000000.0,,75000000.0,101000000.0,90000000.0,428000000.0,,,-62000000.0,,,1973000000.0,,,,,-19000000.0,495000000.0,,234000000.0,1250000000.0,,,-3539000000.0,-395000000.0,
2023-09-30,26702000000.0,16408000000.0,10294000000.0,,5743000000.0,,4309000000.0,-258000000.0,4717000000.0,1280000000.0,4009000000.0,2.94,2.92,1364000000.0,1372000000.0,,,3498000000.0,3808000000.0,,,1806000000.0,11515000000.0,,,23307000000.0,19475000000.0,2173000000.0,70860000000.0,7658000000.0,3956000000.0,,18936000000.0,,,,2479000000.0,42300000000.0,33866000000.0,-11232000000.0,28535000000.0,70860000000.0,,109000000.0,9000000.0,687000000.0,484000000.0,,,18000000.0,,,3150000000.0,,,,,-19000000.0,780000000.0,,180000000.0,1786000000.0,,,-5074000000.0,-271000000.0,
2023-12-31,36016000000.0,22252000000.0,13764000000.0,380000000.0,8002000000.0,,5502000000.0,-310000000.0,5880000000.0,1537000000.0,4959000000.0,3.64,3.62,1363000000.0,1370000000.0,,,3634000000.0,3615000000.0,1566000000.0,,1766000000.0,11703000000.0,,,23896000000.0,19836000000.0,886000000.0,71391000000.0,8321000000.0,4330000000.0,,19013000000.0,,,,2735000000.0,43025000000.0,34236000000.0,-10946000000.0,28332000000.0,71391000000.0,,146000000.0,-37000000.0,628000000.0,193000000.0,,,264000000.0,,,4714000000.0,,,,,-19000000.0,1112000000.0,,,2812000000.0,,,-7558000000.0,-64000000.0,
2024-03-31,9290000000.0,4540000000.0,4750000000.0,,1938000000.0,,2727000000.0,-68000000.0,2682000000.0,632000000.0,1412000000.0,1.05,1.04,1348000000.0,1355000000.0,,,3998000000.0,3562000000.0,,,9674000000.0,19426000000.0,,,23539000000.0,19614000000.0,1083000000.0,77624000000.0,8618000000.0,10668000000.0,,25288000000.0,,,,2609000000.0,49110000000.0,35074000000.0,-11132000000.0,28482000000.0,77624000000.0,,31000000.0,270000000.0,395000000.0,16000000.0,,,419000000.0,,,1324000000.0,,,,,0.0,299000000.0,,,-446000000.0,,,-1223000000.0,-422000000.0,
2024-06-30,17633000000.0,10086000000.0,7547000000.0,,3829000000.0,,3581000000.0,,3532000000.0,927000000.0,2013000000.0,1.5,1.49,1346000000.0,1352000000.0,,,3165000000.0,4009000000.0,,,5751000000.0,15170000000.0,,,23386000000.0,19397000000.0,1238000000.0,73096000000.0,8370000000.0,7147000000.0,,22430000000.0,,,,2471000000.0,45378000000.0,35108000000.0,-11515000000.0,27689000000.0,73096000000.0,,69000000.0,205000000.0,-348000000.0,516000000.0,,,358000000.0,,,2146000000.0,,,,,0.0,666000000.0,,,-847000000.0,,,-1604000000.0,-413000000.0,
2024-09-30,26837000000.0,16291000000.0,10546000000.0,,5459000000.0,,4734000000.0,,4664000000.0,1253000000.0,2866000000.0,2.13,2.12,1343000000.0,1349000000.0,,,3800000000.0,4270000000.0,,,2723000000.0,13201000000.0,,,23773000000.0,19459000000.0,1194000000.0,72191000000.0,9110000000.0,5032000000.0,,21073000000.0,,,,2191000000.0,44300000000.0,35331000000.0,-11579000000.0,27854000000.0,72191000000.0,,112000000.0,167000000.0,270000000.0,710000000.0,,,951000000.0,,,3451000000.0,,,,,0.0,982000000.0,,,-1170000000.0,,,-2558000000.0,-311000000.0,
,,,,,,,,,,,,,,,,,,,,,,,,,,,,,,,,,,,,,,,,,,,,,,,,,,,,,,,,,,,,,,,,,,,
