Date,Net sales,Cost of sales,Gross margin,Research and development,"Selling, general and administrative",Total operating expenses,Operating income,"Other income/(expense), net",Income before provision for income taxes,Provision for income taxes,Net income,Earnings per share basic,Earnings per share diluted,Weighted-average basic,Weighted-average diluted,Cash and cash equivalents,Short-term marketable securities,"Accounts receivable, net",Inventories,Deferred tax assets,Vendor non-trade receivables,Other current assets,Total current assets,Long-term marketable securities,"Property, Plant and Equipment, Net",Goodwill,"Acquired intangible assets, net","Other Assets, Noncurrent",Total assets,accounts payable,Accrued expenses,Deferred revenue,Total current liabilities,Deferred revenue - non-current,deferred tax liabilities,long term taxes payable,Total other non-current liabilities,Total liabilities,Retained Earnings (Accumulated Deficit),Accumulated other comprehensive (loss)/income,Total shareholders equity,Total liabilities and shareholders' equity,"Depreciation, amortization and accretion",Stock-based compensation expense,Deferred income tax expense,"Increase (Decrease) in Accounts receivable, net",Increase (Decrease) in Inventories,Increase (Decrease) in Other Receivables,Increase (Decrease) in Other Operating Assets,Increase (Decrease) in Accounts Payable,Increase (Decrease) in Deferred Revenue,Increase (Decrease) Other liabilities,Cash generated by operating activities,Purchases of marketable securities,Proceeds from maturities of marketable securities,Proceeds from sales of marketable securities,Purchases of other long-term investments,"Business acquisitions, net of cash acquired",Cash payments for capital asset purchases,Payments for acquisition of intangible assets,Payments for (Proceeds from) Other Investing Activities,Cash used in investing activities,Proceeds from issuance of common stock,Excess tax benefits from stock-based compensation,Cash generated/used in financing activities,Increase/(decrease) in cash and cash equivalents,"Cash paid for income taxes, net"
2009-12-31,41058000000.0,,,,,10556000000.0,,,,-2015000000.0,-2246000000.0,-2.89,-2.89,,,10112000000.0,,,,1228000000.0,,,,,,5047000000.0,,,539314000000.0,,,,,,,,,505816000000.0,19501000000.0,-3058000000.0,33121000000.0,539314000000.0,,,,,,,-660000000.0,,,865000000.0,3803000000.0,83940000000.0,,,,0.0,,,160000000.0,-13935000000.0,0.0,,-4103000000.0,-14127000000.0,
2010-03-31,13190000000.0,,,,,2942000000.0,,,,358000000.0,835000000.0,0.98,0.97,,,9202000000.0,,,,149000000.0,,,,,,5049000000.0,,,565566000000.0,,,,,,,,,529387000000.0,20294000000.0,-1191000000.0,35811000000.0,565566000000.0,,,,,,,,,,,2871000000.0,22518000000.0,,,,,,,35000000.0,-7598000000.0,,,3845000000.0,-910000000.0,
2010-06-30,27436000000.0,,,,,6362000000.0,,,,1188000000.0,2392000000.0,2.83,2.81,822905671.0,830472873.0,10702000000.0,,,,0.0,,,,,,5037000000.0,,,573907000000.0,,,,,,,,,534183000000.0,21820000000.0,822000000.0,39375000000.0,573907000000.0,,,,,,,,,,,3928000000.0,47014000000.0,,,,,,,95000000.0,-10120000000.0,,,6861000000.0,590000000.0,
2010-09-30,39880000000.0,,,,,9358000000.0,,,,1259000000.0,2708000000.0,3.11,3.09,875782191.0,883100164.0,14557000000.0,,,,-3543000000.0,,,,,,4966000000.0,,,617255000000.0,,,,,,,,,570486000000.0,22096000000.0,4030000000.0,46415000000.0,617255000000.0,,,,,,,,,,,5193000000.0,69997000000.0,,,,,,,115000000.0,-19369000000.0,,,18629000000.0,4445000000.0,
2010-12-31,52717000000.0,,,,,12803000000.0,,,,1181000000.0,2790000000.0,3.02,3.0,882436532.0,889567878.0,13046000000.0,,,,-1881000000.0,,,,,,11781000000.0,,,730906000000.0,,,,,,,,,681793000000.0,21363000000.0,1000000000.0,48625000000.0,730906000000.0,,84000000.0,816000000.0,,,,-1948000000.0,,,-315000000.0,7996000000.0,100713000000.0,,,,3021000000.0,,,186000000.0,-18314000000.0,,,13381000000.0,2934000000.0,
2011-03-31,15912000000.0,,,,,3902000000.0,,,,428000000.0,1006000000.0,0.78,0.78,1058517978.0,1069523536.0,10692000000.0,,,,-2238000000.0,,,,,,11946000000.0,,,751341000000.0,,,,,,,,,700992000000.0,22193000000.0,1115000000.0,49816000000.0,751341000000.0,,,,,,,,,,,3501000000.0,32954000000.0,,,,,,,53000000.0,-8094000000.0,2966000000.0,,2262000000.0,-2238000000.0,
2011-06-30,33061000000.0,,,,,8397000000.0,,,,947000000.0,2243000000.0,1.92,1.9,1059751486.0,1070975905.0,9628000000.0,,,,-3764000000.0,,,,,,12036000000.0,,,771483000000.0,,,,,,,,,717650000000.0,23399000000.0,3356000000.0,53309000000.0,771483000000.0,,,,,,,,,,,6793000000.0,66861000000.0,,,,,,,78000000.0,-16898000000.0,,,6586000000.0,-3373000000.0,
2011-09-30,53517000000.0,,,,,13410000000.0,,,8506000000.0,2681000000.0,5825000000.0,5.28,5.23,1060199513.0,1068664185.0,10001000000.0,,,,-7214000000.0,,,,,,12006000000.0,,,785230000000.0,,,,,,,,,724355000000.0,26951000000.0,6813000000.0,60348000000.0,785230000000.0,,,,,,,,,,,9040000000.0,95660000000.0,,,,,,,104000000.0,-23349000000.0,,,11182000000.0,-2994000000.0,
2011-12-31,70262000000.0,,,,,17730000000.0,,,10026000000.0,3075000000.0,6981000000.0,6.34,6.29,1059580442.0,1068094360.0,10461000000.0,,,,-7535000000.0,,,,,,11935000000.0,,,799625000000.0,,,,,,,,,739349000000.0,27289000000.0,5886000000.0,59797000000.0,799625000000.0,,144000000.0,2660000000.0,,,,-2360000000.0,,,1136000000.0,10290000000.0,116939000000.0,,,,163000000.0,,,169000000.0,-22235000000.0,,,9382000000.0,-2585000000.0,
2012-03-31,15916000000.0,,,,,4321000000.0,,,-409000000.0,-275000000.0,-144000000.0,-0.16,-0.16,1064252898.0,1064252898.0,18667000000.0,,,,-6375000000.0,,,,,,11903000000.0,,,819604000000.0,,,,,,,,,760480000000.0,24640000000.0,7266000000.0,58666000000.0,819604000000.0,,,,,,,,,,,5758000000.0,27657000000.0,,,,,,,40000000.0,2167000000.0,,,240000000.0,8206000000.0,
2012-06-30,34314000000.0,,,,,9096000000.0,,,3338000000.0,1038000000.0,2295000000.0,2.13,2.12,1064688383.0,1069979618.0,16035000000.0,,,,-8603000000.0,,,,,,11823000000.0,,,825188000000.0,,,,,,,,,762364000000.0,26904000000.0,8735000000.0,62406000000.0,825188000000.0,,,,,,,,,,,12102000000.0,61507000000.0,,,,,,,79000000.0,-12777000000.0,,,6291000000.0,5574000000.0,
2012-09-30,50817000000.0,,,,,13341000000.0,,,1919000000.0,710000000.0,1197000000.0,1.04,1.03,1065041874.0,1069955235.0,16950000000.0,,,,,,,,302969000000.0,,10024000000.0,,,846285000000.0,,,,,,,,,781735000000.0,25920000000.0,11325000000.0,64049000000.0,846285000000.0,,,,,,,,,,,15288000000.0,91998000000.0,,,,,,,74000000.0,-14075000000.0,,,5252000000.0,,
2012-12-31,68150000000.0,,,,,17755000000.0,,,1442000000.0,128000000.0,1324000000.0,1.12,1.12,1070755561.0,1076839639.0,15738000000.0,,,,9893000000.0,,,,301661000000.0,,9953000000.0,,,836781000000.0,,,,,,,,,771823000000.0,25205000000.0,11397000000.0,64453000000.0,836781000000.0,,168000000.0,-695000000.0,,,,-2951000000.0,,,-1699000000.0,17160000000.0,115793000000.0,,,,16000000.0,,,158000000.0,-11929000000.0,,,35000000.0,,
2013-03-31,17683000000.0,,,,,4138000000.0,,,1247000000.0,252000000.0,986000000.0,0.87,0.87,1096925583.0,1103885405.0,9983000000.0,,,,,,,,303936000000.0,,9696000000.0,,,841685000000.0,,,,,,,,,776717000000.0,25958000000.0,10580000000.0,64450000000.0,841685000000.0,,,,,,,,,,,2733000000.0,34698000000.0,,,,,,,-40000000.0,-9719000000.0,,,1324000000.0,,217000000.0
2013-06-30,33404000000.0,,,,,8163000000.0,,,1808000000.0,305000000.0,1488000000.0,1.3,1.29,1097889347.0,1106680318.0,9184000000.0,,,,,,,,287155000000.0,,9447000000.0,,,815662000000.0,,,,,,,,,755124000000.0,25824000000.0,6202000000.0,60003000000.0,815662000000.0,,,,,,,,,,,7314000000.0,65745000000.0,,,,,,,-22000000.0,-7853000000.0,,,-5790000000.0,,444000000.0
2013-09-30,49741000000.0,,,,,12140000000.0,,,2784000000.0,308000000.0,2460000000.0,2.15,2.14,1104892638.0,1117296838.0,11376000000.0,,,,,,,,282252000000.0,,9509000000.0,,,822643000000.0,,,,,,,,,761265000000.0,26766000000.0,5100000000.0,60927000000.0,822643000000.0,,,,,,,,,,,9984000000.0,93304000000.0,,,,,,,18000000.0,-6575000000.0,1000000000.0,,-7584000000.0,-4362000000.0,539000000.0
2013-12-31,68199000000.0,,,,,16602000000.0,,,4052000000.0,661000000.0,3368000000.0,2.94,2.91,1105579693.0,1116202710.0,7585000000.0,,,,5676000000.0,,,,283011000000.0,,10542000000.0,,,885296000000.0,,,,,,,,,822313000000.0,27332000000.0,5104000000.0,61553000000.0,885296000000.0,,,152000000.0,,,,-1767000000.0,,,1008000000.0,16131000000.0,117826000000.0,,,,1840000000.0,,,86000000.0,-15165000000.0,1000000000.0,,-8907000000.0,-8153000000.0,677000000.0
2014-03-31,17085000000.0,,,,,4163000000.0,,,1826000000.0,484000000.0,1328000000.0,1.15,1.14,1126922641.0,1140466038.0,8573000000.0,,,,,,,,287221000000.0,,10433000000.0,,,890903000000.0,,,,,,,,,824464000000.0,28319000000.0,8215000000.0,65758000000.0,890903000000.0,,,,,,,,,,,2484000000.0,24954000000.0,,,,,,,66000000.0,2164000000.0,,,-3659000000.0,988000000.0,97000000.0
2014-06-30,35351000000.0,,,,,8385000000.0,,,3776000000.0,1058000000.0,2694000000.0,2.34,2.31,1127986031.0,1142262115.0,7393000000.0,,,,,,,,297553000000.0,,10430000000.0,,,911120000000.0,,,,,,,,,840838000000.0,29259000000.0,11058000000.0,69591000000.0,911120000000.0,,,,,,,,,,,6921000000.0,62844000000.0,,,,,,,110000000.0,-6700000000.0,,,-434000000.0,-192000000.0,332000000.0
2014-09-30,54197000000.0,,,,,12603000000.0,,,6728000000.0,1916000000.0,4788000000.0,4.17,4.12,1126280770.0,1141046731.0,8783000000.0,,,,,,,,297949000000.0,,10216000000.0,,,908627000000.0,,,,,,,,,837226000000.0,30928000000.0,10992000000.0,70805000000.0,908627000000.0,,,,,,,,,,,10950000000.0,94085000000.0,,,,,,,131000000.0,-11669000000.0,0.0,,1977000000.0,1198000000.0,413000000.0
2014-12-31,73316000000.0,,,,,17091000000.0,,,8804000000.0,2465000000.0,6309000000.0,5.48,5.42,1128671410.0,1142463448.0,10808000000.0,,,,8064000000.0,,,,296998000000.0,,9872000000.0,,,902337000000.0,,,,,,,,,829678000000.0,32020000000.0,10649000000.0,72053000000.0,902337000000.0,,,1733000000.0,,,,-2573000000.0,,,1885000000.0,16376000000.0,130197000000.0,,,,0.0,,,341000000.0,-15055000000.0,1000000000.0,,2256000000.0,3223000000.0,748000000.0
2015-03-31,18710000000.0,,,,,4060000000.0,,,3059000000.0,896000000.0,2158000000.0,1.89,1.87,1125703588.0,1135761118.0,8127000000.0,,,,,,,,,,9717000000.0,,,919790000000.0,,,,,,,,,845381000000.0,33754000000.0,11529000000.0,73770000000.0,919790000000.0,,,,,,,,,,,2686000000.0,33305000000.0,,,,,,,86000000.0,-6900000000.0,,,1723000000.0,-2681000000.0,147000000.0
2015-06-30,34876000000.0,,,,,8132000000.0,,,4172000000.0,890000000.0,3273000000.0,2.83,2.8,1120801928.0,1131122825.0,8074000000.0,,,,,,,,,,9644000000.0,,,898409000000.0,,,,,,,,,828420000000.0,34376000000.0,6443000000.0,69377000000.0,898409000000.0,,,,,,,,,,,6888000000.0,72892000000.0,,,,,,,150000000.0,-6760000000.0,,,-2564000000.0,-2734000000.0,344000000.0
2015-09-30,52907000000.0,,,,,12665000000.0,,,6335000000.0,1855000000.0,4476000000.0,3.9,3.86,1120130708.0,1130706319.0,10216000000.0,,,,,,,,,,9546000000.0,,,882460000000.0,,,,,,,,,811393000000.0,35153000000.0,6891000000.0,70503000000.0,882460000000.0,,,,,,,,,,,9527000000.0,105128000000.0,,,,,,,191000000.0,-6907000000.0,,,-2852000000.0,-592000000.0,904000000.0
2015-12-31,69951000000.0,,,,,16769000000.0,,,7470000000.0,2148000000.0,5310000000.0,4.61,4.57,1117775843.0,1128343385.0,12752000000.0,,,,6245000000.0,,,,,,9477000000.0,,,877933000000.0,,,,,,,,,809437000000.0,35519000000.0,4771000000.0,67949000000.0,877933000000.0,,,998000000.0,,,,-2752000000.0,,,1134000000.0,14129000000.0,148799000000.0,,,,0.0,,,59000000.0,-10398000000.0,0.0,,-1295000000.0,1944000000.0,1127000000.0
2016-03-31,18433000000.0,,,,,4192000000.0,,,2922000000.0,719000000.0,2201000000.0,1.99,1.98,1100836608.0,1108621697.0,13290000000.0,,,,,,,,,,9729000000.0,,,917428000000.0,,,,,,,,,841463000000.0,37301000000.0,10865000000.0,75775000000.0,917428000000.0,,,,,,,,,,,1964000000.0,37247000000.0,,,,,,,23000000.0,-5739000000.0,,,4240000000.0,538000000.0,125000000.0
2016-06-30,33677000000.0,,,,,7438000000.0,,,2822000000.0,505000000.0,2311000000.0,2.05,2.04,1100582221.0,1109128438.0,17067000000.0,,,,,,,,,,9852000000.0,,,942567000000.0,,,,,,,,,863194000000.0,36924000000.0,14632000000.0,79179000000.0,942567000000.0,,,,,,,,,,,6255000000.0,74049000000.0,,,,,,,245000000.0,-9908000000.0,,,7616000000.0,4315000000.0,393000000.0
2016-09-30,51400000000.0,,,,,11366000000.0,,,3370000000.0,480000000.0,2888000000.0,2.57,2.55,1100558083.0,1109254316.0,15883000000.0,,,,,,,,,,9592000000.0,,,952904000000.0,,,,,,,,,874438000000.0,37054000000.0,13595000000.0,78286000000.0,952904000000.0,,,,,,,,,,,9183000000.0,108418000000.0,,,,,,,384000000.0,-14586000000.0,,,8228000000.0,3131000000.0,464000000.0
2016-12-31,63476000000.0,,,,,15069000000.0,,,-195000000.0,-999000000.0,800000000.0,0.63,0.63,1100500000.0,1108500000.0,17877000000.0,,,,6400000000.0,,,,,,9220000000.0,,,898764000000.0,,,,,,,,,831284000000.0,34480000000.0,5347000000.0,67309000000.0,898764000000.0,,,-1676000000.0,,,,-3248000000.0,,,2766000000.0,14827000000.0,146397000000.0,,,,,,,457000000.0,-5850000000.0,0.0,,-3550000000.0,5125000000.0,672000000.0
2017-03-31,16269000000.0,,,,,3564000000.0,,,817000000.0,-12000000.0,826000000.0,0.75,0.75,1090400000.0,1098700000.0,17411000000.0,,,,,,,,,,9350000000.0,,,914687000000.0,,,,,,,,,846579000000.0,34863000000.0,6396000000.0,67929000000.0,914687000000.0,,,,,,,,,,,2098000000.0,22484000000.0,,,,,,,98000000.0,-4276000000.0,,,1499000000.0,-466000000.0,109000000.0
2017-06-30,33514000000.0,,,,,7623000000.0,,,1819000000.0,115000000.0,1710000000.0,1.53,1.52,1082100000.0,1090400000.0,17319000000.0,,,,,,,,,,9385000000.0,,,925199000000.0,,,,,,,,,855530000000.0,35270000000.0,8436000000.0,69455000000.0,925199000000.0,,,,,,,,,,,5499000000.0,49995000000.0,,,,,,,194000000.0,-7149000000.0,,,806000000.0,-558000000.0,505000000.0
2017-09-30,46315000000.0,,,,,9904000000.0,,,2482000000.0,-392000000.0,1629000000.0,1.46,1.45,1075500000.0,1084000000.0,13023000000.0,,,,,,,,,,9556000000.0,,,720515000000.0,,,,,,,,,663571000000.0,24410000000.0,7005000000.0,56714000000.0,720515000000.0,,,,,,,,,,,10233000000.0,76010000000.0,,,,211000000.0,,,256000000.0,-17158000000.0,,,1689000000.0,-4854000000.0,633000000.0
2017-12-31,62308000000.0,,,,,13621000000.0,,,3536000000.0,-1470000000.0,4010000000.0,3.65,3.62,1069700000.0,1078500000.0,12701000000.0,,,,5924000000.0,,,,,,9590000000.0,,,719892000000.0,,,,,,,,,661022000000.0,26527000000.0,7427000000.0,58676000000.0,719892000000.0,,,-2120000000.0,,,,-691000000.0,,,1603000000.0,12283000000.0,105683000000.0,,,,211000000.0,,,346000000.0,-16876000000.0,,,-906000000.0,-5176000000.0,1530000000.0
2018-03-31,14805000000.0,,,,,3365000000.0,,,1656000000.0,399000000.0,1253000000.0,1.2,1.19,1035900000.0,1044400000.0,13927000000.0,,,,,,,,,,9733000000.0,,,712584000000.0,,,,,,,,,656076000000.0,26453000000.0,5634000000.0,56310000000.0,712584000000.0,,,,,,,,,,,1296000000.0,24220000000.0,,,,,,,-86000000.0,-485000000.0,,,218000000.0,1226000000.0,146000000.0
2018-06-30,35990000000.0,,,,,6850000000.0,,,2757000000.0,606000000.0,2144000000.0,2.04,2.02,1025700000.0,1034000000.0,16312000000.0,,,,,,,,,,9499000000.0,,,706333000000.0,,,,,,,,,652501000000.0,26870000000.0,2854000000.0,53633000000.0,706333000000.0,,,,,,,,,,,6904000000.0,58061000000.0,,,,,,,-12000000.0,-4764000000.0,,,1612000000.0,3611000000.0,577000000.0
2018-09-30,52279000000.0,,,,,10319000000.0,,,3836000000.0,770000000.0,3056000000.0,2.93,2.91,1014600000.0,1022800000.0,12490000000.0,,,,,,,,,,9440000000.0,,,698451000000.0,,,,,,,,,646642000000.0,27331000000.0,1000000000.0,51625000000.0,698451000000.0,,,,,,,,,,,10437000000.0,84014000000.0,,,,0.0,,,-24000000.0,-10992000000.0,,,531000000.0,-211000000.0,695000000.0
2018-12-31,1256000000.0,,,,,13714000000.0,,,6307000000.0,1179000000.0,5123000000.0,4.95,4.91,1005900000.0,1013900000.0,15821000000.0,,,,4992000000.0,,,,,,9422000000.0,,,687538000000.0,,,,,,,,,634580000000.0,28926000000.0,1722000000.0,52741000000.0,687538000000.0,,,443000000.0,,,,-260000000.0,,,-483000000.0,11738000000.0,105401000000.0,,,,0.0,,,32000000.0,-5634000000.0,,,-2801000000.0,3120000000.0,1935000000.0
2019-03-31,337000000.0,,,,,3225000000.0,,,1744000000.0,359000000.0,1381000000.0,1.41,1.4,956500000.0,963300000.0,14506000000.0,,,,,,,,,,9418000000.0,,,713188000000.0,,,,,,,,,654450000000.0,29944000000.0,6911000000.0,58509000000.0,713188000000.0,,,,,,,,,,,2072000000.0,23386000000.0,,,,,,,55000000.0,-5699000000.0,,,2316000000.0,-1315000000.0,114000000.0
2019-06-30,661000000.0,,,,,6615000000.0,,,4041000000.0,910000000.0,3122000000.0,3.19,3.17,951300000.0,958100000.0,18435000000.0,,,,,,,,,,9408000000.0,,,732167000000.0,,,,,,,,,668121000000.0,31209000000.0,11631000000.0,63811000000.0,732167000000.0,,,,,,,,,,,4459000000.0,44504000000.0,,,,,,,92000000.0,-5142000000.0,,,3250000000.0,2614000000.0,756000000.0
2019-09-30,974000000.0,,,,,10058000000.0,,,6832000000.0,1511000000.0,5306000000.0,5.49,5.45,944000000.0,950800000.0,19452000000.0,,,,,,,,,,9278000000.0,,,742812000000.0,,,,,,,,,674193000000.0,32948000000.0,15197000000.0,68368000000.0,742812000000.0,,,,,,,,,,,8605000000.0,62803000000.0,,,,,,,129000000.0,-10493000000.0,,,5577000000.0,3631000000.0,842000000.0
2019-12-31,1289000000.0,,,,,13689000000.0,,,6795000000.0,886000000.0,5899000000.0,6.1,6.06,937600000.0,944400000.0,16598000000.0,,,,5857000000.0,,,,,,9308000000.0,,,740463000000.0,,,,,,,,,674081000000.0,33078000000.0,13052000000.0,66144000000.0,740463000000.0,,,221000000.0,,,,-426000000.0,,,71000000.0,13786000000.0,87455000000.0,,,,32000000.0,,,131000000.0,-17586000000.0,,,4568000000.0,777000000.0,1099000000.0
2020-03-31,345000000.0,,,,,3273000000.0,,,5643000000.0,1242000000.0,4398000000.0,4.78,4.75,914100000.0,920000000.0,24094000000.0,,,,,,,,,,9159000000.0,,,737741000000.0,,,,,,,,,667278000000.0,36919000000.0,12757000000.0,70221000000.0,737741000000.0,,,,,,,,,,,1847000000.0,26924000000.0,,,,,,,75000000.0,-8337000000.0,,,14157000000.0,7496000000.0,-35000000.0
2020-06-30,669000000.0,,,,,6256000000.0,,,5840000000.0,1289000000.0,4543000000.0,4.86,4.84,911500000.0,916500000.0,24289000000.0,,,,,,,,,,9245000000.0,,,767583000000.0,,,,,,,,,691643000000.0,36568000000.0,18563000000.0,75693000000.0,767583000000.0,,,,,,,,,,,2693000000.0,47511000000.0,,,,,,,-165000000.0,-9728000000.0,,,14837000000.0,7691000000.0,130000000.0
2020-09-30,1000000000.0,,,,,9726000000.0,,,6763000000.0,1503000000.0,5249000000.0,5.57,5.53,910500000.0,915600000.0,24405000000.0,,,,,,,,,,9360000000.0,,,780492000000.0,,,,,,,,,706923000000.0,36782000000.0,16036000000.0,73316000000.0,780492000000.0,,,,,,,,,,,6486000000.0,71503000000.0,,,,,,,-136000000.0,-16407000000.0,,,17722000000.0,7807000000.0,339000000.0
2020-12-31,1354000000.0,,,,,13150000000.0,,,6927000000.0,1509000000.0,5407000000.0,5.72,5.68,907800000.0,913200000.0,19795000000.0,,,,5612000000.0,,,,,,10112000000.0,,,795146000000.0,,,,,,,,,720329000000.0,36491000000.0,18072000000.0,74558000000.0,795146000000.0,,,329000000.0,,,,361000000.0,,,-1065000000.0,11639000000.0,89633000000.0,,,,1684000000.0,,,-139000000.0,-18569000000.0,,,10729000000.0,3962000000.0,787000000.0
2021-03-31,515000000.0,,,,,3150000000.0,,,291000000.0,-72000000.0,358000000.0,0.33,0.33,885400000.0,892100000.0,19635000000.0,,,,,,,,,,9944000000.0,,,769814000000.0,,,,,,,,,703677000000.0,36373000000.0,10397000000.0,65864000000.0,769814000000.0,,,,,,,,,,,1496000000.0,22143000000.0,,,,,,,-17000000.0,-1054000000.0,,,-564000000.0,-314000000.0,281000000.0
2021-06-30,1029000000.0,,,,,6031000000.0,,,4778000000.0,1075000000.0,3765000000.0,4.16,4.13,879300000.0,885800000.0,25037000000.0,,,,,,,,,,9768000000.0,,,773253000000.0,,,,,,,,,703830000000.0,39318000000.0,12309000000.0,69138000000.0,773253000000.0,,,,,,,,,,,3750000000.0,46011000000.0,,,,,,,6000000.0,-45000000.0,,,1068000000.0,4581000000.0,748000000.0
2021-09-30,1545000000.0,,,,,9315000000.0,,,6820000000.0,1456000000.0,5349000000.0,5.94,5.9,871100000.0,877500000.0,18956000000.0,,,,,,,,,,9638000000.0,,,761664000000.0,,,,,,,,,692331000000.0,40426000000.0,12111000000.0,69050000000.0,761664000000.0,,,,,,,,,,,7256000000.0,69525000000.0,,37306000000.0,,,,,42000000.0,-8325000000.0,,,-40000000.0,-1501000000.0,861000000.0
2021-12-31,2074000000.0,,,,,12586000000.0,,,8126000000.0,1551000000.0,6554000000.0,7.36,7.31,862700000.0,869400000.0,20047000000.0,,,,5235000000.0,,,,,,9535000000.0,,,759708000000.0,,,,,,,,,691959000000.0,41197000000.0,10919000000.0,67482000000.0,759708000000.0,,,656000000.0,,,,681000000.0,,,71000000.0,12596000000.0,97368000000.0,,54612000000.0,,0.0,,,46000000.0,-11187000000.0,,,-1375000000.0,-444000000.0,1102000000.0
2022-03-31,550000000.0,,,,,3020000000.0,,,715000000.0,41000000.0,669000000.0,0.74,0.73,823800000.0,830500000.0,23488000000.0,,,,,,,,,,9510000000.0,,,724284000000.0,,,,,,,,,670047000000.0,41406000000.0,-1912000000.0,53965000000.0,724284000000.0,,,,,,,,,,,1954000000.0,22616000000.0,,14024000000.0,,,,,-81000000.0,-426000000.0,,,1951000000.0,3395000000.0,95000000.0
2022-06-30,1075000000.0,,,,,6103000000.0,,,713000000.0,-140000000.0,801000000.0,0.87,0.86,816700000.0,822500000.0,20548000000.0,,,,,,,,,,9151000000.0,,,662893000000.0,,,,,,,,,625526000000.0,41101000000.0,-17372000000.0,37101000000.0,662893000000.0,,,,,,,,,,,6392000000.0,44368000000.0,,34734000000.0,,,,,34000000.0,1689000000.0,,,-7182000000.0,432000000.0,577000000.0
2022-09-30,1586000000.0,,,,,8826000000.0,,,1132000000.0,-80000000.0,1196000000.0,1.28,1.28,809700000.0,815200000.0,22200000000.0,,,,,,,,,,9005000000.0,,,650104000000.0,,,,,,,,,624774000000.0,41032000000.0,-28695000000.0,25076000000.0,650104000000.0,,,,,,,,,,,10670000000.0,62085000000.0,,50218000000.0,,,,,29000000.0,-2423000000.0,,,-5407000000.0,2084000000.0,612000000.0
2022-12-31,2110000000.0,,,,,12034000000.0,,,2859000000.0,301000000.0,2539000000.0,2.93,2.91,803200000.0,808900000.0,20195000000.0,,,,2505000000.0,,,,,,9297000000.0,,,666611000000.0,,,,,,,,,639324000000.0,41953000000.0,-27083000000.0,27040000000.0,666611000000.0,,,-977000000.0,,,,-27000000.0,,,341000000.0,13204000000.0,82956000000.0,,67754000000.0,,35000000.0,,,28000000.0,-2620000000.0,,,-10108000000.0,79000000.0,1056000000.0
2023-03-31,562000000.0,,,,,3057000000.0,,,257000000.0,172000000.0,80000000.0,0.02,0.02,775400000.0,781200000.0,18456000000.0,,,,,,,,,,9379000000.0,,,674266000000.0,,,,,,,,,641843000000.0,39957000000.0,-19147000000.0,32194000000.0,674266000000.0,,,,,,,,,,,2026000000.0,18220000000.0,,15044000000.0,,,,,97000000.0,-1504000000.0,,,-2295000000.0,-1739000000.0,171000000.0
2023-06-30,1108000000.0,,,,,6190000000.0,,,687000000.0,194000000.0,482000000.0,0.5,0.5,770600000.0,775400000.0,15417000000.0,,,,,,,,,,9261000000.0,,,677279000000.0,,,,,,,,,646787000000.0,39928000000.0,-20386000000.0,30261000000.0,677279000000.0,,,,,,,,,,,5064000000.0,35072000000.0,,23456000000.0,,,,,107000000.0,-7850000000.0,,,-1916000000.0,-4778000000.0,1116000000.0
2023-09-30,1662000000.0,,,,,9394000000.0,,,1221000000.0,233000000.0,971000000.0,1.05,1.05,764100000.0,768700000.0,14912000000.0,,,,,,,,,,9109000000.0,,,652120000000.0,,,,,,,,,626225000000.0,39958000000.0,-24254000000.0,25658000000.0,652120000000.0,,,,,,,,,,,8539000000.0,50578000000.0,,32719000000.0,,,,,125000000.0,-10822000000.0,,,-2764000000.0,-5283000000.0,1352000000.0
2023-12-31,2229000000.0,,,,,12710000000.0,,,2162000000.0,560000000.0,1578000000.0,1.82,1.81,757700000.0,762300000.0,20639000000.0,,,,1685000000.0,,,,,,9236000000.0,,,687584000000.0,,,,,,,,,657331000000.0,40146000000.0,-19242000000.0,30015000000.0,687584000000.0,,,-1107000000.0,,,,124000000.0,,,2115000000.0,13721000000.0,63460000000.0,,40625000000.0,,,,,143000000.0,-10246000000.0,,,-2940000000.0,444000000.0,1833000000.0
2024-03-31,577000000.0,,,,,3217000000.0,,,1045000000.0,170000000.0,867000000.0,1.11,1.1,723200000.0,728400000.0,19840000000.0,,,,,,,,,,9037000000.0,,,677576000000.0,,,,,,,,,648780000000.0,40350000000.0,-19771000000.0,28535000000.0,677576000000.0,,,,,,,,,,,2328000000.0,14692000000.0,,6352000000.0,,,,,14000000.0,-2627000000.0,,,-261000000.0,-799000000.0,130000000.0
2024-06-30,1135000000.0,,,,,6397000000.0,,,2247000000.0,419000000.0,1813000000.0,2.39,2.37,716800000.0,721500000.0,20786000000.0,,,,,,,,,,8950000000.0,,,675745000000.0,,,,,,,,,648205000000.0,40873000000.0,-20736000000.0,27252000000.0,675745000000.0,,,,,,,,,,,5818000000.0,31986000000.0,,14458000000.0,,,,,127000000.0,-3967000000.0,,,-1466000000.0,147000000.0,994000000.0
2024-09-30,1689000000.0,,,,,9660000000.0,,,4241000000.0,1072000000.0,3155000000.0,4.2,4.17,710900000.0,715500000.0,21765000000.0,,,,,,,,,,9155000000.0,,,704976000000.0,,,,,,,,,673812000000.0,41765000000.0,-17240000000.0,30885000000.0,704976000000.0,,,,,,,,,,,9987000000.0,48197000000.0,,21273000000.0,,,,,184000000.0,-6129000000.0,,,-2612000000.0,1126000000.0,1273000000.0
