Date,Net sales,Cost of sales,Gross margin,Research and development,"Selling, general and administrative",Total operating expenses,Operating income,"Other income/(expense), net",Income before provision for income taxes,Provision for income taxes,Net income,Earnings per share basic,Earnings per share diluted,Weighted-average basic,Weighted-average diluted,Cash and cash equivalents,Short-term marketable securities,"Accounts receivable, net",Inventories,Deferred tax assets,Vendor non-trade receivables,Other current assets,Total current assets,Long-term marketable securities,"Property, Plant and Equipment, Net",Goodwill,"Acquired intangible assets, net","Other Assets, Noncurrent",Total assets,accounts payable,Accrued expenses,Deferred revenue,Total current liabilities,Deferred revenue - non-current,deferred tax liabilities,long term taxes payable,Total other non-current liabilities,Total liabilities,Retained Earnings (Accumulated Deficit),Accumulated other comprehensive (loss)/income,Total shareholders equity,Total liabilities and shareholders' equity,"Depreciation, amortization and accretion",Stock-based compensation expense,Deferred income tax expense,"Increase (Decrease) in Accounts receivable, net",Increase (Decrease) in Inventories,Increase (Decrease) in Other Receivables,Increase (Decrease) in Other Operating Assets,Increase (Decrease) in Accounts Payable,Increase (Decrease) in Deferred Revenue,Increase (Decrease) Other liabilities,Cash generated by operating activities,Purchases of marketable securities,Proceeds from maturities of marketable securities,Proceeds from sales of marketable securities,Purchases of other long-term investments,"Business acquisitions, net of cash acquired",Cash payments for capital asset purchases,Payments for acquisition of intangible assets,Payments for (Proceeds from) Other Investing Activities,Cash used in investing activities,Proceeds from issuance of common stock,Excess tax benefits from stock-based compensation,Cash generated/used in financing activities,Increase/(decrease) in cash and cash equivalents,"Cash paid for income taxes, net"
2010-06-30,2995087000.0,,,,558458000.0,3948215000.0,-1060240000.0,-459824000.0,,-539847000.0,-980217000.0,-2.22,-2.22,,,1013208000.0,,,96805000.0,34901000.0,,,1791956000.0,,14814594000.0,86353000.0,343192000.0,832954000.0,19987547000.0,117463000.0,856077000.0,,1194987000.0,,2653470000.0,,243293000.0,,-609685000.0,-2770000.0,2849158000.0,19987547000.0,,17557000.0,-349177000.0,15316000.0,-5004000.0,,,,,,349844000.0,,,,,,79095000.0,,-14810000.0,-366186000.0,0.0,,-1026657000.0,-1042999000.0,-361533000.0
2010-09-30,4552792000.0,,,,850914000.0,5704697000.0,-1266141000.0,-764850000.0,,-732783000.0,-1298208000.0,-2.94,-2.94,,,552757000.0,,,93479000.0,22681000.0,,,1288801000.0,,14697192000.0,86353000.0,342995000.0,605271000.0,19136372000.0,153049000.0,942802000.0,,1318957000.0,,2400984000.0,,252209000.0,,-927676000.0,-1619000.0,2540371000.0,19136372000.0,,26156000.0,-587172000.0,12578000.0,-8330000.0,,,,,,380398000.0,,,,,,128539000.0,,1233000.0,-420922000.0,,,-1462926000.0,-1503450000.0,-331218000.0
2010-12-31,6019233000.0,,,,1128803000.0,7099730000.0,-1158931000.0,-1057094000.0,,-778628000.0,-1437397000.0,-3.19,-3.19,,,498964000.0,,,96392000.0,110092000.0,,,1455645000.0,,14554350000.0,86353000.0,342804000.0,598738000.0,18961045000.0,167084000.0,867223000.0,,1246221000.0,,2469333000.0,,199248000.0,,-1066865000.0,-301000.0,2998545000.0,18961045000.0,,34988000.0,-634082000.0,17376000.0,-5418000.0,,,,,,504014000.0,,,,,,207491000.0,,1670000.0,-586079000.0,588456000.0,,-1475178000.0,-1557243000.0,-330218000.0
2011-03-31,1504954000.0,,,,269562000.0,1398592000.0,169705000.0,-314159000.0,,-54583000.0,-89871000.0,-0.18,-0.18,,,431275000.0,,,95097000.0,84567000.0,,,1366411000.0,,14426622000.0,86353000.0,342626000.0,596551000.0,18760349000.0,138533000.0,795732000.0,,1172440000.0,,2371875000.0,,215764000.0,,-1156736000.0,2261000.0,2919162000.0,18760349000.0,,9210000.0,-65418000.0,4486000.0,-1294000.0,,,,,,23978000.0,,,,,,34459000.0,,374000.0,-110537000.0,,,18870000.0,-67689000.0,1913000.0
2011-09-30,5552423000.0,,,,875193000.0,2121552000.0,3966039000.0,-924231000.0,,-212437000.0,3228328000.0,6.61,5.83,488636000.0,558544000.0,1815125000.0,,,104279000.0,79458000.0,,,2721807000.0,,14868394000.0,2905378000.0,5120662000.0,577063000.0,27853023000.0,158477000.0,,,2015347000.0,,2603418000.0,,193578000.0,17911417000.0,2161463000.0,-3276000.0,6248856000.0,27853023000.0,,28661000.0,-222631000.0,107133000.0,-394000.0,,,,,,481040000.0,,,,,-407046000.0,176324000.0,,253000.0,125877000.0,,,709577000.0,1316161000.0,-171032000.0
2011-12-31,7849312000.0,,,,1182505000.0,3883260000.0,4057146000.0,-1225515000.0,,-403313000.0,-30308000.0,6.37,5.62,488652000.0,560895000.0,1865913000.0,,,112735000.0,91060000.0,,,2812720000.0,,14866644000.0,2896609000.0,5048117000.0,506614000.0,27766276000.0,170994000.0,,,1744764000.0,,2502096000.0,,167027000.0,17884054000.0,1981389000.0,5978000.0,6086578000.0,27766276000.0,,39707000.0,-394437000.0,155043000.0,8039000.0,,,,,,675126000.0,,,,,-407046000.0,301244000.0,,643000.0,-21312000.0,,,711922000.0,,-172018000.0
2012-03-31,2287590000.0,,,,303289000.0,2081675000.0,192606000.0,-368784000.0,,27129000.0,,-0.44,-0.44,488861000.0,488861000.0,1634892000.0,,,110674000.0,99935000.0,,,2593677000.0,,14786820000.0,2897049000.0,4965587000.0,557980000.0,27391028000.0,163626000.0,,,1892387000.0,,2471425000.0,,176028000.0,17899793000.0,1764136000.0,6837000.0,5878407000.0,27391028000.0,,10604000.0,-41862000.0,5243000.0,-2061000.0,,,,,,291694000.0,,,,,,113757000.0,,391000.0,-109941000.0,,,-412922000.0,,1830000.0
2012-06-30,4611355000.0,,,,612767000.0,4236051000.0,367981000.0,-665897000.0,,-51304000.0,-362705000.0,-0.74,-0.74,488931000.0,488931000.0,1731921000.0,,,113316000.0,122134000.0,,,2677417000.0,,14783177000.0,2900237000.0,4889311000.0,514002000.0,27263008000.0,171878000.0,,,1929384000.0,,2513840000.0,,182258000.0,17850801000.0,1618684000.0,11046000.0,5725785000.0,27263008000.0,,20796000.0,-43683000.0,18395000.0,568000.0,,,,,,512256000.0,,,,,,216230000.0,,811000.0,-224953000.0,,,-422114000.0,,6246000.0
2012-09-30,6866333000.0,,,,931873000.0,6315685000.0,505382000.0,-960557000.0,,-26760000.0,-543864000.0,-1.11,-1.11,488945000.0,488945000.0,2443159000.0,,,107772000.0,140831000.0,,,3347817000.0,,14765349000.0,2901273000.0,4813183000.0,515077000.0,27831361000.0,201150000.0,,,2025854000.0,,2527828000.0,,186725000.0,18565858000.0,1437525000.0,12533000.0,5553270000.0,27831361000.0,,30132000.0,-50918000.0,-32527000.0,-4981000.0,,,,,,887262000.0,,,,,,316757000.0,,985000.0,-323407000.0,,,12298000.0,,6539000.0
2012-12-31,9160844000.0,,,,,9033936000.0,80526000.0,-1814739000.0,-1734213000.0,-117301000.0,-1767691000.0,-3.62,-3.62,488988000.0,488988000.0,1543509000.0,,,107577000.0,179431000.0,,,2507092000.0,,14194652000.0,2902847000.0,4737833000.0,497767000.0,26284738000.0,199620000.0,,,1925671000.0,,2473889000.0,,179879000.0,18168722000.0,213698000.0,14303000.0,4365548000.0,26284738000.0,,39560000.0,-117203000.0,-1260000.0,-5183000.0,,,,,,909351000.0,,,,,,422763000.0,,1472000.0,-446417000.0,,,-786959000.0,,6982000.0
2013-03-31,2352148000.0,,,,,2066675000.0,301817000.0,-248808000.0,53009000.0,30431000.0,6546000.0,0.01,0.01,489291000.0,492305000.0,1480637000.0,,,105047000.0,119196000.0,,,2439245000.0,,14117778000.0,2898087000.0,4666659000.0,500969000.0,26057874000.0,178435000.0,,,1870988000.0,,2476384000.0,,140750000.0,18178821000.0,220244000.0,7982000.0,4372857000.0,26057874000.0,,8623000.0,63125000.0,45930000.0,-2509000.0,,,,,,194656000.0,,,,,,97415000.0,,113000.0,-103616000.0,,,-152522000.0,,3736000.0
2013-06-30,4833413000.0,,,,,4323020000.0,533419000.0,-507123000.0,-26713000.0,34296000.0,-92958000.0,-0.19,-0.19,489484000.0,,1278673000.0,,,101110000.0,141516000.0,,,2210240000.0,,14042309000.0,2900543000.0,4609088000.0,551818000.0,25722137000.0,229599000.0,,,2098146000.0,,2505000000.0,,149864000.0,17864971000.0,127286000.0,11308000.0,4289061000.0,25722137000.0,,16555000.0,69143000.0,13703000.0,-6456000.0,,,,,,730062000.0,,,,,,242878000.0,,-1806000.0,-240213000.0,,,-753998000.0,,1382000.0
2013-09-30,7296450000.0,,,,,6542222000.0,781182000.0,-739411000.0,41771000.0,26146000.0,-118271000.0,-0.24,-0.24,,,1375403000.0,,,98330000.0,126396000.0,,,2284015000.0,,13969293000.0,2900758000.0,4548415000.0,539892000.0,25658835000.0,202792000.0,,,2161470000.0,,2478063000.0,,157613000.0,17831664000.0,95427000.0,11619000.0,4262357000.0,25658835000.0,,23934000.0,57302000.0,-15330000.0,-9238000.0,,,,,,1095757000.0,,,,,,379573000.0,,-1580000.0,-371352000.0,,,-891882000.0,,806000.0
2013-12-31,9809663000.0,,,,,8741211000.0,1111512000.0,-1023747000.0,87765000.0,31263000.0,-156606000.0,-0.32,-0.32,489661000.0,489661000.0,1803669000.0,,,107907000.0,80989000.0,,,2719439000.0,,14055212000.0,2897442000.0,4511861000.0,551395000.0,26110185000.0,241192000.0,,,2215328000.0,,2430414000.0,,141590000.0,18234562000.0,57092000.0,12503000.0,4231179000.0,26110185000.0,,32332000.0,58917000.0,59842000.0,336000.0,,,,,,1310448000.0,,,,,,562124000.0,,20246000.0,-560137000.0,,,-489708000.0,,835000.0
2014-03-31,2630398000.0,,,,,2236541000.0,412633000.0,-224544000.0,188089000.0,-3519000.0,108160000.0,0.22,0.21,490542000.0,513144000.0,1114736000.0,,,101553000.0,,,,1970630000.0,,14034075000.0,2896542000.0,4451496000.0,581302000.0,25350709000.0,220523000.0,,,2159564000.0,,2305322000.0,,132249000.0,17527863000.0,165252000.0,12236000.0,4343289000.0,25350709000.0,,,-7637000.0,14186000.0,-6349000.0,,,,,,290795000.0,,,,,,192751000.0,,-1226000.0,-214069000.0,,,-764688000.0,,3864000.0
2014-06-30,5211431000.0,,,,,4483455000.0,752620000.0,-443367000.0,309253000.0,-56059000.0,213704000.0,0.44,0.42,490786000.0,513371000.0,1365137000.0,,,102524000.0,,,,2166315000.0,,14113722000.0,2898861000.0,4396436000.0,576045000.0,25572303000.0,253475000.0,,,2560316000.0,,2356998000.0,,106941000.0,17630775000.0,270796000.0,15235000.0,4457303000.0,25572303000.0,,,-3052000.0,9964000.0,-5391000.0,,,,,,803624000.0,,,,,,370248000.0,,-2535000.0,-402160000.0,,,-839520000.0,,8508000.0
2014-09-30,7696438000.0,,,,,6704976000.0,1057425000.0,-687176000.0,370249000.0,-44401000.0,192390000.0,0.39,0.39,490914000.0,497228000.0,1313427000.0,,,99274000.0,,,,1991057000.0,,14253703000.0,2893467000.0,4331768000.0,423138000.0,25448486000.0,266696000.0,,,3369314000.0,,2339171000.0,,117710000.0,17549850000.0,234354000.0,8388000.0,4420856000.0,25448486000.0,,,6379000.0,-21678000.0,-8508000.0,,,,,,1022814000.0,,,,,,617459000.0,,-8149000.0,-591053000.0,,,-919079000.0,,40262000.0
2014-12-31,10081984000.0,,,,,8822282000.0,1323538000.0,-912652000.0,410886000.0,283708000.0,-149873000.0,-0.31,-0.31,,,1713715000.0,,473345000.0,104011000.0,587902000.0,,,3027160000.0,,14441542000.0,2897110000.0,4364856000.0,412809000.0,26702511000.0,164252000.0,14000000.0,,3407925000.0,,2621860000.0,,130570000.0,19074237000.0,-107909000.0,12991000.0,4090917000.0,26702511000.0,,,331833000.0,32435000.0,-3167000.0,,,,,,1130670000.0,,,,,,872041000.0,85000000.0,-10981000.0,-1524150000.0,,,308077000.0,,42272000.0
2015-03-31,2332244000.0,,,,,2054521000.0,395104000.0,-238763000.0,156341000.0,-56305000.0,169850000.0,0.35,0.33,491422000.0,575312000.0,2195535000.0,,,103286000.0,,,,2956607000.0,,14561951000.0,2898127000.0,4309206000.0,411112000.0,26798447000.0,187325000.0,8000000.0,,1895761000.0,,2547150000.0,,150691000.0,19145412000.0,61941000.0,13580000.0,4273118000.0,26798447000.0,,,-68648000.0,6350000.0,-731000.0,,,,,,175648000.0,,,,,,292329000.0,,2070000.0,116797000.0,,,189223000.0,,4747000.0
2015-06-30,4717379000.0,,,,,4134035000.0,743625000.0,-464589000.0,279036000.0,-60077000.0,267309000.0,0.51,0.5,551358000.0,572699000.0,2342340000.0,,,106914000.0,,,,3267022000.0,,14791558000.0,2898383000.0,4256409000.0,445163000.0,27149587000.0,174246000.0,12000000.0,,2790795000.0,,2525636000.0,,156117000.0,17967757000.0,159400000.0,13891000.0,5828210000.0,27149587000.0,,,-80688000.0,30117000.0,2897000.0,,,,,,447269000.0,,,,,,594041000.0,,-1854000.0,-176879000.0,,,353859000.0,,21963000.0
2015-09-30,6998195000.0,,,,,6174824000.0,1041002000.0,-683724000.0,357278000.0,-76570000.0,333734000.0,0.62,0.61,563287000.0,569320000.0,1807795000.0,,,100533000.0,,,,2582274000.0,,15014642000.0,2898996000.0,4212660000.0,435163000.0,26680266000.0,168651000.0,11000000.0,,1952855000.0,,2496294000.0,,165358000.0,17435544000.0,225825000.0,14447000.0,5901244000.0,26680266000.0,,,-106223000.0,45251000.0,-1055000.0,,,,,,737780000.0,,,,,,1000578000.0,,-59000.0,-402053000.0,,,-238011000.0,98561000.0,31440000.0
2015-12-31,9190068000.0,,,,,9604183000.0,-156232000.0,-890011000.0,-1046243000.0,-6594000.0,-447720000.0,-0.82,-0.82,,,1670312000.0,,480559000.0,104200000.0,494670000.0,,,2408749000.0,,15371795000.0,1430767000.0,4164781000.0,347589000.0,25215178000.0,182031000.0,17000000.0,,2237951000.0,,2680576000.0,,157663000.0,17444501000.0,-555629000.0,14022000.0,5119927000.0,25215178000.0,,,-3615000.0,62720000.0,2649000.0,,,,,,1005079000.0,,,,,,1466819000.0,,4028000.0,-795058000.0,,,-257879000.0,-47065000.0,11801000.0
2016-03-31,2209686000.0,,,,,1908434000.0,315954000.0,-203446000.0,112508000.0,21310000.0,66799000.0,0.12,0.12,565056000.0,569455000.0,1664905000.0,,452751000.0,97584000.0,,,,2401644000.0,,15692731000.0,1429547000.0,4116904000.0,377963000.0,25497290000.0,183777000.0,19000000.0,,2088311000.0,,2687946000.0,,163392000.0,17626030000.0,-488830000.0,11622000.0,5199899000.0,25497290000.0,,,7653000.0,-22747000.0,-6602000.0,,,,,,224596000.0,,,,,,427499000.0,,2826000.0,-430024000.0,,1035000.0,200962000.0,-5407000.0,4601000.0
2016-06-30,4479188000.0,,,,,3857190000.0,1085009000.0,-449523000.0,635486000.0,29790000.0,541152000.0,0.96,0.95,565459000.0,570762000.0,2503255000.0,,443903000.0,97800000.0,,,,3193787000.0,,16102856000.0,1429279000.0,4072317000.0,386653000.0,26549055000.0,161420000.0,8000000.0,,1917779000.0,,2591317000.0,,141906000.0,17015922000.0,-14477000.0,10809000.0,5532580000.0,26549055000.0,,,-37544000.0,-37387000.0,-6384000.0,,,,,,613646000.0,,,,,,970571000.0,,5196000.0,-432226000.0,,3812000.0,652644000.0,832943000.0,55408000.0
2016-09-30,6994303000.0,,,,,5692127000.0,1797764000.0,-646013000.0,1151751000.0,-44995000.0,1076771000.0,1.9,1.88,568125000.0,573812000.0,1446158000.0,,492426000.0,97400000.0,,,,2214348000.0,,17948045000.0,1815209000.0,4137475000.0,393666000.0,27705286000.0,232490000.0,37000000.0,,2130635000.0,,2543815000.0,,320707000.0,17781577000.0,521142000.0,12801000.0,6190831000.0,27705286000.0,,38877000.0,-89658000.0,-24740000.0,-11135000.0,,,,,,1049005000.0,,,,,550975000.0,1590308000.0,,8257000.0,-1589769000.0,,4770000.0,317712000.0,-224154000.0,63322000.0
2016-12-31,9455123000.0,,,,1378617000.0,7902952000.0,2079787000.0,-820610000.0,1259177000.0,22299000.0,1101440000.0,1.94,1.92,568134000.0,573317000.0,1446581000.0,,542924000.0,97733000.0,733491000.0,,,2229587000.0,,18425023000.0,1817119000.0,4087706000.0,393423000.0,28173301000.0,250477000.0,36000000.0,,2293421000.0,,2551228000.0,,325981000.0,18149850000.0,545811000.0,15053000.0,6220180000.0,28173301000.0,,55487000.0,-80628000.0,33208000.0,-10806000.0,,,,,,1533972000.0,,,,,559443000.0,2262473000.0,0.0,11696000.0,-2276204000.0,,13277000.0,519422000.0,-223731000.0,68236000.0
2017-03-31,2708179000.0,,,,388835000.0,2250701000.0,497181000.0,-181797000.0,315384000.0,62375000.0,206847000.0,0.36,0.36,574403000.0,580165000.0,1395444000.0,,493765000.0,100502000.0,,,,2172718000.0,,18619666000.0,1814028000.0,4033756000.0,410492000.0,28303092000.0,204835000.0,15000000.0,,2124764000.0,,2541746000.0,,340906000.0,18106606000.0,689476000.0,7217000.0,6376495000.0,28303092000.0,,15960000.0,-9020000.0,-36223000.0,2796000.0,,,,,,405435000.0,,,,,,456075000.0,,6554000.0,-465949000.0,,,10466000.0,-51137000.0,2560000.0
2017-06-30,5349916000.0,,,,743298000.0,4431975000.0,998227000.0,-367162000.0,631065000.0,136436000.0,417458000.0,0.73,0.72,574931000.0,582056000.0,1757062000.0,,469126000.0,103119000.0,,,,2485131000.0,,18896912000.0,1807772000.0,3972046000.0,400185000.0,28542931000.0,206144000.0,47000000.0,,2679568000.0,,2560127000.0,,289630000.0,18254593000.0,836840000.0,-9148000.0,6511408000.0,28542931000.0,,30965000.0,13102000.0,-63231000.0,5469000.0,,,,,,939126000.0,,,,,,872610000.0,,15688000.0,-592778000.0,,,-32945000.0,310481000.0,140605000.0
2017-09-30,8176656000.0,,,,1145432000.0,6802555000.0,1492088000.0,-569412000.0,922676000.0,251551000.0,566573000.0,0.99,0.97,574262000.0,580941000.0,1986688000.0,,515423000.0,101242000.0,,,,2794536000.0,,19134748000.0,1807009000.0,3924566000.0,433447000.0,29101890000.0,242604000.0,11000000.0,,2735760000.0,,2668864000.0,,286262000.0,18717813000.0,922657000.0,-9840000.0,6308543000.0,29101890000.0,,46306000.0,95672000.0,-13534000.0,3598000.0,,,,,,1511909000.0,,,,,0.0,1399278000.0,,21786000.0,-1126614000.0,404685000.0,,158020000.0,540107000.0,158537000.0
2017-12-31,10773904000.0,,,,1559915000.0,9204401000.0,1715492000.0,-751737000.0,963755000.0,-1132663000.0,1960286000.0,3.39,3.35,572253000.0,578795000.0,1499995000.0,,540545000.0,102292000.0,884941000.0,,,2374627000.0,,19635459000.0,1806531000.0,3877960000.0,430440000.0,29159178000.0,255028000.0,28000000.0,,3092382000.0,,1304835000.0,,284416000.0,17432685000.0,2252890000.0,-3610000.0,7612652000.0,29159178000.0,,62494000.0,-1264674000.0,18438000.0,4656000.0,,,,,,2206411000.0,,,,,0.0,1864082000.0,,1712000.0,-1580592000.0,404685000.0,,-568778000.0,53414000.0,181651000.0
2018-03-31,2822237000.0,,,,417890000.0,2494246000.0,359757000.0,-178835000.0,180922000.0,-85379000.0,223444000.0,0.39,0.38,564832000.0,571970000.0,1525402000.0,,505591000.0,107309000.0,,,,2392713000.0,,19711829000.0,1800586000.0,3819369000.0,522978000.0,29298270000.0,253391000.0,29000000.0,,3586888000.0,,1206591000.0,,282879000.0,17819219000.0,2372744000.0,-7480000.0,7370790000.0,29298270000.0,,16110000.0,-89746000.0,-27388000.0,5114000.0,,,,,,577664000.0,,,,,,418624000.0,,11475000.0,-432377000.0,,,-117050000.0,25407000.0,2935000.0
2018-06-30,5680932000.0,,,,856343000.0,5037806000.0,722832000.0,-377777000.0,345055000.0,-61669000.0,347221000.0,0.6,0.6,556586000.0,563108000.0,1272872000.0,,497350000.0,109130000.0,,,,2083116000.0,,19863078000.0,1801034000.0,3776770000.0,570222000.0,28977160000.0,268140000.0,60000000.0,,3064793000.0,,1226397000.0,,245720000.0,18050251000.0,2431186000.0,-3237000.0,6847142000.0,28977160000.0,,33911000.0,-70986000.0,-26157000.0,6928000.0,,,,,,1093151000.0,,,,,,861761000.0,,15609000.0,-679433000.0,,,-638151000.0,-227123000.0,-10667000.0
2018-09-30,8710234000.0,,,,1319760000.0,7691700000.0,1133735000.0,-598224000.0,535511000.0,-42623000.0,490099000.0,0.87,0.86,549418000.0,555521000.0,1302677000.0,,546646000.0,104438000.0,,,,2208024000.0,,20733381000.0,1822009000.0,3991963000.0,551928000.0,29973515000.0,301008000.0,35000000.0,,2977590000.0,,1241036000.0,,251399000.0,19133997000.0,2510103000.0,6234000.0,6773358000.0,29973515000.0,,51010000.0,-58762000.0,31791000.0,1457000.0,,,,,,1395466000.0,,,,,1034534000.0,1223924000.0,,22209000.0,-1798692000.0,0.0,,207397000.0,-197318000.0,-8220000.0
2018-12-31,11763096000.0,,,,1764638000.0,10441300000.0,1469486000.0,-835480000.0,634006000.0,50112000.0,466772000.0,0.82,0.81,544253000.0,549536000.0,1526762000.0,,657206000.0,110831000.0,481000000.0,,,2526778000.0,,20729888000.0,1821392000.0,3944463000.0,455318000.0,30210706000.0,302578000.0,47000000.0,,2948882000.0,,1342538000.0,,259240000.0,19638665000.0,2423479000.0,-8556000.0,6512283000.0,30210706000.0,,70177000.0,46720000.0,149554000.0,7860000.0,,,,,,1722539000.0,,,,,,1486843000.0,,17208000.0,-2083021000.0,0.0,,389234000.0,26767000.0,-10100000.0
2019-03-31,3176911000.0,,,,525112000.0,2845400000.0,370260000.0,-232592000.0,137668000.0,71511000.0,31297000.0,0.05,0.05,534219000.0,537506000.0,1223404000.0,,602602000.0,111302000.0,,,,2207135000.0,,21196438000.0,2001646000.0,4046756000.0,322038000.0,31146921000.0,336586000.0,2086946000.0,,2812678000.0,,1566931000.0,,719280000.0,19829718000.0,2384977000.0,-24608000.0,6786204000.0,31146921000.0,,32136000.0,67827000.0,-48961000.0,-423000.0,,,,,,399782000.0,,,,,,183252000.0,,30511000.0,-726811000.0,571838000.0,,24851000.0,-303358000.0,-6429000.0
2019-06-30,6400154000.0,,,,1049536000.0,5724162000.0,741745000.0,-516174000.0,225571000.0,83245000.0,74702000.0,0.13,0.13,533286000.0,536456000.0,1160591000.0,,562772000.0,106707000.0,,,,2040034000.0,,21054337000.0,2080904000.0,3922684000.0,304206000.0,30813715000.0,277591000.0,2140418000.0,,2786539000.0,,1552552000.0,,757622000.0,19758408000.0,2359966000.0,-26330000.0,6520484000.0,30813715000.0,,49198000.0,68613000.0,-80080000.0,-5113000.0,,,,,,967833000.0,,,,,,321618000.0,,30170000.0,-877565000.0,613299000.0,,-457779000.0,-366171000.0,7069000.0
2019-09-30,9714536000.0,,,,1543764000.0,8836377000.0,980126000.0,-755727000.0,224399000.0,75969000.0,37569000.0,-0.08,-0.08,528429000.0,531873000.0,1233569000.0,,550345000.0,104206000.0,,,,2880746000.0,,20603978000.0,2076431000.0,3866536000.0,331198000.0,31168871000.0,253637000.0,2000343000.0,,3293244000.0,,1536426000.0,,768733000.0,20542277000.0,2255885000.0,-46841000.0,6060552000.0,31168871000.0,,64518000.0,52785000.0,655786000.0,-7734000.0,,,,,,1356108000.0,,,,,,482786000.0,,31112000.0,-1029253000.0,699362000.0,,-619886000.0,-293193000.0,18222000.0
2019-12-31,12899672000.0,,,,2101217000.0,9078978000.0,3940215000.0,-1093490000.0,2846725000.0,632345000.0,2049146000.0,3.9,3.88,524173000.0,527645000.0,2329604000.0,,612717000.0,102888000.0,133000000.0,,,4007693000.0,,18285955000.0,2084564000.0,3826504000.0,456793000.0,33876356000.0,235437000.0,14000000.0,,3191423000.0,,2106506000.0,,4641558000.0,21108391000.0,4201337000.0,-10202000.0,7727265000.0,33876356000.0,,88838000.0,595046000.0,726610000.0,-6522000.0,,,,,,1810401000.0,,,,,,739006000.0,,31112000.0,3519434000.0,1250006000.0,,-4529594000.0,802842000.0,28493000.0
2020-03-31,2252817000.0,,,,574306000.0,1037720000.0,1250845000.0,-314022000.0,936823000.0,262304000.0,806869000.0,1.64,1.64,495415000.0,496984000.0,6016417000.0,,454826000.0,106327000.0,,,,7597929000.0,,15172959000.0,2091595000.0,3795850000.0,438749000.0,39118905000.0,202735000.0,1538857000.0,,2626247000.0,,2388072000.0,,,,4934302000.0,-39774000.0,8173914000.0,39118905000.0,,36898000.0,277221000.0,-136225000.0,3322000.0,,,,,,-422937000.0,,,,,,73110000.0,,0.0,2362681000.0,,,1744753000.0,3686813000.0,2439000.0
2020-06-30,2542626000.0,,,,1047870000.0,2353705000.0,-1034529000.0,-486218000.0,-1206725000.0,-270238000.0,-857257000.0,-1.67,-1.67,494434000.0,494434000.0,4835505000.0,,287065000.0,106791000.0,,,,6370768000.0,,14977408000.0,2091697000.0,3746734000.0,436576000.0,37471285000.0,122428000.0,1497563000.0,,2575128000.0,,,,,,4075812000.0,-39030000.0,7374789000.0,37471285000.0,,55733000.0,129301000.0,-248109000.0,3784000.0,,,,,,-1085502000.0,,,,,,140208000.0,,-385000.0,2341115000.0,,,1247823000.0,2505901000.0,1867000.0
2020-09-30,3668546000.0,,,,1591163000.0,3995442000.0,-495182000.0,-669741000.0,-948607000.0,-84668000.0,-585119000.0,-1.1,-1.1,494126000.0,494126000.0,4593872000.0,,328413000.0,97316000.0,,,,6186281000.0,,14792378000.0,2091769000.0,3697549000.0,432313000.0,37004775000.0,150445000.0,1636783000.0,,2766784000.0,,,,,,3539848000.0,-39370000.0,6861104000.0,37004775000.0,,77681000.0,49633000.0,-192393000.0,-5692000.0,,,,,,-1249605000.0,,,,,,177571000.0,,-385000.0,2271554000.0,,,1239838000.0,2264268000.0,8595000.0
2020-12-31,5162082000.0,,,,2122333000.0,5847454000.0,-642434000.0,-869045000.0,-1511479000.0,-191572000.0,-1032724000.0,-2.02,-2.02,494152000.0,494152000.0,5101637000.0,,316502000.0,88323000.0,379000000.0,,,5950659000.0,,14632091000.0,2091278000.0,3643748000.0,443421000.0,36494934000.0,142523000.0,1545079000.0,,1856583000.0,,,,,,3091007000.0,-30677000.0,6504726000.0,36494934000.0,,106956000.0,18347000.0,-960099000.0,-14705000.0,,,,,,-1493043000.0,,,,,,270579000.0,,-873000.0,2159304000.0,,,2103427000.0,2772033000.0,8543000.0
2021-03-31,1647747000.0,,,,546407000.0,1868858000.0,-246690000.0,-183946000.0,-430636000.0,-94698000.0,-331829000.0,-0.69,-0.69,494864000.0,494864000.0,6171512000.0,,360188000.0,82346000.0,,,,7083867000.0,,14454032000.0,2087458000.0,3586603000.0,438456000.0,37330767000.0,160894000.0,1474841000.0,,1835386000.0,,,,,,2757941000.0,-25218000.0,6306828000.0,37330767000.0,,16549000.0,-80293000.0,45970000.0,-5911000.0,,,,,,-87610000.0,,,,,,78914000.0,,-342000.0,-154912000.0,,,1313499000.0,1069875000.0,-2401000.0
2021-06-30,3915709000.0,,,,1136616000.0,3956398000.0,263760000.0,-322576000.0,-305506000.0,-59872000.0,-227076000.0,-0.56,-0.56,491785000.0,495302000.0,5626232000.0,,430841000.0,79019000.0,,,,6574543000.0,,14344684000.0,2089212000.0,3545815000.0,528435000.0,36776378000.0,210654000.0,1642409000.0,,2036371000.0,,,,,,2861474000.0,-21173000.0,6180181000.0,36776378000.0,,27407000.0,-68821000.0,138153000.0,-9267000.0,,,,,,368416000.0,,,,,,183392000.0,,-1342000.0,-273722000.0,,,429986000.0,524595000.0,1898000.0
2021-09-30,6623248000.0,,,,1759891000.0,4806266000.0,1909852000.0,-595287000.0,1620071000.0,282135000.0,1350433000.0,2.81,2.77,487509000.0,493184000.0,5570833000.0,,532298000.0,94198000.0,,,,6670321000.0,,14528041000.0,3484966000.0,3669107000.0,493328000.0,41338323000.0,273447000.0,1923590000.0,,3410460000.0,,,,,,4210726000.0,-25273000.0,6829954000.0,41338323000.0,,38688000.0,153464000.0,167622000.0,-5310000.0,,,,,,886705000.0,,,,,1789604000.0,322139000.0,,-342000.0,1677021000.0,,,-2093427000.0,469196000.0,34836000.0
2021-12-31,9680140000.0,,,,2507239000.0,7486264000.0,2278699000.0,-816895000.0,1461804000.0,253415000.0,1254370000.0,2.44,2.41,481930000.0,487356000.0,4703059000.0,,583915000.0,96374000.0,332000000.0,,,6416182000.0,,14435493000.0,3480997000.0,3616385000.0,490210000.0,40899116000.0,263097000.0,1983444000.0,,3442264000.0,,,,,,4340588000.0,-24616000.0,6070645000.0,40899116000.0,,65183000.0,241947000.0,236182000.0,-3107000.0,,,,,,1373423000.0,,,,,,490697000.0,,-46110000.0,1543645000.0,,,-2814095000.0,101422000.0,43018000.0
2022-03-31,2854309000.0,,,,776837000.0,2701683000.0,105788000.0,-176922000.0,-71134000.0,-36341000.0,-18016000.0,-0.06,-0.06,442916000.0,442916000.0,2719115000.0,,593466000.0,102050000.0,,,,4514945000.0,,14144526000.0,3474861000.0,3555466000.0,513621000.0,38650005000.0,281225000.0,1878043000.0,,3599601000.0,,,,,,4321482000.0,-22007000.0,5065340000.0,38650005000.0,,23344000.0,1070000.0,10385000.0,5780000.0,,,,,,420482000.0,,,,,,101583000.0,,10015000.0,-237383000.0,,,-2165587000.0,-1983843000.0,-67294000.0
2022-06-30,6119197000.0,,,,1805602000.0,3529537000.0,2487239000.0,-362909000.0,2195464000.0,572839000.0,1783937000.0,4.24,4.2,430084000.0,434336000.0,5784173000.0,,668919000.0,115100000.0,,,,9166781000.0,,5027668000.0,4705842000.0,3598127000.0,1004468000.0,48432138000.0,359258000.0,1874659000.0,,5544580000.0,,,,320407000.0,,5746532000.0,-16942000.0,5733574000.0,48432138000.0,,38723000.0,542642000.0,48176000.0,13419000.0,,,,,,932713000.0,,,,,1597739000.0,236844000.0,,155280000.0,2226681000.0,,,-2539431000.0,581114000.0,-32736000.0
2022-09-30,9535269000.0,,,,3018076000.0,7974113000.0,1441268000.0,-503392000.0,-1186454000.0,411131000.0,1189091000.0,2.81,2.79,417686000.0,421770000.0,5295434000.0,,709562000.0,113323000.0,,,,8783182000.0,,5089296000.0,4945188000.0,2806163000.0,864664000.0,47330222000.0,403756000.0,2047544000.0,,5895504000.0,,,,270966000.0,,4871632000.0,-33830000.0,4841690000.0,47330222000.0,,46138000.0,371840000.0,66556000.0,12388000.0,,,,,,1333274000.0,,,,,1889548000.0,456570000.0,,238361000.0,1582636000.0,,,-2780564000.0,92375000.0,12888000.0
2022-12-31,13127485000.0,,,,4226617000.0,11527900000.0,1439372000.0,-535573000.0,903799000.0,697068000.0,1473093000.0,3.52,3.49,409201000.0,412993000.0,5911893000.0,,852149000.0,126065000.0,130000000.0,,,8154692000.0,,5223928000.0,5029312000.0,1551252000.0,1029054000.0,45692206000.0,369817000.0,2236323000.0,,4515892000.0,,,,,,4794239000.0,33499000.0,4831529000.0,45692206000.0,,71296000.0,496189000.0,211687000.0,26627000.0,,,,,,1756462000.0,,,,,,765067000.0,,523361000.0,2118181000.0,,,-3024302000.0,833329000.0,22955000.0
2023-03-31,3873296000.0,,,,1135540000.0,3067458000.0,730839000.0,-85177000.0,645662000.0,165779000.0,466807000.0,1.25,1.24,374085000.0,378095000.0,4505318000.0,,752965000.0,128732000.0,,,,6231104000.0,,5140662000.0,5024905000.0,1756151000.0,832167000.0,43542229000.0,347344000.0,2280217000.0,,2844427000.0,,,,470495000.0,,4799178000.0,36808000.0,4839658000.0,43542229000.0,,23891000.0,38098000.0,-75690000.0,2690000.0,,,,,,704053000.0,,,,,,139820000.0,,223348000.0,212178000.0,,,-2380133000.0,-1444444000.0,372000.0
2023-06-30,7815503000.0,,,,2279930000.0,6622098000.0,1102217000.0,-173870000.0,928347000.0,204920000.0,667603000.0,1.82,1.8,367535000.0,371685000.0,3843366000.0,,703971000.0,130889000.0,,,,5616995000.0,,5233400000.0,5029189000.0,1734012000.0,858456000.0,42905829000.0,358807000.0,2295172000.0,,2749404000.0,,,,493996000.0,,4382588000.0,30057000.0,4416173000.0,42905829000.0,,35121000.0,35822000.0,-111740000.0,4811000.0,,,,,,1280759000.0,,,,,0.0,393297000.0,,216485000.0,-59017000.0,,,-3329536000.0,-2106249000.0,216873000.0
2023-09-30,11788686000.0,,,,3472228000.0,10247852000.0,1472153000.0,-319481000.0,1152672000.0,217360000.0,828720000.0,2.3,2.28,360732000.0,364847000.0,3316360000.0,,812187000.0,135859000.0,,,,5259173000.0,,5256883000.0,5142838000.0,1733379000.0,797897000.0,42572459000.0,412757000.0,2434598000.0,,2962069000.0,,,,523283000.0,,3962925000.0,-617000.0,3965717000.0,42572459000.0,,46246000.0,11828000.0,-5296000.0,9766000.0,,,,,,1974839000.0,,,,,122058000.0,603053000.0,,176826000.0,-420554000.0,,,-4177097000.0,-2633190000.0,286561000.0
2023-12-31,16164249000.0,,,,4700657000.0,14210648000.0,1891497000.0,-418734000.0,1472763000.0,157839000.0,1142180000.0,3.22,3.19,354926000.0,358627000.0,2927833000.0,,929135000.0,141678000.0,200000000.0,,,4910593000.0,,5449544000.0,5165694000.0,1724582000.0,849867000.0,42368548000.0,461718000.0,2604177000.0,,3126068000.0,,,,542708000.0,,3664008000.0,143896000.0,3811170000.0,42368548000.0,,73607000.0,-117278000.0,132288000.0,15524000.0,,,,,,2690777000.0,,,,,122058000.0,931813000.0,,125947000.0,-714175000.0,,,-5004631000.0,-3021492000.0,344397000.0
2024-03-31,4383470000.0,,,,1194682000.0,3899968000.0,458378000.0,-114979000.0,343399000.0,43673000.0,217476000.0,0.68,0.67,320488000.0,323757000.0,2722292000.0,,924060000.0,147357000.0,,,,4573812000.0,,5630014000.0,5152826000.0,1686245000.0,888966000.0,42079053000.0,448158000.0,2471000000.0,,3033986000.0,,,,750280000.0,,3393805000.0,59810000.0,3456764000.0,42079053000.0,,26780000.0,-8203000.0,-34607000.0,5727000.0,,,,,,549271000.0,,,,,491000.0,172080000.0,,-73048000.0,-108410000.0,,,-628970000.0,-205709000.0,2327000.0
2024-06-30,8710845000.0,,,,2405650000.0,7767503000.0,884034000.0,-269387000.0,614647000.0,32119000.0,404548000.0,1.28,1.27,315837000.0,319092000.0,2414195000.0,,1016898000.0,147863000.0,,,,4409136000.0,,5715638000.0,5153446000.0,1658403000.0,855765000.0,41815461000.0,401924000.0,2540743000.0,,3000173000.0,,,,768001000.0,,3172243000.0,37383000.0,3212676000.0,41815461000.0,,39325000.0,-59747000.0,74066000.0,6178000.0,,,,,,1023509000.0,,,,,491000.0,410322000.0,,-63719000.0,-385409000.0,,,-1123452000.0,-513621000.0,165936000.0
2024-09-30,12893983000.0,,,,3582376000.0,11643773000.0,1198891000.0,-287510000.0,911381000.0,84689000.0,589126000.0,1.9,1.88,310688000.0,313852000.0,2950592000.0,,964741000.0,144843000.0,,,,4832453000.0,,5950035000.0,5175752000.0,1776503000.0,933402000.0,42740953000.0,391836000.0,2707519000.0,,3886758000.0,,,,880296000.0,,3037397000.0,191575000.0,3231941000.0,42740953000.0,,51720000.0,-68942000.0,40244000.0,3029000.0,,,,,,1690940000.0,,,,,113882000.0,746572000.0,,-158060000.0,-879238000.0,,,-773799000.0,23167000.0,225280000.0
,,,,,,,,,,,,,,,,,,,,,,,,,,,,,,,,,,,,,,,,,,,,,,,,,,,,,,,,,,,,,,,,,,,
,,,,,,,,,,,,,,,,,,,,,,,,,,,,,,,,,,,,,,,,,,,,,,,,,,,,,,,,,,,,,,,,,,,
,,,,,,,,,,,,,,,,,,,,,,,,,,,,,,,,,,,,,,,,,,,,,,,,,,,,,,,,,,,,,,,,,,,
