Date,Net sales,Cost of sales,Gross margin,Research and development,"Selling, general and administrative",Total operating expenses,Operating income,"Other income/(expense), net",Income before provision for income taxes,Provision for income taxes,Net income,Earnings per share basic,Earnings per share diluted,Weighted-average basic,Weighted-average diluted,Cash and cash equivalents,Short-term marketable securities,"Accounts receivable, net",Inventories,Deferred tax assets,Vendor non-trade receivables,Other current assets,Total current assets,Long-term marketable securities,"Property, Plant and Equipment, Net",Goodwill,"Acquired intangible assets, net","Other Assets, Noncurrent",Total assets,accounts payable,Accrued expenses,Deferred revenue,Total current liabilities,Deferred revenue - non-current,deferred tax liabilities,long term taxes payable,Total other non-current liabilities,Total liabilities,Retained Earnings (Accumulated Deficit),Accumulated other comprehensive (loss)/income,Total shareholders equity,Total liabilities and shareholders' equity,"Depreciation, amortization and accretion",Stock-based compensation expense,Deferred income tax expense,"Increase (Decrease) in Accounts receivable, net",Increase (Decrease) in Inventories,Increase (Decrease) in Other Receivables,Increase (Decrease) in Other Operating Assets,Increase (Decrease) in Accounts Payable,Increase (Decrease) in Deferred Revenue,Increase (Decrease) Other liabilities,Cash generated by operating activities,Purchases of marketable securities,Proceeds from maturities of marketable securities,Proceeds from sales of marketable securities,Purchases of other long-term investments,"Business acquisitions, net of cash acquired",Cash payments for capital asset purchases,Payments for acquisition of intangible assets,Payments for (Proceeds from) Other Investing Activities,Cash used in investing activities,Proceeds from issuance of common stock,Excess tax benefits from stock-based compensation,Cash generated/used in financing activities,Increase/(decrease) in cash and cash equivalents,"Cash paid for income taxes, net"
2011-06-30,89400000.0,,,,,,,,37571000.0,14854000.0,22717000.0,0.62,0.58,36762000.0,39490000.0,135768000.0,,,,14296000.0,,,,,13409000.0,,,,321267000.0,,,,,,,,,28410000.0,-18692000.0,-1693000.0,292857000.0,321267000.0,,3099000.0,9777000.0,8690000.0,,,,,-128000.0,,19409000.0,12556000.0,9873000.0,,,,1516000.0,,25000.0,-6014000.0,,2934000.0,-2084000.0,10774000.0,5980000.0
2011-09-30,135964000.0,,,,,,,,59867000.0,23706000.0,36161000.0,0.98,0.91,37126000.0,39828000.0,157622000.0,,,,9589000.0,,,,,14076000.0,,,,339200000.0,,,,,,,,,33367000.0,-8680000.0,-1692000.0,305833000.0,339200000.0,,4997000.0,14496000.0,6232000.0,,,,,466000.0,,46791000.0,27719000.0,20845000.0,,,,2517000.0,,,-8791000.0,,5473000.0,-4521000.0,32628000.0,9574000.0
2011-12-31,181099000.0,,,,,,,,78733000.0,31029000.0,47704000.0,1.29,1.2,37006000.0,39608000.0,169620000.0,,,,8089000.0,,,,,14460000.0,,,,349458000.0,,,,,,,,,37019000.0,-584000.0,-1882000.0,312439000.0,349458000.0,,6859000.0,16129000.0,11665000.0,,,,,755000.0,,65478000.0,32302000.0,27419000.0,,,,3160000.0,,,-8576000.0,,7305000.0,-11199000.0,44626000.0,10177000.0
2012-03-31,50735000.0,,,,,,,,22748000.0,9255000.0,13493000.0,0.37,0.35,36934000.0,38695000.0,119809000.0,,,,5684000.0,,,,,14875000.0,,,,274510000.0,,,,,,,,,25593000.0,8708000.0,-2213000.0,248917000.0,274510000.0,,1962000.0,2623000.0,-2777000.0,,,,,-97000.0,,13374000.0,3714000.0,7962000.0,13577000.0,,,607000.0,,,15892000.0,,2163000.0,-78718000.0,-49811000.0,988000.0
2012-06-30,99560000.0,,,,,,,,43948000.0,17826000.0,26122000.0,0.72,0.69,36531.0,38067.0,129595000.0,,,,5822000.0,,,,,14960000.0,31800000.0,,,289728000.0,,,,,,,,,27993000.0,17256000.0,-2417000.0,261735000.0,289728000.0,,4028000.0,2619000.0,-2515000.0,,,,,-200000.0,,25895000.0,6376000.0,11423000.0,13577000.0,,,1044000.0,,,15013000.0,,13681000.0,-80465000.0,-40025000.0,6936000.0
2012-09-30,147817000.0,,,,,,,,65157000.0,25553000.0,39604000.0,1.08,1.05,36521.0,37892.0,150101000.0,,,,6702000.0,,,,,18466000.0,31800000.0,,,304928000.0,,,,,,,,,32994000.0,26632000.0,-2817000.0,271934000.0,304928000.0,,6184000.0,1958000.0,-2347000.0,,,,,-262000.0,,53270000.0,6376000.0,15463000.0,13577000.0,,,4955000.0,,,13799000.0,,13639000.0,-85580000.0,-19519000.0,10602000.0
2012-12-31,198204000.0,,,,,,,,86686000.0,26617000.0,60069000.0,1.65,1.59,36516000.0,37816000.0,128908000.0,,,,9442000.0,,,,,18009000.0,31800000.0,,,279841000.0,,,,,,,,,37124000.0,-5644000.0,-3093000.0,242717000.0,279841000.0,,8385000.0,-643000.0,-4607000.0,,,,,-462000.0,,81582000.0,16543000.0,18313000.0,23663000.0,,,5153000.0,,,15030000.0,,14775000.0,-136175000.0,-40712000.0,15102000.0
2013-03-31,55557000.0,,,,,,,,24313000.0,8987000.0,15326000.0,0.42,0.41,36774000.0,37673000.0,125919000.0,,,,4639000.0,,,,,18743000.0,,,,282881000.0,,,,,,,,,30380000.0,4977000.0,-3483000.0,252501000.0,282881000.0,,1997000.0,2764000.0,1136000.0,,,,,-1041000.0,,10279000.0,,2770000.0,30900000.0,,37118000.0,794000.0,,-64000.0,-5544000.0,,1927000.0,-7927000.0,-2989000.0,829000.0
2013-09-30,178291000.0,,,,,,,,82481000.0,29388000.0,52883000.0,1.43,1.4,36919000.0,37965000.0,119009000.0,,,,4312000.0,,,,,27617000.0,26234000.0,,,332688000.0,,,,,,,,,46068000.0,32794000.0,-3931000.0,286620000.0,332688000.0,9305000.0,6419000.0,669000.0,4770000.0,,,,,-1065000.0,,67329000.0,49578000.0,10690000.0,30900000.0,,37827000.0,9357000.0,,-4000.0,-60574000.0,,3069000.0,-15383000.0,-9243000.0,17894000.0
2013-12-31,238733000.0,,,,,,,,107280000.0,38717000.0,76016000.0,2.06,2.01,36886000.0,37888000.0,132691000.0,,,,4947000.0,,,,,32703000.0,26085000.0,,,351578000.0,,,,,,,,,41216000.0,51042000.0,-4083000.0,310362000.0,351578000.0,13051000.0,8879000.0,1001000.0,1714000.0,,,,,-1571000.0,,90879000.0,60755000.0,12515000.0,30900000.0,,37827000.0,15337000.0,,,-69121000.0,,5032000.0,-17074000.0,3783000.0,30768000.0
2014-03-31,63398000.0,,,,,,,,27708000.0,10233000.0,17475000.0,0.47,0.46,37121000.0,38096000.0,130045000.0,,,,2915000.0,,,,,33393000.0,,,,346373000.0,,,,,,,,,28112000.0,62471000.0,-4287000.0,318261000.0,346373000.0,4121000.0,2316000.0,2159000.0,4919000.0,,,,,9000.0,,10147000.0,,3750000.0,,,,1622000.0,,6000.0,-449000.0,,2252000.0,-11916000.0,-2646000.0,878000.0
2014-06-30,128362000.0,,,,,,,,56779000.0,21113000.0,35666000.0,0.96,0.94,37068000.0,38019000.0,133154000.0,,,,2617000.0,,,,,34396000.0,,,,356719000.0,,,,,,,,,33740000.0,74650000.0,-4430000.0,322979000.0,356719000.0,8472000.0,4651000.0,2546000.0,6764000.0,,,,,237000.0,,36412000.0,4181000.0,5410000.0,,,,3754000.0,,33000.0,-7529000.0,,2576000.0,-27501000.0,463000.0,15230000.0
2014-09-30,192607000.0,,,,,,,,85047000.0,31877000.0,53170000.0,1.44,1.4,36997000.0,37947000.0,155100000.0,,,,3117000.0,,,,,32800000.0,,,,362909000.0,,,,,,,,,36606000.0,86158000.0,-4580000.0,326303000.0,362909000.0,12954000.0,7179000.0,1575000.0,2321000.0,,,,,558000.0,,68589000.0,4181000.0,13536000.0,,,,4002000.0,,-595000.0,-1464000.0,,3203000.0,-43961000.0,22409000.0,25952000.0
2014-12-31,262774000.0,,,,,,,,118536000.0,43730000.0,74806000.0,2.03,1.97,36930000.0,37889000.0,168924000.0,,,,6972000.0,,,,,32185000.0,,,,379884000.0,,,,,,,,,45676000.0,101813000.0,-4537000.0,334208000.0,379884000.0,17379000.0,9769000.0,-374000.0,-827000.0,,,,,-248000.0,,109952000.0,16423000.0,17574000.0,,,,4627000.0,,-611000.0,-13025000.0,,4243000.0,-60223000.0,36233000.0,33627000.0
2015-03-31,76771000.0,,,,,,,,38502000.0,13909000.0,24593000.0,0.67,0.65,36706000.0,37626000.0,161048000.0,,,,5142000.0,,,,,31190000.0,,,,378694000.0,,,,,,,,,34024000.0,118943000.0,-4523000.0,344670000.0,378694000.0,4612000.0,3042000.0,1719000.0,12289000.0,,,,,260000.0,,10034000.0,8111000.0,10515000.0,,,,817000.0,,-19000.0,-1048000.0,,2671000.0,-17241000.0,-7876000.0,
2015-06-30,152262000.0,,,,,76701000.0,,,75561000.0,26730000.0,48831000.0,1.33,1.3,36703000.0,37642000.0,169263000.0,,,,4346000.0,,,,,31290000.0,,,,398946000.0,,,,,,,,,39089000.0,135721000.0,-4859000.0,359857000.0,398946000.0,9215000.0,6025000.0,858000.0,13197000.0,,,,,185000.0,,40595000.0,19098000.0,15328000.0,,,,2345000.0,,4000.0,-10935000.0,,3755000.0,-28824000.0,339000.0,
2015-09-30,226454000.0,,,,,115540000.0,,,110914000.0,39368000.0,71546000.0,1.95,1.9,36695000.0,37643000.0,160376000.0,,,,6719000.0,,,,,31027000.0,,,,416322000.0,,,,,,,,,42851000.0,150975000.0,-4969000.0,373471000.0,416322000.0,,9276000.0,-1250000.0,15595000.0,,,,,-250000.0,,76338000.0,57175000.0,25048000.0,,,,3730000.0,,141000.0,-43515000.0,,4202000.0,-40944000.0,-8548000.0,
2015-12-31,303098000.0,,,,,155198000.0,,,147900000.0,51863000.0,96037000.0,2.62,2.55,36690000.0,37637000.0,199728000.0,,,,7833000.0,,,,,30897000.0,,,,439041000.0,,,,,,,,,48328000.0,168011000.0,-5229000.0,390713000.0,439041000.0,18542000.0,12519000.0,-2424000.0,6748000.0,,,,,-153000.0,,120196000.0,57175000.0,35248000.0,,,,4795000.0,,642000.0,-37953000.0,,4310000.0,-51054000.0,30804000.0,50875000.0
2016-03-31,88573000.0,,,,,44203000.0,,,44370000.0,15407000.0,28963000.0,0.79,0.77,36775000.0,37671000.0,137995000.0,147226000.0,,,,,,,,32094000.0,,,,451842000.0,,,,,,,,,41426000.0,187228000.0,-7279000.0,410416000.0,451842000.0,4681000.0,3494000.0,5905000.0,12346000.0,,,,,290000.0,,-57383000.0,,12000000.0,,,,2652000.0,,-26000.0,6339000.0,,4640000.0,-10685000.0,-61733000.0,
2016-06-30,185212000.0,,,,,90291000.0,,,94921000.0,32832000.0,62089000.0,1.69,1.65,36876000.0,37748000.0,153275000.0,146330000.0,,,,,,,,31495000.0,,,,477115000.0,,,,,,,,,40964000.0,210606000.0,-9049000.0,436151000.0,477115000.0,9221000.0,6937000.0,9163000.0,22677000.0,,,,,294000.0,,-28669000.0,8065000.0,20000000.0,,,,3904000.0,,-99000.0,1988000.0,,8573000.0,-19587000.0,-46453000.0,
2016-09-30,275483000.0,,,,,134208000.0,,,141275000.0,48268000.0,93007000.0,2.52,2.46,36889000.0,37792000.0,161444000.0,170655000.0,,,,,,,,30773000.0,,,,502151000.0,,,,,,,,,50451000.0,231743000.0,-10145000.0,451700000.0,502151000.0,13546000.0,10636000.0,7716000.0,16439000.0,,,,,694000.0,,23974000.0,42495000.0,,,,,4754000.0,,-383000.0,-23899000.0,,9166000.0,-37379000.0,-38284000.0,
2016-12-31,369919000.0,,,,,178317000.0,,,191602000.0,65430000.0,126172000.0,3.42,3.34,36844000.0,37738000.0,168243000.0,,,,7268000.0,,,,,31104000.0,,,,528042000.0,,,,,,,,,60029000.0,255140000.0,-12228000.0,468013000.0,528042000.0,17838000.0,14511000.0,6722000.0,10429000.0,,,,,203000.0,,80289000.0,81438000.0,,,,,6385000.0,,-414000.0,-53180000.0,,9458000.0,-55836000.0,-31485000.0,58268000.0
2017-03-31,103891000.0,,,,,48284000.0,,,55607000.0,13144000.0,42463000.0,1.15,1.11,36850000.0,38112000.0,137655000.0,,,,,,,,,33888000.0,,,,530714000.0,,,,,,,,,48359000.0,285150000.0,-12570000.0,482355000.0,530714000.0,4693000.0,3943000.0,1825000.0,6113000.0,,,,,675000.0,,30549000.0,68166000.0,46485000.0,,,,4149000.0,,5000.0,-29007000.0,,,-31705000.0,-30588000.0,
2017-06-30,201205000.0,,,,,96025000.0,,,105180000.0,24694000.0,80486000.0,2.18,2.11,36853000.0,38095000.0,128143000.0,,,,,,,,,34643000.0,,,,547041000.0,,,,,,,,,45813000.0,310777000.0,-11278000.0,501228000.0,547041000.0,9483000.0,7468000.0,1378000.0,4669000.0,,,,,561000.0,,69118000.0,143214000.0,101354000.0,,,,5777000.0,,33000.0,-54337000.0,,,-55455000.0,-40100000.0,
2017-09-30,297906000.0,,,,,145509000.0,,,152397000.0,37781000.0,114616000.0,3.11,3.01,36865000.0,38069000.0,138992000.0,,,,,,,,,35321000.0,,,,562347000.0,,,,,,,,,51439000.0,332506000.0,-10150000.0,510908000.0,562347000.0,14066000.0,10989000.0,-1086000.0,12535000.0,,,,,676000.0,,121583000.0,196810000.0,146295000.0,,,,7245000.0,,53000.0,-67907000.0,,,-84335000.0,-29251000.0,
2017-12-31,397471000.0,,,,,195703000.0,,,201768000.0,53679000.0,148089000.0,4.02,3.89,36864000.0,38038000.0,167014000.0,,,,734000.0,,,,,38548000.0,,,,581232000.0,,,,,,,,,66464000.0,353583000.0,-10226000.0,514768000.0,581232000.0,19274000.0,14421000.0,6552000.0,2353000.0,,,,,145000.0,,168035000.0,215831000.0,187794000.0,,,,12086000.0,,59000.0,-53653000.0,,,-117068000.0,-1229000.0,43997000.0
2018-03-31,114714000.0,,,,,54541000.0,60173000.0,840000.0,61013000.0,13073000.0,47940000.0,1.3,1.27,36954000.0,37886000.0,156169000.0,,,,,,,,,39623000.0,,,,589273000.0,,,,,,,,,52109000.0,385725000.0,-10292000.0,537164000.0,589273000.0,5269000.0,3951000.0,2070000.0,14955000.0,,,,,894000.0,,31439000.0,57839000.0,51002000.0,,,,2278000.0,,24000.0,-12729000.0,,,-29445000.0,-10845000.0,
2018-06-30,221678000.0,,,,,109471000.0,112207000.0,2016000.0,114223000.0,25796000.0,88427000.0,2.39,2.33,36952000.0,37874000.0,170686000.0,,,,,,,,,50088000.0,,,,617598000.0,,,,,,,,,60220000.0,410419000.0,-11523000.0,557378000.0,617598000.0,11059000.0,7601000.0,1508000.0,9350000.0,,,,,935000.0,,85818000.0,159192000.0,152335000.0,,,,16035000.0,,-16000.0,-29412000.0,,,-51880000.0,3672000.0,
2018-09-30,323121000.0,,,,,164502000.0,158619000.0,3401000.0,162020000.0,34999000.0,127021000.0,3.44,3.36,36952000.0,37859000.0,210085000.0,,,,,,,,,54320000.0,,,,646131000.0,,,,,,,,,67513000.0,433227000.0,-12033000.0,578618000.0,646131000.0,17232000.0,11551000.0,-1276000.0,9560000.0,,,,,1125000.0,,153812000.0,260318000.0,256301000.0,,,,23821000.0,,-25000.0,-36984000.0,,,-72431000.0,43071000.0,
2018-12-31,435565000.0,,,,,222981000.0,212584000.0,5502000.0,218086000.0,45234000.0,172852000.0,4.68,4.57,36958000.0,37855000.0,246322000.0,,,,2015000.0,,,,,63010000.0,,,,695539000.0,,,,,,,,,87661000.0,463252000.0,-12394000.0,607878000.0,695539000.0,23080000.0,15850000.0,-1173000.0,5117000.0,,,,,150000.0,,223917000.0,336533000.0,333791000.0,,,,35888000.0,,-39000.0,-50296000.0,,,-92673000.0,79308000.0,47208000.0
2019-03-31,124491000.0,,,,,61302000.0,63189000.0,2031000.0,65220000.0,12698000.0,52522000.0,1.42,1.39,37043000.0,37832000.0,260953000.0,,,,,,,,,61047000.0,,,,774809000.0,,,,,,,,,143663000.0,496562000.0,-10817000.0,631146000.0,774809000.0,6082000.0,5196000.0,2010000.0,13453000.0,,,,,735000.0,,39369000.0,53193000.0,67603000.0,,,,649000.0,,15000.0,10562000.0,,,-36227000.0,14647000.0,
2019-06-30,249981000.0,,,,,125915000.0,124066000.0,4063000.0,128129000.0,27502000.0,100627000.0,2.72,2.66,37049000.0,37910000.0,286179000.0,,,,,,,,,64206000.0,,,,812009000.0,,,,,,,,,150101000.0,525430000.0,-11458000.0,661908000.0,812009000.0,12427000.0,11125000.0,1636000.0,8883000.0,,,,,1000000.0,,109102000.0,128189000.0,130875000.0,,,,6114000.0,,-2000.0,-10736000.0,,,-58532000.0,39855000.0,
2019-09-30,381578000.0,,,,,191547000.0,190031000.0,5436000.0,195467000.0,40838000.0,154629000.0,4.17,4.08,37066000.0,37995000.0,320527000.0,,,,,,,,,66531000.0,,,,855026000.0,,,,,,,,,160403000.0,560164000.0,-12804000.0,694623000.0,855026000.0,19127000.0,19069000.0,-1542000.0,15479000.0,,,,,921000.0,,176794000.0,149575000.0,156809000.0,,,,8683000.0,,-22000.0,-15290000.0,,,-86059000.0,74184000.0,
2019-12-31,511352000.0,,,,,260470000.0,250882000.0,6542000.0,257424000.0,52522000.0,204902000.0,5.53,5.4,37083000.0,37956000.0,270124000.0,,,,26045000.0,,,,,71795000.0,146861000.0,60986000.0,,954930000.0,,,,,,,,,184839000.0,591086000.0,-10270000.0,770091000.0,954930000.0,26857000.0,25294000.0,2674000.0,2962000.0,,,,,689000.0,,265935000.0,160827000.0,170936000.0,,,,12292000.0,,30000.0,-122051000.0,,,-118100000.0,26795000.0,51766000.0
2020-03-31,168978000.0,,,,,77889000.0,91089000.0,613000.0,91702000.0,16886000.0,74816000.0,2.01,1.96,37303000.0,38075000.0,363811000.0,,,,,,,,,74926000.0,147394000.0,60285000.0,,975603000.0,,,,,,,,,177720000.0,643129000.0,-14620000.0,797883000.0,975603000.0,8067000.0,6677000.0,2763000.0,31640000.0,,,,,451000.0,,120369000.0,8995000.0,45154000.0,,,,4291000.0,,,24557000.0,,,-49822000.0,91744000.0,
2020-06-30,353773000.0,,,,,158549000.0,195224000.0,881000.0,196105000.0,37435000.0,158670000.0,4.25,4.16,37340000.0,38153000.0,404148000.0,,,,,,,,,78461000.0,147394000.0,59552000.0,,1039217000.0,,,,,,,,,185733000.0,704219000.0,-14151000.0,853484000.0,1039217000.0,16372000.0,12468000.0,4767000.0,37457000.0,,,,,569000.0,,225222000.0,32865000.0,68596000.0,,,,9264000.0,,,12931000.0,,,-83995000.0,150480000.0,
2020-09-30,517779000.0,,,,,234748000.0,283031000.0,1039000.0,284070000.0,57624000.0,226446000.0,6.06,5.94,37386000.0,38160000.0,310368000.0,,,,,,,,,82074000.0,147388000.0,58873000.0,,1245504000.0,,,,,,,,,347965000.0,749211000.0,-10599000.0,897539000.0,1245504000.0,25404000.0,18919000.0,8643000.0,20232000.0,,,,,1593000.0,,176869000.0,32865000.0,170657000.0,,,,13022000.0,,,103119000.0,,,-117371000.0,163048000.0,
2020-12-31,689125000.0,,,,,314397000.0,374728000.0,-369000.0,374359000.0,74982000.0,299377000.0,8.01,7.85,37359000.0,38144000.0,460858000.0,,,,24989000.0,,,,,85204000.0,147388000.0,95354000.0,,1331429000.0,,,,,,,,,376368000.0,799369000.0,-4650000.0,955061000.0,1331429000.0,35996000.0,25613000.0,10099000.0,18015000.0,,,,,,,404489000.0,32865000.0,170657000.0,,,,15010000.0,,,68867000.0,,,-145112000.0,333797000.0,45046000.0
2021-03-31,195464000.0,,,,,91990000.0,103474000.0,-1673000.0,101801000.0,21344000.0,80457000.0,2.15,2.11,37470000.0,38155000.0,390915000.0,,,,,,,,,88655000.0,147388000.0,90945000.0,,1545869000.0,,,,,,,,,557636000.0,854747000.0,-6582000.0,988233000.0,1545869000.0,11779000.0,7424000.0,591000.0,7880000.0,,,,,,,-23159000.0,,,,,,4257000.0,,,-12332000.0,,,-18850000.0,-55368000.0,
2021-06-30,371798000.0,,,,,181147000.0,190651000.0,-2797000.0,187854000.0,40109000.0,147745000.0,3.94,3.87,37508000.0,38129000.0,413612000.0,,,,,,,,,93108000.0,154789000.0,119989000.0,,1537923000.0,,,,,,,,,516063000.0,896977000.0,-5444000.0,1021860000.0,1537923000.0,24876000.0,13558000.0,1600000.0,7434000.0,,,,,,,73567000.0,,,,,,9809000.0,,,-43346000.0,,,-92765000.0,-62807000.0,36798000.0
2021-09-30,533891000.0,,,,,269237000.0,264654000.0,-2306000.0,262348000.0,56645000.0,205703000.0,5.49,5.4,37529000.0,38114000.0,432715000.0,,,,,,,,,95575000.0,154789000.0,119797000.0,,1611918000.0,,,,,,,,,556619000.0,929853000.0,-10593000.0,1055299000.0,1611918000.0,38840000.0,20312000.0,,-11820000.0,,,,,,,136380000.0,0.0,0.0,,,,14567000.0,,,-56295000.0,,,-119614000.0,-44249000.0,48669000.0
2021-12-31,698951000.0,,,,,361716000.0,337235000.0,-3312000.0,333923000.0,76035000.0,257888000.0,6.88,6.77,37508000.0,38097000.0,506735000.0,,,,24375000.0,,,,,96061000.0,154789000.0,116377000.0,,1530452000.0,,,,,,,,,489143000.0,956966000.0,-13330000.0,1041309000.0,1530452000.0,53447000.0,27314000.0,3118000.0,-15598000.0,,,,,,,282091000.0,0.0,0.0,,,,17493000.0,,0.0,-67694000.0,,,-189775000.0,17517000.0,70003000.0
2022-03-31,186057000.0,,,,,97953000.0,88104000.0,2315000.0,90419000.0,25650000.0,64769000.0,1.73,1.71,37384000.0,37824000.0,364567000.0,,,,,,,,,95302000.0,154789000.0,111620000.0,,1707485000.0,,,,,,,,,683944000.0,995192000.0,-18381000.0,1023541000.0,1707485000.0,15174000.0,8099000.0,,11699000.0,,,,,,,-23730000.0,,,,,,1396000.0,,,-10821000.0,,,-86467000.0,-125374000.0,8487000.0
2022-06-30,368286000.0,,,,,195394000.0,172892000.0,7105000.0,179997000.0,48306000.0,131691000.0,3.52,3.49,37529000.0,37716000.0,290544000.0,,,,,,,,,93255000.0,154789000.0,105607000.0,,1567710000.0,,,,,,,,,566908000.0,1035723000.0,-39839000.0,1000802000.0,1567710000.0,30414000.0,14602000.0,,23728000.0,,,,,,,69907000.0,,,,,,2681000.0,,,-55642000.0,,,-187048000.0,-196677000.0,47991000.0
2022-09-30,540398000.0,,,,,291195000.0,249203000.0,9657000.0,258860000.0,67862000.0,190998000.0,5.1,5.07,37479000.0,37666000.0,318699000.0,,,,,,,,,93512000.0,154789000.0,99887000.0,,1559747000.0,,,,,,,,,541007000.0,1068662000.0,-60087000.0,1018740000.0,1559747000.0,45716000.0,21953000.0,,24011000.0,,,,,,,155005000.0,,,,,,6642000.0,,,-68151000.0,,,-215480000.0,-156737000.0,69085000.0
2022-12-31,718300000.0,,,,,391424000.0,326876000.0,11412000.0,338288000.0,88064000.0,250224000.0,6.68,6.65,37468000.0,37643000.0,430746000.0,,,,25492000.0,,,,,100256000.0,154789000.0,98065000.0,,1607775000.0,,,,,,,,,526682000.0,1101525000.0,-37697000.0,1081093000.0,1607775000.0,61446000.0,29864000.0,-6547000.0,15136000.0,,,,,,,289231000.0,-0.0,0.0,,,,13142000.0,,,-86272000.0,,,-242378000.0,-52903000.0,88677000.0
2023-03-31,203169000.0,,,,,107813000.0,95356000.0,2839000.0,98195000.0,24567000.0,73628000.0,1.96,1.96,37478000.0,37645000.0,332780000.0,,,,,,,,,99133000.0,154789000.0,94411000.0,,1628462000.0,,,,,,,,,506930000.0,1148093000.0,-31983000.0,1121532000.0,1628462000.0,16461000.0,7488000.0,,21935000.0,,,,,,,7527000.0,22895000.0,1048000.0,,,,217000.0,,,-32754000.0,,,-48142000.0,-70024000.0,11660000.0
2023-06-30,383015000.0,,,,,211932000.0,171083000.0,6062000.0,177145000.0,43658000.0,133487000.0,3.56,3.55,37485000.0,37617000.0,396487000.0,,,,,,,,,99022000.0,154789000.0,89812000.0,,1619191000.0,,,,,,,,,454099000.0,1180820000.0,-27903000.0,1165092000.0,1619191000.0,33466000.0,14378000.0,,13078000.0,,,,,,,112921000.0,26751000.0,1971000.0,,,,1272000.0,,,-47767000.0,,,-87670000.0,-15335000.0,63801000.0
2023-09-30,555299000.0,,,,,317307000.0,237992000.0,10896000.0,248888000.0,60460000.0,188428000.0,5.03,5.01,37491000.0,37603000.0,420497000.0,,,,,,,,,101654000.0,154789000.0,84687000.0,,1737512000.0,,,,,,,,,546534000.0,1208607000.0,-37608000.0,1190978000.0,1737512000.0,51027000.0,21859000.0,,11650000.0,,,,,,,192082000.0,27871000.0,3311000.0,,,,7255000.0,,,-63617000.0,,,-110782000.0,16232000.0,83142000.0
2023-12-31,752547000.0,,,,,437528000.0,315019000.0,17681000.0,332700000.0,74645000.0,258055000.0,6.87,6.85,37546000.0,37654000.0,451280000.0,,,,25180000.0,,,,,102671000.0,236706000.0,119108000.0,,2015067000.0,,,,,,,,,722104000.0,1244216000.0,-24370000.0,1292963000.0,2015067000.0,70557000.0,29190000.0,-5815000.0,7116000.0,,,,,,,333767000.0,28818000.0,4452000.0,,,,9326000.0,,,-155290000.0,,,-147057000.0,39008000.0,94814000.0
2024-03-31,210318000.0,,,,,117818000.0,92500000.0,4217000.0,96717000.0,24102000.0,72615000.0,1.92,1.92,37740000.0,37790000.0,376679000.0,,,,,,,,,107239000.0,236706000.0,113576000.0,,1926963000.0,,,,,,,,,608730000.0,1288247000.0,-28651000.0,1318233000.0,1926963000.0,18200000.0,7103000.0,,10491000.0,,,,,,,-4949000.0,4972000.0,4302000.0,,,,1197000.0,,,-15830000.0,,,-52543000.0,-76508000.0,37187000.0
2024-06-30,407978000.0,,,,,234139000.0,173839000.0,9215000.0,183054000.0,45501000.0,137553000.0,3.65,3.64,37698000.0,37740000.0,434063000.0,,,,,,,,,108802000.0,236706000.0,108420000.0,,1886713000.0,,,,,,,,,557492000.0,1325139000.0,-29227000.0,1329221000.0,1886713000.0,36556000.0,15084000.0,,2882000.0,,,,,,,113900000.0,7866000.0,7464000.0,,,,8892000.0,,,-33753000.0,,,-114015000.0,-37542000.0,47207000.0
2024-09-30,614693000.0,,,,,353799000.0,260894000.0,15057000.0,275951000.0,66909000.0,209042000.0,5.55,5.55,37641000.0,37696000.0,446347000.0,,,,,,,,,109482000.0,236706000.0,104331000.0,,1833049000.0,,,,,,,,,446795000.0,1368661000.0,-10144000.0,1386254000.0,1833049000.0,55284000.0,23065000.0,,11677000.0,,,,,,,208989000.0,38746000.0,8995000.0,,,,9727000.0,,,-75268000.0,,,-156470000.0,-11667000.0,76044000.0
,,,,,,,,,,,,,,,,,,,,,,,,,,,,,,,,,,,,,,,,,,,,,,,,,,,,,,,,,,,,,,,,,,,
,,,,,,,,,,,,,,,,,,,,,,,,,,,,,,,,,,,,,,,,,,,,,,,,,,,,,,,,,,,,,,,,,,,
,,,,,,,,,,,,,,,,,,,,,,,,,,,,,,,,,,,,,,,,,,,,,,,,,,,,,,,,,,,,,,,,,,,
,,,,,,,,,,,,,,,,,,,,,,,,,,,,,,,,,,,,,,,,,,,,,,,,,,,,,,,,,,,,,,,,,,,
,,,,,,,,,,,,,,,,,,,,,,,,,,,,,,,,,,,,,,,,,,,,,,,,,,,,,,,,,,,,,,,,,,,
,,,,,,,,,,,,,,,,,,,,,,,,,,,,,,,,,,,,,,,,,,,,,,,,,,,,,,,,,,,,,,,,,,,
