Date,Net sales,Cost of sales,Gross margin,Research and development,"Selling, general and administrative",Total operating expenses,Operating income,"Other income/(expense), net",Income before provision for income taxes,Provision for income taxes,Net income,Earnings per share basic,Earnings per share diluted,Weighted-average basic,Weighted-average diluted,Cash and cash equivalents,Short-term marketable securities,"Accounts receivable, net",Inventories,Deferred tax assets,Vendor non-trade receivables,Other current assets,Total current assets,Long-term marketable securities,"Property, Plant and Equipment, Net",Goodwill,"Acquired intangible assets, net","Other Assets, Noncurrent",Total assets,accounts payable,Accrued expenses,Deferred revenue,Total current liabilities,Deferred revenue - non-current,deferred tax liabilities,long term taxes payable,Total other non-current liabilities,Total liabilities,Retained Earnings (Accumulated Deficit),Accumulated other comprehensive (loss)/income,Total shareholders equity,Total liabilities and shareholders' equity,"Depreciation, amortization and accretion",Stock-based compensation expense,Deferred income tax expense,"Increase (Decrease) in Accounts receivable, net",Increase (Decrease) in Inventories,Increase (Decrease) in Other Receivables,Increase (Decrease) in Other Operating Assets,Increase (Decrease) in Accounts Payable,Increase (Decrease) in Deferred Revenue,Increase (Decrease) Other liabilities,Cash generated by operating activities,Purchases of marketable securities,Proceeds from maturities of marketable securities,Proceeds from sales of marketable securities,Purchases of other long-term investments,"Business acquisitions, net of cash acquired",Cash payments for capital asset purchases,Payments for acquisition of intangible assets,Payments for (Proceeds from) Other Investing Activities,Cash used in investing activities,Proceeds from issuance of common stock,Excess tax benefits from stock-based compensation,Cash generated/used in financing activities,Increase/(decrease) in cash and cash equivalents,"Cash paid for income taxes, net"
2010-06-30,845574000.0,708263000.0,137311000.0,36000.0,67130000.0,,90648000.0,,72494000.0,17534000.0,54399000.0,1.18,1.18,45463000.0,45657000.0,32095000.0,,257761000.0,319842000.0,72750000.0,,26018000.0,708466000.0,,1694417000.0,624224000.0,18284000.0,51001000.0,3096392000.0,80238000.0,,,414626000.0,,196896000.0,,97348000.0,1679595000.0,1052159000.0,-69488000.0,1375644000.0,3096392000.0,90500000.0,8443000.0,4797000.0,94946000.0,-12865000.0,,,,,,86275000.0,,,,,28067000.0,68554000.0,,,-92794000.0,2623000.0,1491000.0,-224977000.0,-231496000.0,-8021000.0
2010-09-30,1354876000.0,1103770000.0,251106000.0,150000.0,98365000.0,,161622000.0,,109893000.0,26539000.0,82209000.0,1.79,1.78,45526000.0,45678000.0,60499000.0,,249613000.0,323820000.0,71593000.0,,26591000.0,732116000.0,,1693206000.0,624224000.0,17563000.0,48674000.0,3115783000.0,76993000.0,,,426835000.0,,216844000.0,,84596000.0,1658555000.0,1085750000.0,-67249000.0,1414808000.0,3115783000.0,135946000.0,11684000.0,17131000.0,86798000.0,-8888000.0,,,,,,202611000.0,,,,,28107000.0,110024000.0,,,-133607000.0,2772000.0,1643000.0,-272096000.0,-203092000.0,3732000.0
2010-12-31,1782857000.0,1460906000.0,321951000.0,153000.0,133230000.0,,196354000.0,,127696000.0,29217000.0,97012000.0,2.11,2.1,45485000.0,45659000.0,70323000.0,,183361000.0,331894000.0,83380000.0,,27253000.0,696211000.0,,1687830000.0,626527000.0,17548000.0,46627000.0,3074743000.0,60333000.0,,,385493000.0,,228698000.0,,82577000.0,1606484000.0,1082160000.0,-53660000.0,1425440000.0,3074743000.0,181537000.0,14675000.0,1708000.0,20546000.0,-1241000.0,,,,,,269808000.0,,,,,43299000.0,135916000.0,,,-174182000.0,3047000.0,1291000.0,-288894000.0,-193268000.0,19661000.0
2011-03-31,356512000.0,335403000.0,21109000.0,2000.0,29235000.0,,-6143000.0,,-24047000.0,-6384000.0,-17414000.0,-0.39,-0.39,45584000.0,45584000.0,176829000.0,,203242000.0,331679000.0,88805000.0,,39806000.0,840361000.0,,1676321000.0,626527000.0,17166000.0,48231000.0,3208606000.0,74914000.0,,,158762000.0,,240586000.0,,83402000.0,1773860000.0,1046346000.0,-54564000.0,1393209000.0,3208606000.0,43294000.0,2777000.0,3350000.0,19320000.0,-216000.0,,,,,,21326000.0,,,,,55000.0,30674000.0,,,-28541000.0,303000.0,268000.0,113721000.0,106506000.0,385000.0
2011-06-30,849464000.0,731902000.0,117562000.0,2000.0,60899000.0,,62995000.0,,48934000.0,13084000.0,35799000.0,0.78,0.78,45628000.0,45794000.0,26099000.0,,269390000.0,336365000.0,91041000.0,,22673000.0,745568000.0,,1697778000.0,638759000.0,18622000.0,48192000.0,3148919000.0,85415000.0,,,262898000.0,,248330000.0,,86986000.0,1698320000.0,1063732000.0,-49319000.0,1412444000.0,3148919000.0,86453000.0,6351000.0,9236000.0,87587000.0,3068000.0,,-106000.0,,,-3402000.0,56676000.0,,,,,49885000.0,58728000.0,,,-103425000.0,1160000.0,,2525000.0,-44224000.0,11543000.0
2011-09-30,1384215000.0,1155157000.0,229058000.0,2000.0,94386000.0,,135883000.0,,88379000.0,20080000.0,67541000.0,1.47,1.46,45690000.0,45799000.0,56840000.0,,259773000.0,337730000.0,92959000.0,,20114000.0,767416000.0,,1686641000.0,639039000.0,18211000.0,47251000.0,3158558000.0,86322000.0,,,197746000.0,,249572000.0,,84567000.0,1673007000.0,1094469000.0,-49560000.0,1446220000.0,3158558000.0,129673000.0,9317000.0,6358000.0,77971000.0,4431000.0,,-2325000.0,,,10450000.0,179870000.0,,,,,49930000.0,93518000.0,,,-137270000.0,1465000.0,,-56083000.0,-13483000.0,-7831000.0
2011-12-31,1713823000.0,1411808000.0,302015000.0,,124138000.0,,161022000.0,,100602000.0,20986000.0,82379000.0,1.79,1.78,45652000.0,45793000.0,26022000.0,,203748000.0,322607000.0,114680000.0,,24799000.0,657850000.0,,1774291000.0,616671000.0,54133000.0,44877000.0,3147822000.0,92210000.0,,,173712000.0,,222064000.0,,92179000.0,1698958000.0,1090891000.0,-83890000.0,1409321000.0,3147822000.0,173407000.0,11522000.0,11324000.0,19375000.0,5107000.0,,-2439000.0,,,-3092000.0,259094000.0,,,,,91569000.0,155363000.0,,,-238924000.0,1473000.0,,-64471000.0,-44301000.0,13889000.0
2012-03-31,393979000.0,370150000.0,23829000.0,,33029000.0,,-35324000.0,,-46956000.0,-9875000.0,-36732000.0,-0.81,,45734000.0,45734000.0,44950000.0,,212052000.0,333487000.0,79002000.0,,32453000.0,701944000.0,,1768928000.0,616729000.0,53224000.0,41292000.0,3182117000.0,100082000.0,,,185371000.0,,225554000.0,,89656000.0,1783835000.0,1035739000.0,-81991000.0,1359677000.0,3182117000.0,44398000.0,1878000.0,-722000.0,8304000.0,10881000.0,,2797000.0,,,10470000.0,-4319000.0,,,,,54000.0,37518000.0,,,-35388000.0,618000.0,288000.0,58635000.0,18928000.0,-4634000.0
2012-06-30,939695000.0,813777000.0,125918000.0,,68303000.0,,59263000.0,,46049000.0,8557000.0,36751000.0,0.8,0.8,45781000.0,45905000.0,41393000.0,,275416000.0,331984000.0,75000000.0,,26312000.0,760331000.0,,1753778000.0,618874000.0,52213000.0,41337000.0,3226533000.0,113308000.0,,,199066000.0,,229972000.0,,90375000.0,1809729000.0,1054048000.0,-80640000.0,1377939000.0,3226533000.0,88735000.0,4577000.0,6777000.0,71668000.0,9378000.0,,9482000.0,,,2127000.0,27669000.0,,,,,87000.0,66251000.0,,,-62391000.0,836000.0,,50093000.0,15371000.0,4309000.0
2012-09-30,1533596000.0,1284094000.0,249502000.0,,100398000.0,,115034000.0,,77251000.0,13464000.0,62940000.0,1.37,1.36,45860000.0,45992000.0,35421000.0,,296947000.0,335092000.0,79758000.0,,30281000.0,785107000.0,,1750941000.0,615986000.0,51330000.0,39840000.0,3243204000.0,99628000.0,,,217109000.0,,243759000.0,,84437000.0,1773183000.0,1098529000.0,-77480000.0,1430405000.0,3243204000.0,132985000.0,5947000.0,11577000.0,93198000.0,12486000.0,,9694000.0,,,14956000.0,122044000.0,,,,,132000.0,105941000.0,,,-98202000.0,3508000.0,,-14443000.0,9399000.0,3170000.0
2012-12-31,2037667000.0,1711751000.0,325916000.0,,138398000.0,,154953000.0,,102913000.0,16950000.0,84474000.0,1.83,1.83,45828000.0,45970000.0,25394000.0,,224050000.0,332311000.0,109395000.0,,40930000.0,700401000.0,,1753241000.0,616204000.0,50433000.0,40647000.0,3160926000.0,83537000.0,,,173335000.0,,225592000.0,,86395000.0,1710627000.0,1101598000.0,-106169000.0,1410545000.0,3160926000.0,177211000.0,7781000.0,13929000.0,20302000.0,9640000.0,,-2354000.0,,,3836000.0,222689000.0,,,,,160000.0,151023000.0,,,-143210000.0,6959000.0,777000.0,-80107000.0,-628000.0,12826000.0
2013-03-31,385000000.0,372413000.0,12587000.0,,37649000.0,,-23557000.0,,-37676000.0,-8447000.0,-27839000.0,-0.61,-0.61,46028000.0,46028000.0,37260000.0,,202150000.0,347641000.0,79485000.0,,49197000.0,715733000.0,,1732087000.0,616350000.0,49548000.0,41057000.0,3154775000.0,77080000.0,,,168690000.0,,230109000.0,,88782000.0,1744718000.0,1055256000.0,-104948000.0,1371791000.0,3154775000.0,43043000.0,1245000.0,3393000.0,-20273000.0,14606000.0,,549000.0,,,15047000.0,18575000.0,,,,,2629000.0,21880000.0,,,-22929000.0,3494000.0,629000.0,16220000.0,11866000.0,7055000.0
2013-06-30,947681000.0,828318000.0,119363000.0,,75492000.0,,69414000.0,,56339000.0,15026000.0,41308000.0,0.89,0.89,46129000.0,46260000.0,43712000.0,,287521000.0,348873000.0,79104000.0,,47275000.0,806485000.0,,1717386000.0,616303000.0,48668000.0,42277000.0,3231119000.0,99960000.0,,,192533000.0,,235505000.0,,90415000.0,1790452000.0,1077998000.0,-106257000.0,1402138000.0,3231119000.0,85992000.0,3981000.0,9282000.0,65165000.0,15838000.0,,-4463000.0,,,10171000.0,48472000.0,,,,,3246000.0,50002000.0,,,-51374000.0,11212000.0,2253000.0,21220000.0,18318000.0,6103000.0
2013-09-30,1610555000.0,1347630000.0,262925000.0,,112632000.0,,155157000.0,,114345000.0,29615000.0,85304000.0,1.84,1.84,46244000.0,46349000.0,57241000.0,,331030000.0,350438000.0,77005000.0,,29955000.0,845669000.0,,1782618000.0,616634000.0,49035000.0,43149000.0,3337105000.0,111266000.0,,,226432000.0,,243858000.0,,89045000.0,1838222000.0,1131276000.0,-102710000.0,1460149000.0,3337105000.0,130097000.0,5408000.0,19194000.0,108134000.0,14771000.0,,-42000.0,,,13228000.0,165645000.0,,,,,64432000.0,102342000.0,,,-166968000.0,11571000.0,1990000.0,33170000.0,31847000.0,1432000.0
2013-12-31,2155551000.0,1791594000.0,363957000.0,,150091000.0,,217988000.0,,164226000.0,44045000.0,121337000.0,2.62,2.61,46164000.0,46285000.0,42437000.0,,245421000.0,347307000.0,102189000.0,,45380000.0,755366000.0,,1799241000.0,616621000.0,48591000.0,40007000.0,3259826000.0,103600000.0,,,210549000.0,,279999000.0,,97352000.0,1684907000.0,1148738000.0,-44114000.0,1537877000.0,3259826000.0,173761000.0,7008000.0,24113000.0,22523000.0,11639000.0,,1186000.0,,,7373000.0,308951000.0,,,,,64478000.0,15839000.0,,,-214549000.0,11691000.0,2368000.0,-77359000.0,17043000.0,23491000.0
2014-03-31,428629000.0,402794000.0,25835000.0,,34247000.0,,-15898000.0,,-31562000.0,-8424000.0,-21618000.0,-0.47,-0.47,,,35801000.0,,242587000.0,354718000.0,73320000.0,,51788000.0,758214000.0,,1793536000.0,616621000.0,47743000.0,39143000.0,3255257000.0,98775000.0,,,193758000.0,,272346000.0,,108862000.0,1710964000.0,1108516000.0,-42744000.0,1508785000.0,3255257000.0,42466000.0,1409000.0,-5063000.0,-2834000.0,7411000.0,,783000.0,,,9311000.0,6612000.0,,,,,50000.0,36913000.0,,,-35562000.0,6488000.0,636000.0,22314000.0,-6636000.0,53000.0
2014-06-30,1097855000.0,936417000.0,161438000.0,,70813000.0,,96241000.0,,83586000.0,23906000.0,59521000.0,1.28,1.27,46395000.0,46529000.0,34329000.0,,343784000.0,348168000.0,72413000.0,,78007000.0,876701000.0,,1775374000.0,616621000.0,46896000.0,40451000.0,3356043000.0,139442000.0,,,244725000.0,,275279000.0,,113981000.0,1789044000.0,1149388000.0,-42141000.0,1564699000.0,3356043000.0,86147000.0,4370000.0,-6433000.0,98911000.0,4269000.0,,6139000.0,,,-389000.0,70363000.0,,,,,117000.0,84737000.0,,,-82171000.0,9542000.0,1922000.0,3700000.0,-8108000.0,3511000.0
2014-09-30,2101578000.0,1744548000.0,357030000.0,,119239000.0,,196300000.0,,150016000.0,59571000.0,91646000.0,1.71,1.7,67086000.0,67495000.0,73597000.0,,523928000.0,475293000.0,90136000.0,,49844000.0,1212798000.0,,3377951000.0,2043320000.0,97488000.0,41801000.0,7338858000.0,230206000.0,,,436998000.0,,633951000.0,,144275000.0,2963245000.0,1176121000.0,-43281000.0,4373220000.0,7338858000.0,154079000.0,6381000.0,44970000.0,120139000.0,-1283000.0,,-3998000.0,,,-742000.0,201628000.0,,,,,174000.0,138570000.0,,,35151000.0,38195000.0,2354000.0,-205619000.0,31160000.0,6011000.0
2014-12-31,2957951000.0,2435591000.0,522360000.0,,169245000.0,,314873000.0,,249178000.0,94847000.0,155601000.0,2.73,2.71,56854000.0,57088000.0,108651000.0,,421001000.0,484919000.0,244638000.0,,29607000.0,1288816000.0,,3402770000.0,2068799000.0,,108802000.0,7464392000.0,202476000.0,77768000.0,,396648000.0,,734583000.0,,160021000.0,3111644000.0,1213035000.0,-106159000.0,4351166000.0,7464392000.0,222746000.0,8993000.0,50292000.0,16650000.0,12020000.0,,-8066000.0,,,-10681000.0,381658000.0,,,,,189000.0,34135000.0,,,-49325000.0,39714000.0,2508000.0,-266119000.0,66214000.0,15955000.0
2015-03-31,691347000.0,617086000.0,74261000.0,,49450000.0,,25571000.0,,5347000.0,-812000.0,6126000.0,0.07,0.07,67411000.0,67676000.0,56366000.0,,381389000.0,505047000.0,235367000.0,,103560000.0,1281729000.0,,3365106000.0,2071471000.0,,107386000.0,7417646000.0,184066000.0,33653000.0,,343555000.0,,753727000.0,,158641000.0,3075463000.0,1190807000.0,-106723000.0,4340566000.0,7417646000.0,67268000.0,2907000.0,27774000.0,-40006000.0,19071000.0,,4083000.0,,,-10827000.0,35125000.0,,,,,10589000.0,56085000.0,,,-63391000.0,9942000.0,109000.0,-24019000.0,-52285000.0,18678000.0
2015-06-30,1612765000.0,1338351000.0,274414000.0,,106233000.0,,162555000.0,,126255000.0,38929000.0,88065000.0,1.3,1.3,67392000.0,67654000.0,44169000.0,,497468000.0,479856000.0,234594000.0,,82667000.0,1765249000.0,,3049523000.0,2065882000.0,,104056000.0,7499654000.0,201235000.0,37667000.0,,363834000.0,,756526000.0,,154365000.0,3189221000.0,1146821000.0,-112814000.0,4308773000.0,7499654000.0,134958000.0,7524000.0,33906000.0,76061000.0,27661000.0,,5501000.0,,,-4878000.0,127069000.0,,,,,10713000.0,127990000.0,,,-134923000.0,27760000.0,55000.0,-56628000.0,-64482000.0,24334000.0
2015-09-30,2695014000.0,2158096000.0,536918000.0,,161120000.0,,342052000.0,,291315000.0,85600000.0,205607000.0,3.05,3.03,67203000.0,67470000.0,436429000.0,,577424000.0,464525000.0,125633000.0,,37960000.0,1641971000.0,,3073534000.0,2065644000.0,,145888000.0,7438448000.0,226837000.0,69208000.0,,575392000.0,,665712000.0,,158106000.0,3185868000.0,1079764000.0,-112742000.0,4250882000.0,7438448000.0,199935000.0,10722000.0,43286000.0,155054000.0,17650000.0,,4579000.0,,,4770000.0,319579000.0,,,,,10748000.0,212447000.0,,,200551000.0,33892000.0,,-192352000.0,327778000.0,30896000.0
2015-12-31,3539570000.0,2817803000.0,721767000.0,,218234000.0,,479416000.0,,413801000.0,124863000.0,288792000.0,4.31,4.29,66770000.0,67020000.0,168409000.0,,410921000.0,469141000.0,293501000.0,,33697000.0,1082168000.0,,3156000000.0,2068235000.0,,144777000.0,6961732000.0,164718000.0,71104000.0,,367191000.0,,583459000.0,,172718000.0,2901555000.0,874436000.0,-105622000.0,4057284000.0,6961732000.0,263587000.0,13589000.0,85225000.0,-12309000.0,21525000.0,,3631000.0,,,-3014000.0,573151000.0,,,,,43215000.0,116681000.0,,,88546000.0,37078000.0,,-601939000.0,59758000.0,46774000.0
2016-03-31,788734000.0,644100000.0,144634000.0,,59861000.0,,83769000.0,,64765000.0,19710000.0,44994000.0,0.7,0.69,64158000.0,64350000.0,27242000.0,,448048000.0,485367000.0,,,37658000.0,998315000.0,,3262981000.0,2135295000.0,,142281000.0,7058287000.0,174398000.0,38577000.0,,492131000.0,,620569000.0,,197700000.0,3112651000.0,743593000.0,-103833000.0,3942651000.0,7058287000.0,68410000.0,7228000.0,17988000.0,29695000.0,13495000.0,,2089000.0,,,-6282000.0,67008000.0,,,,,123000000.0,94228000.0,,,-210367000.0,4166000.0,1278000.0,2192000.0,-141167000.0,10721000.0
2016-06-30,1766032000.0,1374697000.0,391335000.0,,121370000.0,,271512000.0,,240314000.0,73145000.0,167047000.0,2.61,2.6,63845000.0,64091000.0,28596000.0,,534459000.0,504877000.0,,,53997000.0,1121929000.0,,3322205000.0,2136783000.0,,145712000.0,7233305000.0,197733000.0,45491000.0,,601604000.0,,639776000.0,,197801000.0,3216805000.0,800028000.0,-106068000.0,4013452000.0,7233305000.0,139617000.0,12801000.0,34389000.0,117524000.0,33131000.0,,9691000.0,,,-8002000.0,203371000.0,,,,,123000000.0,210559000.0,,,-325639000.0,15049000.0,3948000.0,-17545000.0,-139813000.0,47159000.0
2016-09-30,2869934000.0,2186031000.0,683903000.0,,177718000.0,,511867000.0,,470661000.0,144014000.0,326526000.0,5.1,5.08,63713000.0,63967000.0,60684000.0,,566425000.0,508199000.0,,,56217000.0,1191525000.0,,3379613000.0,2160605000.0,,126408000.0,7373201000.0,192738000.0,50143000.0,,604909000.0,,676144000.0,,196788000.0,3214803000.0,932679000.0,-104511000.0,4155332000.0,7373201000.0,211997000.0,17167000.0,59834000.0,133848000.0,33956000.0,,3997000.0,,,-4072000.0,414068000.0,,,,,178689000.0,285481000.0,,,-454708000.0,17378000.0,5010000.0,-67085000.0,-107725000.0,81589000.0
2016-12-31,3818749000.0,2909783000.0,908966000.0,,248005000.0,,667321000.0,,607028000.0,181584000.0,425386000.0,6.66,6.63,63610000.0,63861000.0,50038000.0,,,521624000.0,258708000.0,,56813000.0,1086385000.0,,3423395000.0,2159337000.0,,120476000.0,7300905000.0,178598000.0,71140000.0,,546588000.0,,663019000.0,,194469000.0,3158315000.0,935574000.0,-130687000.0,4139978000.0,7300905000.0,285253000.0,20481000.0,67050000.0,25072000.0,47381000.0,,-9171000.0,,,-6053000.0,678654000.0,,,,,178768000.0,62927000.0,,,-555313000.0,21321000.0,6792000.0,-241712000.0,-118371000.0,124342000.0
2017-03-31,843859000.0,696792000.0,147067000.0,,69535000.0,,77150000.0,,56835000.0,14528000.0,42334000.0,0.67,0.67,63024000.0,63319000.0,55418000.0,,,537000000.0,,,51609000.0,1123242000.0,,3467645000.0,2159398000.0,,135777000.0,7393791000.0,188399000.0,49031000.0,,631558000.0,,667160000.0,,210305000.0,3317837000.0,851354000.0,-128425000.0,4073368000.0,7393791000.0,70376000.0,10275000.0,2827000.0,21305000.0,15375000.0,,22914000.0,,,21385000.0,74046000.0,,,,,,102095000.0,,,-101556000.0,3917000.0,,32890000.0,5380000.0,6240000.0
2017-06-30,1907383000.0,1486223000.0,421160000.0,,137908000.0,,290002000.0,,251062000.0,66514000.0,184613000.0,2.92,2.91,62961000.0,63246000.0,36722000.0,,,549865000.0,,,87092000.0,1244297000.0,,3505260000.0,2160060000.0,,103004000.0,7515860000.0,187227000.0,98305000.0,,534325000.0,,663414000.0,,221738000.0,3315329000.0,967058000.0,-125906000.0,4197771000.0,7515860000.0,146102000.0,17727000.0,2464000.0,112708000.0,28240000.0,,32332000.0,,,30740000.0,229599000.0,,,,,2200000.0,216089000.0,,,-186200000.0,,,-56715000.0,-13316000.0,33264000.0
2017-09-30,2995116000.0,2282278000.0,712838000.0,,195127000.0,,516967000.0,,455364000.0,119277000.0,336159000.0,5.33,5.3,62940000.0,63218000.0,35219000.0,,,576429000.0,,,83809000.0,1277989000.0,,3521577000.0,2160060000.0,,102573000.0,7566785000.0,163597000.0,75458000.0,,468503000.0,,662982000.0,,228604000.0,3232803000.0,1090778000.0,-122928000.0,4331221000.0,7566785000.0,221418000.0,23698000.0,6543000.0,124622000.0,54804000.0,,29342000.0,,,49244000.0,418398000.0,,,,,7200000.0,308745000.0,,,-284831000.0,,,-148386000.0,-14819000.0,96643000.0
2017-12-31,3965594000.0,2993654000.0,971940000.0,,262128000.0,,700381000.0,,618928000.0,-94457000.0,713342000.0,11.3,11.25,62932000.0,63217000.0,1446364000.0,,,600591000.0,176837000.0,,96965000.0,2631160000.0,,3592813000.0,2160290000.0,,101899000.0,8992511000.0,183638000.0,87804000.0,,694216000.0,,410723000.0,,233758000.0,4310034000.0,1440069000.0,-129104000.0,4679600000.0,8992511000.0,297162000.0,30460000.0,-239056000.0,29329000.0,78966000.0,,19424000.0,,,38105000.0,657878000.0,,,,,,83748000.0,,,-386479000.0,,,1124927000.0,1396326000.0,155771000.0
2018-03-31,802004000.0,691612000.0,110392000.0,,70121000.0,,39081000.0,,12497000.0,2457000.0,10023000.0,0.16,0.16,62957000.0,63222000.0,1422373000.0,,,606794000.0,,,106298000.0,2601930000.0,,3582494000.0,2160290000.0,,104560000.0,8948050000.0,162328000.0,60371000.0,,650979000.0,,413570000.0,,227068000.0,4268220000.0,1422207000.0,-127485000.0,4676630000.0,8948050000.0,76821000.0,9760000.0,2029000.0,-20951000.0,8873000.0,,9032000.0,,,11359000.0,105012000.0,,,,,,96259000.0,,,-93632000.0,,,-35371000.0,-23991000.0,-7527000.0
2018-06-30,2004407000.0,1578098000.0,426309000.0,,141191000.0,,303034000.0,,250601000.0,55058000.0,195400000.0,3.1,3.08,63021000.0,63285000.0,33779000.0,,,650917000.0,,,96887000.0,1457153000.0,,5113426000.0,2401505000.0,,109982000.0,9596752000.0,188761000.0,71056000.0,,709133000.0,,644469000.0,,238837000.0,4741282000.0,1579674000.0,-125883000.0,4843448000.0,9596752000.0,163545000.0,17098000.0,14986000.0,157603000.0,7133000.0,,18777000.0,,,-23732000.0,238033000.0,,,,,,188270000.0,,,-1775331000.0,,,124713000.0,-1412585000.0,-2244000.0
2018-09-30,3224047000.0,2484754000.0,739293000.0,,209632000.0,,543696000.0,,460043000.0,84147000.0,375621000.0,5.95,5.93,62970000.0,63224000.0,53961000.0,,644835000.0,651295000.0,,,104717000.0,1454808000.0,,5103395000.0,2399434000.0,,121558000.0,9588171000.0,191381000.0,45517000.0,,772686000.0,,692881000.0,,242165000.0,4645843000.0,1669126000.0,-121491000.0,4939394000.0,9588171000.0,253200000.0,23084000.0,68833000.0,132176000.0,8015000.0,,32572000.0,,,2769000.0,441538000.0,,,,,,262155000.0,,,-1838622000.0,,,4681000.0,-1392403000.0,
2018-12-31,4244265000.0,3277688000.0,966577000.0,,280554000.0,,690737000.0,,576081000.0,105705000.0,469998000.0,7.46,7.43,62895000.0,63147000.0,44892000.0,,523276000.0,663035000.0,164622000.0,,134613000.0,1365816000.0,,5157229000.0,2399118000.0,,127974000.0,9551419000.0,210808000.0,60981000.0,,786750000.0,,705564000.0,,244785000.0,4602007000.0,1693259000.0,-143579000.0,4946363000.0,9551419000.0,344033000.0,29253000.0,85063000.0,10617000.0,21984000.0,,34252000.0,,,-12972000.0,705148000.0,,,,,1642137000.0,79345000.0,,,-1948206000.0,,,-158414000.0,-1401472000.0,
2019-03-31,938955000.0,796048000.0,142907000.0,,78292000.0,,69221000.0,,37835000.0,-5000000.0,42853000.0,0.68,0.68,62584000.0,62777000.0,37357000.0,,550607000.0,646176000.0,,,135971000.0,1370111000.0,,5146682000.0,2397483000.0,,137703000.0,10048407000.0,184844000.0,39986000.0,,757637000.0,,695771000.0,,234098000.0,5072911000.0,1705717000.0,-140324000.0,4972474000.0,10048407000.0,89211000.0,13552000.0,4781000.0,26059000.0,-16416000.0,,,,,,117864000.0,,,,,,130056000.0,,600000.0,-127536000.0,,,2137000.0,-7535000.0,3905000.0
2019-06-30,2218423000.0,1718649000.0,499774000.0,,150674000.0,,355103000.0,,277195000.0,49890000.0,232328000.0,3.71,3.69,62574000.0,62749000.0,53595000.0,,710605000.0,646342000.0,,,122579000.0,1533121000.0,,5132682000.0,2394320000.0,,122350000.0,10163657000.0,199181000.0,79977000.0,,822216000.0,,699455000.0,,233700000.0,5066387000.0,1814974000.0,-137334000.0,5094853000.0,10163657000.0,181986000.0,22250000.0,-6393000.0,187076000.0,-15744000.0,,,,,,333731000.0,,,,,,207452000.0,,957000.0,-201885000.0,,,-123143000.0,8703000.0,8009000.0
2019-09-30,3638668000.0,2718250000.0,920418000.0,,228955000.0,,700365000.0,,591995000.0,111077000.0,480901000.0,7.67,7.65,62552000.0,62725000.0,49087000.0,,763878000.0,649716000.0,,,115717000.0,1578398000.0,,5132147000.0,2396955000.0,,139509000.0,10223485000.0,238559000.0,75600000.0,,688982000.0,,725096000.0,,235380000.0,4919047000.0,2021647000.0,-134765000.0,5301972000.0,10223485000.0,276974000.0,28414000.0,18352000.0,240602000.0,-13573000.0,,,,,,649798000.0,,,,,,282998000.0,,1214000.0,-276672000.0,,,-368931000.0,4195000.0,62151000.0
2019-12-31,4739100000.0,3560100000.0,1179000000.0,,302700000.0,,884900000.0,,748300000.0,136300000.0,611900000.0,9.77,9.74,62500000.0,62700000.0,21000000.0,,573700000.0,690800000.0,289200000.0,,141200000.0,1426700000.0,,5206000000.0,2396800000.0,,133400000.0,10131600000.0,229600000.0,96400000.0,,838500000.0,,733000000.0,,339300000.0,4778300000.0,2077200000.0,-145800000.0,5350800000.0,10131600000.0,371500000.0,34100000.0,29400000.0,50400000.0,27700000.0,,,,,,966100000.0,,,,,,106700000.0,,1400000.0,-385900000.0,,,-604100000.0,-23900000.0,101700000.0
2020-03-31,958200000.0,815800000.0,142400000.0,,78700000.0,,57800000.0,,26000000.0,100000.0,25900000.0,0.42,0.41,62300000.0,62500000.0,424000000.0,,562800000.0,700500000.0,,,145700000.0,1833000000.0,,5185400000.0,2397100000.0,,126700000.0,10503400000.0,202000000.0,102000000.0,,1075600000.0,,737000000.0,,338300000.0,5204000000.0,2018600000.0,-145400000.0,5296900000.0,10503400000.0,95000000.0,12500000.0,3200000.0,-10200000.0,9600000.0,,,,,,106700000.0,,,,,,104100000.0,,100000.0,-95500000.0,,,391800000.0,403000000.0,1400000.0
2020-06-30,2228900000.0,1706000000.0,522900000.0,,149900000.0,,364200000.0,5600000.0,305100000.0,61600000.0,243500000.0,3.91,3.9,62300000.0,62400000.0,70100000.0,,690400000.0,712900000.0,,,113700000.0,1587100000.0,,5160500000.0,2397500000.0,,132500000.0,10226600000.0,197200000.0,115100000.0,,595300000.0,,,,351300000.0,4733000000.0,2201700000.0,-142200000.0,5491100000.0,10226600000.0,193400000.0,19700000.0,6600000.0,117400000.0,21700000.0,,,,,,373200000.0,,,,,,175700000.0,,4500000.0,-170800000.0,,,-153300000.0,49100000.0,4700000.0
2020-09-30,3550300000.0,2622900000.0,927400000.0,,221000000.0,,764800000.0,,681000000.0,143000000.0,538000000.0,8.63,8.61,62300000.0,62400000.0,116600000.0,,686300000.0,714500000.0,,,58300000.0,1652800000.0,,5180500000.0,2414500000.0,,214100000.0,10435400000.0,210700000.0,126100000.0,,506200000.0,,,,362400000.0,4676500000.0,2460500000.0,-138600000.0,5756400000.0,10435400000.0,292200000.0,22400000.0,24800000.0,104500000.0,22600000.0,,,,,,684000000.0,,,,,,250800000.0,,5400000.0,-191700000.0,,,-319600000.0,172700000.0,68900000.0
2020-12-31,4729900000.0,3477100000.0,1252800000.0,,305900000.0,,1005400000.0,,889300000.0,168200000.0,721000000.0,11.56,11.54,62300000.0,62400000.0,207300000.0,,575100000.0,709000000.0,302500000.0,,79800000.0,1668300000.0,,5242300000.0,2414000000.0,,295200000.0,10580800000.0,207800000.0,116800000.0,,499300000.0,,,,370500000.0,4687500000.0,2607700000.0,-158400000.0,5890700000.0,10580800000.0,393500000.0,30000000.0,43800000.0,-6100000.0,19300000.0,,,,,,1050100000.0,,,,,65100000.0,77000000.0,,16000000.0,-409700000.0,,,-357000000.0,283400000.0,114900000.0
2021-03-31,982400000.0,807700000.0,174700000.0,,79800000.0,,99300000.0,,81400000.0,15900000.0,65300000.0,1.05,1.04,62300000.0,62500000.0,313900000.0,,563600000.0,690000000.0,,,67300000.0,1675700000.0,,5335400000.0,2414000000.0,,288900000.0,10659300000.0,200000000.0,93800000.0,,448800000.0,,,,480600000.0,4732600000.0,2637200000.0,-155600000.0,5923900000.0,10659300000.0,98600000.0,10900000.0,-4700000.0,-11500000.0,-19000000.0,,,,,,191900000.0,,,,,,110300000.0,,,-88300000.0,,,-53200000.0,50400000.0,
2021-06-30,2360300000.0,1800500000.0,559800000.0,,162200000.0,,406800000.0,,369400000.0,78100000.0,291100000.0,4.66,4.65,62400000.0,62500000.0,53100000.0,,722000000.0,729100000.0,,,94900000.0,1616300000.0,,5549000000.0,2599600000.0,,298900000.0,11223100000.0,243600000.0,99900000.0,,758000000.0,,,,531700000.0,5094900000.0,2827200000.0,-153000000.0,6125900000.0,11223100000.0,206500000.0,20800000.0,3400000.0,137800000.0,-36900000.0,,,,,,441200000.0,,,,,653200000.0,213000000.0,,,-823100000.0,,,147800000.0,-234100000.0,56900000.0
2021-09-30,3917600000.0,2915900000.0,1001700000.0,,248200000.0,,763700000.0,,687600000.0,141700000.0,545700000.0,8.74,8.72,62400000.0,62600000.0,2381400000.0,,801900000.0,717500000.0,,,98200000.0,4000700000.0,,5610500000.0,2610600000.0,,359400000.0,13786200000.0,249300000.0,113500000.0,,601200000.0,,,,542200000.0,7428000000.0,3043400000.0,-151400000.0,6355900000.0,13786200000.0,320000000.0,33000000.0,25700000.0,218000000.0,-65100000.0,,,,,,780300000.0,,,,,792900000.0,321300000.0,,,-1058900000.0,,,2357300000.0,2078700000.0,101100000.0
2021-12-31,5414000000.0,4065600000.0,1348400000.0,,351000000.0,,973800000.0,,855500000.0,153200000.0,702500000.0,11.26,11.22,62400000.0,62600000.0,258400000.0,,774000000.0,752600000.0,345300000.0,,137900000.0,2025600000.0,,6338000000.0,3494400000.0,,426400000.0,14393000000.0,356200000.0,142000000.0,,752600000.0,,,,673800000.0,7855400000.0,3161900000.0,-97600000.0,6535300000.0,14393000000.0,451700000.0,43000000.0,92200000.0,194400000.0,-73200000.0,,,,,,1137700000.0,,,,,3109200000.0,99000000.0,,,-3474600000.0,,,2291400000.0,-45500000.0,102900000.0
2022-03-31,1230800000.0,1074700000.0,156100000.0,,97100000.0,,59900000.0,,30200000.0,5800000.0,21400000.0,0.34,0.34,62400000.0,62600000.0,189600000.0,,759200000.0,782400000.0,,,135100000.0,1987500000.0,,6208900000.0,3392000000.0,,378800000.0,14241500000.0,383800000.0,134800000.0,,712900000.0,,,,679200000.0,7810400000.0,3094900000.0,-129200000.0,6428900000.0,14241500000.0,128200000.0,12000000.0,5200000.0,-14800000.0,28900000.0,,,,,,169900000.0,,,,,-18800000.0,139800000.0,,3000000.0,-123000000.0,,,-116200000.0,-69300000.0,800000.0
2022-06-30,2872500000.0,2291200000.0,581300000.0,,201200000.0,,538400000.0,,487700000.0,110200000.0,387900000.0,6.22,6.2,62400000.0,62600000.0,772100000.0,,1026600000.0,835200000.0,,,68900000.0,2760300000.0,,6164300000.0,3400500000.0,,383600000.0,14542800000.0,359700000.0,135100000.0,,761400000.0,,,,726800000.0,7770700000.0,3423100000.0,-128100000.0,6770000000.0,14542800000.0,256600000.0,24500000.0,-32700000.0,252600000.0,79500000.0,,,,,,286200000.0,,,,,-11000000.0,220700000.0,,3000000.0,433500000.0,,,-206500000.0,513200000.0,42900000.0
2022-09-30,4684200000.0,3615100000.0,1069100000.0,,296000000.0,,944400000.0,,858100000.0,189400000.0,683200000.0,10.96,10.92,62400000.0,62500000.0,135700000.0,,1011700000.0,823400000.0,,,92400000.0,2847300000.0,,6153800000.0,3640400000.0,,460100000.0,14729700000.0,333500000.0,151800000.0,,1419700000.0,,,,774100000.0,7791900000.0,3577000000.0,-125100000.0,6935700000.0,14729700000.0,380300000.0,34300000.0,-1000000.0,237900000.0,87000000.0,,,,,,560700000.0,,,,,-11000000.0,309100000.0,,3000000.0,-324400000.0,,,-359500000.0,-123200000.0,160000000.0
2022-12-31,6160700000.0,4737400000.0,1423300000.0,,396700000.0,,1206700000.0,,1091100000.0,234800000.0,866800000.0,13.91,13.87,62300000.0,62500000.0,358000000.0,,785900000.0,873700000.0,309000000.0,,80700000.0,2876900000.0,,6316700000.0,3649500000.0,,546700000.0,14993600000.0,385000000.0,135100000.0,,1445600000.0,,,,762300000.0,7820800000.0,3719400000.0,-38500000.0,7170500000.0,14993600000.0,506000000.0,42700000.0,-600000.0,12100000.0,131700000.0,,,,,,991200000.0,,,,,-11000000.0,89600000.0,,3000000.0,-483800000.0,,,-407500000.0,99900000.0,200600000.0
2023-03-31,1354100000.0,1051300000.0,302800000.0,,104300000.0,,196100000.0,,170000000.0,35500000.0,121400000.0,1.96,1.95,62100000.0,62200000.0,229400000.0,,796700000.0,948700000.0,,,75400000.0,2812700000.0,,6279500000.0,3649500000.0,,550900000.0,14890900000.0,302600000.0,137300000.0,,1328000000.0,,,,763900000.0,7713400000.0,3724600000.0,-37400000.0,7175000000.0,14890900000.0,123600000.0,13700000.0,6300000.0,13700000.0,82400000.0,,,,,,160500000.0,,,,,0.0,173900000.0,,3900000.0,-152400000.0,,,-137400000.0,-129300000.0,4100000.0
2023-06-30,3174900000.0,2311700000.0,863200000.0,,216000000.0,,659300000.0,,609900000.0,127500000.0,469700000.0,7.58,7.56,62000000.0,62200000.0,421500000.0,,979200000.0,954700000.0,,,89800000.0,3192300000.0,,6312800000.0,3649500000.0,,547800000.0,15246200000.0,346900000.0,144600000.0,,1442400000.0,,,,767000000.0,7822800000.0,3955400000.0,-35700000.0,7421100000.0,15246200000.0,253100000.0,27700000.0,700000.0,196200000.0,92200000.0,,,,,,518500000.0,,,,,0.0,293400000.0,,4200000.0,-197300000.0,,,-258500000.0,62700000.0,83000000.0
2023-09-30,5169000000.0,3629800000.0,1539200000.0,,324100000.0,,1225900000.0,,1150000000.0,237400000.0,886400000.0,14.31,14.27,61900000.0,62100000.0,647600000.0,,1047500000.0,993100000.0,,,83400000.0,2817400000.0,,6352700000.0,3649500000.0,,589200000.0,14917800000.0,342200000.0,145200000.0,,1141100000.0,,,,385200000.0,7113000000.0,4326000000.0,-35300000.0,7802500000.0,14917800000.0,384600000.0,39000000.0,-1900000.0,264400000.0,130300000.0,,,,,,972500000.0,,,,,0.0,464100000.0,,14700000.0,326300000.0,,,-1010000000.0,288800000.0,202700000.0
2023-12-31,6777200000.0,4754600000.0,2022600000.0,,442800000.0,,1596000000.0,,1492800000.0,292500000.0,1168900000.0,18.88,18.82,61900000.0,62100000.0,1271800000.0,,753300000.0,988600000.0,354800000.0,,87600000.0,3918900000.0,,6185900000.0,3389500000.0,,561300000.0,15124900000.0,343300000.0,159700000.0,,1170200000.0,,,,389100000.0,7089300000.0,4562600000.0,-49200000.0,8033200000.0,15124900000.0,513200000.0,50000000.0,-36100000.0,-31400000.0,188700000.0,,,,,,1528400000.0,,,,,0.0,111400000.0,,3900000.0,458700000.0,,,-1063600000.0,923500000.0,291500000.0
2024-03-31,1251000000.0,979000000.0,272000000.0,,118000000.0,,1421000000.0,,1414000000.0,368000000.0,1045000000.0,16.92,16.87,61800000.0,62000000.0,2648000000.0,,703000000.0,1077000000.0,,,70000000.0,4518000000.0,,6600000000.0,3479000000.0,,559000000.0,16240000000.0,266000000.0,140000000.0,,1429000000.0,,,,390000000.0,7363000000.0,5411000000.0,-49000000.0,8875000000.0,16240000000.0,130000000.0,15000000.0,-95000000.0,-55000000.0,85000000.0,,,,,,172000000.0,,,,,488000000.0,200000000.0,,0.0,1425000000.0,,,-229000000.0,1368000000.0,3000000.0
2024-06-30,3015000000.0,2225000000.0,790000000.0,,236000000.0,,1819000000.0,,1785000000.0,445000000.0,1339000000.0,21.72,21.66,61600000.0,61800000.0,109000000.0,,909000000.0,1105000000.0,,,96000000.0,2229000000.0,,8610000000.0,3842000000.0,29000000.0,561000000.0,16333000000.0,304000000.0,132000000.0,,1196000000.0,,,,502000000.0,7493000000.0,5356000000.0,-48000000.0,8838000000.0,16333000000.0,272000000.0,33000000.0,-90000000.0,151000000.0,63000000.0,,,,,,173000000.0,,,,,2538000000.0,339000000.0,,10000000.0,-766000000.0,,,-580000000.0,-1173000000.0,374000000.0
2024-09-30,4905000000.0,3517000000.0,1388000000.0,,341000000.0,,2308000000.0,,2243000000.0,541000000.0,1701000000.0,27.68,27.6,61500000.0,61600000.0,52000000.0,,916000000.0,1089000000.0,,,120000000.0,2319000000.0,,8714000000.0,3768000000.0,29000000.0,587000000.0,16469000000.0,315000000.0,134000000.0,,993000000.0,,,,484000000.0,7298000000.0,5670000000.0,-46000000.0,9169000000.0,16469000000.0,424000000.0,48000000.0,-79000000.0,153000000.0,48000000.0,,,,,,773000000.0,,,,,2538000000.0,622000000.0,,32000000.0,-1064000000.0,,,-939000000.0,-1230000000.0,385000000.0
,,,,,,,,,,,,,,,,,,,,,,,,,,,,,,,,,,,,,,,,,,,,,,,,,,,,,,,,,,,,,,,,,,,
,,,,,,,,,,,,,,,,,,,,,,,,,,,,,,,,,,,,,,,,,,,,,,,,,,,,,,,,,,,,,,,,,,,
