Date,Net sales,Cost of sales,Gross margin,Research and development,"Selling, general and administrative",Total operating expenses,Operating income,"Other income/(expense), net",Income before provision for income taxes,Provision for income taxes,Net income,Earnings per share basic,Earnings per share diluted,Weighted-average basic,Weighted-average diluted,Cash and cash equivalents,Short-term marketable securities,"Accounts receivable, net",Inventories,Deferred tax assets,Vendor non-trade receivables,Other current assets,Total current assets,Long-term marketable securities,"Property, Plant and Equipment, Net",Goodwill,"Acquired intangible assets, net","Other Assets, Noncurrent",Total assets,accounts payable,Accrued expenses,Deferred revenue,Total current liabilities,Deferred revenue - non-current,deferred tax liabilities,long term taxes payable,Total other non-current liabilities,Total liabilities,Retained Earnings (Accumulated Deficit),Accumulated other comprehensive (loss)/income,Total shareholders equity,Total liabilities and shareholders' equity,"Depreciation, amortization and accretion",Stock-based compensation expense,Deferred income tax expense,"Increase (Decrease) in Accounts receivable, net",Increase (Decrease) in Inventories,Increase (Decrease) in Other Receivables,Increase (Decrease) in Other Operating Assets,Increase (Decrease) in Accounts Payable,Increase (Decrease) in Deferred Revenue,Increase (Decrease) Other liabilities,Cash generated by operating activities,Purchases of marketable securities,Proceeds from maturities of marketable securities,Proceeds from sales of marketable securities,Purchases of other long-term investments,"Business acquisitions, net of cash acquired",Cash payments for capital asset purchases,Payments for acquisition of intangible assets,Payments for (Proceeds from) Other Investing Activities,Cash used in investing activities,Proceeds from issuance of common stock,Excess tax benefits from stock-based compensation,Cash generated/used in financing activities,Increase/(decrease) in cash and cash equivalents,"Cash paid for income taxes, net"
2009-12-31,23123000000.0,12109000000.0,,1293000000.0,4907000000.0,18309000000.0,4814000000.0,-182000000.0,4632000000.0,1388000000.0,3193000000.0,4.56,4.52,700500000.0,706700000.0,3040000000.0,744000000.0,3250000000.0,2639000000.0,,,1122000000.0,10795000000.0,825000000.0,7000000000.0,5832000000.0,1342000000.0,1275000000.0,27250000000.0,1453000000.0,1899000000.0,,4897000000.0,,,,1727000000.0,13948000000.0,23753000000.0,-3754000000.0,12764000000.0,27250000000.0,,217000000.0,701000000.0,-55000000.0,-453000000.0,,,109000000.0,,,4941000000.0,,683000000.0,,,69000000.0,903000000.0,,,-1732000000.0,,14000000.0,-2014000000.0,1191000000.0,
2010-03-31,6348000000.0,3238000000.0,,342000000.0,1323000000.0,4903000000.0,1445000000.0,-42000000.0,1403000000.0,448000000.0,930000000.0,1.31,1.29,711800000.0,723500000.0,2848000000.0,1759000000.0,3569000000.0,2798000000.0,,,1132000000.0,12106000000.0,580000000.0,6859000000.0,5734000000.0,1287000000.0,1255000000.0,28022000000.0,1582000000.0,1820000000.0,,5148000000.0,,,,1779000000.0,14171000000.0,24231000000.0,-3747000000.0,13566000000.0,28022000000.0,287000000.0,112000000.0,26000000.0,356000000.0,190000000.0,,,145000000.0,,,1082000000.0,,435000000.0,,,17000000.0,157000000.0,,63000000.0,-987000000.0,,12000000.0,-275000000.0,-192000000.0,
2010-06-30,13079000000.0,6673000000.0,,692000000.0,2673000000.0,10038000000.0,3041000000.0,-84000000.0,2957000000.0,862000000.0,2051000000.0,2.88,2.83,714500000.0,725700000.0,3022000000.0,1909000000.0,3745000000.0,2980000000.0,,,1235000000.0,12891000000.0,606000000.0,6715000000.0,5620000000.0,1268000000.0,1186000000.0,28496000000.0,1756000000.0,1951000000.0,,5437000000.0,,,,1710000000.0,14233000000.0,24788000000.0,-4016000000.0,13971000000.0,28496000000.0,559000000.0,171000000.0,18000000.0,586000000.0,428000000.0,,,243000000.0,,,2220000000.0,,851000000.0,,,30000000.0,337000000.0,,63000000.0,-1438000000.0,,36000000.0,-698000000.0,-18000000.0,
2010-09-30,19953000000.0,10256000000.0,,1046000000.0,4034000000.0,15336000000.0,4617000000.0,-124000000.0,4493000000.0,1273000000.0,3157000000.0,4.42,4.36,714000000.0,725200000.0,4466000000.0,1387000000.0,3869000000.0,3215000000.0,,,1111000000.0,14048000000.0,443000000.0,6915000000.0,5899000000.0,1279000000.0,1241000000.0,30065000000.0,1649000000.0,2039000000.0,,5395000000.0,,,,1879000000.0,14232000000.0,25493000000.0,-3366000000.0,15504000000.0,30065000000.0,837000000.0,228000000.0,20000000.0,529000000.0,521000000.0,,,173000000.0,,,3543000000.0,,1254000000.0,,,48000000.0,565000000.0,,66000000.0,-940000000.0,,43000000.0,-1162000000.0,1426000000.0,
2010-12-31,26662000000.0,13831000000.0,,919000000.0,5479000000.0,20744000000.0,5918000000.0,-163000000.0,5755000000.0,1592000000.0,4085000000.0,5.72,5.63,713700000.0,725500000.0,3377000000.0,1101000000.0,3615000000.0,3155000000.0,706000000.0,,967000000.0,12215000000.0,21000000.0,7279000000.0,6820000000.0,1820000000.0,1262000000.0,30156000000.0,1662000000.0,2022000000.0,369000000.0,6089000000.0,18000000.0,198000000.0,627000000.0,1854000000.0,14139000000.0,25995000000.0,-3543000000.0,15663000000.0,30156000000.0,1120000000.0,274000000.0,-170000000.0,189000000.0,404000000.0,,,146000000.0,,,5174000000.0,,1565000000.0,,,1830000000.0,1091000000.0,,66000000.0,-2689000000.0,,53000000.0,-2121000000.0,337000000.0,1509000000.0
2011-03-31,7311000000.0,3802000000.0,,398000000.0,1533000000.0,5733000000.0,1578000000.0,-33000000.0,1545000000.0,442000000.0,1081000000.0,1.52,1.49,711500000.0,726400000.0,2747000000.0,1285000000.0,4209000000.0,3489000000.0,,,915000000.0,12645000000.0,360000000.0,7503000000.0,7121000000.0,2004000000.0,1258000000.0,31129000000.0,1815000000.0,2080000000.0,,5900000000.0,,,,1892000000.0,14242000000.0,26521000000.0,-3237000000.0,16494000000.0,31129000000.0,289000000.0,116000000.0,3000000.0,469000000.0,180000000.0,,,80000000.0,,,733000000.0,,376000000.0,,,471000000.0,231000000.0,,39000000.0,-757000000.0,,15000000.0,-664000000.0,-630000000.0,
2011-06-30,14991000000.0,7842000000.0,,802000000.0,3114000000.0,11758000000.0,3233000000.0,-74000000.0,3159000000.0,879000000.0,2241000000.0,3.15,3.09,713400000.0,726500000.0,3376000000.0,1148000000.0,4385000000.0,3717000000.0,,,911000000.0,13537000000.0,407000000.0,7624000000.0,7233000000.0,2025000000.0,1208000000.0,32282000000.0,1851000000.0,2285000000.0,,6203000000.0,,,,1921000000.0,14540000000.0,27110000000.0,-2961000000.0,17330000000.0,32282000000.0,608000000.0,172000000.0,5000000.0,586000000.0,376000000.0,,,100000000.0,,,2184000000.0,,944000000.0,,,487000000.0,526000000.0,,6000000.0,-809000000.0,,49000000.0,-1437000000.0,-1000000.0,
2011-09-30,22522000000.0,11869000000.0,,1191000000.0,4648000000.0,17708000000.0,4814000000.0,-112000000.0,4702000000.0,1319000000.0,,4.68,4.61,710900000.0,722800000.0,3376000000.0,1486000000.0,4259000000.0,3604000000.0,,,944000000.0,13669000000.0,443000000.0,7509000000.0,7140000000.0,1952000000.0,1153000000.0,32115000000.0,1689000000.0,2197000000.0,,6165000000.0,,,,1879000000.0,14703000000.0,27784000000.0,-3339000000.0,16968000000.0,32115000000.0,919000000.0,210000000.0,-37000000.0,557000000.0,364000000.0,,,-30000000.0,,,3546000000.0,,1353000000.0,,,531000000.0,862000000.0,,6000000.0,-1584000000.0,,52000000.0,-1898000000.0,-1000000.0,
2011-12-31,29611000000.0,15693000000.0,,1036000000.0,6170000000.0,23433000000.0,6178000000.0,-147000000.0,6031000000.0,1674000000.0,,6.05,5.96,708500000.0,719000000.0,2219000000.0,1461000000.0,3867000000.0,3416000000.0,1129000000.0,,1277000000.0,12240000000.0,896000000.0,7666000000.0,7047000000.0,1916000000.0,1656000000.0,31616000000.0,1643000000.0,2085000000.0,389000000.0,5441000000.0,19000000.0,251000000.0,595000000.0,1857000000.0,15754000000.0,28348000000.0,-5025000000.0,15420000000.0,31616000000.0,1236000000.0,253000000.0,177000000.0,205000000.0,196000000.0,,,-83000000.0,,,5284000000.0,,1738000000.0,,,649000000.0,1379000000.0,,,-2718000000.0,,53000000.0,-3675000000.0,-1158000000.0,1542000000.0
2012-03-31,7486000000.0,3889000000.0,,411000000.0,1552000000.0,5852000000.0,1634000000.0,-31000000.0,1603000000.0,462000000.0,1125000000.0,1.61,1.59,696800000.0,706100000.0,2332000000.0,1399000000.0,4323000000.0,3561000000.0,,,1238000000.0,12853000000.0,763000000.0,7755000000.0,7090000000.0,1865000000.0,1486000000.0,32015000000.0,1779000000.0,2069000000.0,,5408000000.0,,,,1792000000.0,15396000000.0,28858000000.0,-4785000000.0,16182000000.0,32015000000.0,313000000.0,103000000.0,44000000.0,431000000.0,96000000.0,,,118000000.0,,,828000000.0,,574000000.0,,,,261000000.0,,-1000000.0,-43000000.0,,28000000.0,-722000000.0,113000000.0,
2012-06-30,15020000000.0,7759000000.0,,819000000.0,3080000000.0,11658000000.0,3362000000.0,-64000000.0,3298000000.0,971000000.0,2292000000.0,3.3,3.25,695500000.0,704400000.0,3308000000.0,1595000000.0,4364000000.0,3656000000.0,,,1165000000.0,14088000000.0,1031000000.0,7706000000.0,7069000000.0,1842000000.0,1406000000.0,33339000000.0,1792000000.0,2232000000.0,,5707000000.0,,,,1747000000.0,16466000000.0,29465000000.0,-5012000000.0,16406000000.0,33339000000.0,634000000.0,145000000.0,86000000.0,553000000.0,268000000.0,,,150000000.0,,,2217000000.0,,1181000000.0,,,144000000.0,619000000.0,,-4000000.0,-854000000.0,,41000000.0,-271000000.0,1089000000.0,
2012-09-30,22517000000.0,11694000000.0,,1216000000.0,4567000000.0,17477000000.0,5040000000.0,-98000000.0,4942000000.0,1435000000.0,3453000000.0,4.97,4.91,694700000.0,703900000.0,3029000000.0,1989000000.0,4409000000.0,3842000000.0,,,1225000000.0,14494000000.0,1400000000.0,7939000000.0,7216000000.0,1847000000.0,1394000000.0,34479000000.0,1805000000.0,2299000000.0,,6595000000.0,,,,1777000000.0,16338000000.0,30150000000.0,-4548000000.0,17644000000.0,34479000000.0,956000000.0,181000000.0,89000000.0,493000000.0,368000000.0,,,141000000.0,,,3562000000.0,,1597000000.0,,,248000000.0,977000000.0,,-14000000.0,-2134000000.0,,53000000.0,-714000000.0,810000000.0,
2013-03-31,7634000000.0,3969000000.0,,430000000.0,1589000000.0,5988000000.0,1646000000.0,-29000000.0,1617000000.0,470000000.0,1129000000.0,1.63,1.61,691100000.0,702100000.0,2928000000.0,1448000000.0,4418000000.0,3819000000.0,,,1242000000.0,13855000000.0,1452000000.0,8318000000.0,7247000000.0,1840000000.0,1137000000.0,34029000000.0,1820000000.0,2187000000.0,,5937000000.0,,,,1686000000.0,15501000000.0,31073000000.0,-5001000000.0,18082000000.0,34029000000.0,336000000.0,103000000.0,61000000.0,447000000.0,28000000.0,,,97000000.0,,,994000000.0,,885000000.0,,,,324000000.0,,-5000000.0,-405000000.0,,34000000.0,-486000000.0,45000000.0,
2013-06-30,15386000000.0,7982000000.0,,857000000.0,3199000000.0,12038000000.0,3348000000.0,-60000000.0,3288000000.0,928000000.0,2326000000.0,3.37,3.32,689600000.0,700600000.0,2942000000.0,1310000000.0,4542000000.0,3919000000.0,,,1270000000.0,13983000000.0,1542000000.0,8329000000.0,7231000000.0,1786000000.0,1083000000.0,34130000000.0,1920000000.0,2304000000.0,,6335000000.0,,,,1683000000.0,15811000000.0,31716000000.0,-5166000000.0,17876000000.0,34130000000.0,671000000.0,150000000.0,37000000.0,628000000.0,167000000.0,,,199000000.0,,,2673000000.0,,1484000000.0,,,0.0,718000000.0,,-4000000.0,-740000000.0,,51000000.0,-1727000000.0,59000000.0,
2013-09-30,23302000000.0,12130000000.0,,1277000000.0,4808000000.0,18215000000.0,5087000000.0,-83000000.0,5004000000.0,1399000000.0,3556000000.0,5.18,5.1,686400000.0,697700000.0,2340000000.0,971000000.0,4594000000.0,3948000000.0,,,1429000000.0,13282000000.0,1547000000.0,8448000000.0,7342000000.0,1745000000.0,1066000000.0,33604000000.0,1718000000.0,2416000000.0,,7439000000.0,,,,1686000000.0,15352000000.0,32412000000.0,-4810000000.0,17796000000.0,33604000000.0,1014000000.0,197000000.0,-54000000.0,643000000.0,155000000.0,,,-26000000.0,,,3824000000.0,,1956000000.0,,,0.0,1122000000.0,,-13000000.0,-702000000.0,,68000000.0,-3643000000.0,-543000000.0,
2013-12-31,30871000000.0,16106000000.0,,1150000000.0,6384000000.0,24205000000.0,6666000000.0,-104000000.0,6562000000.0,1841000000.0,4659000000.0,6.83,6.72,681900000.0,693600000.0,2581000000.0,756000000.0,4253000000.0,3864000000.0,287000000.0,,1279000000.0,12733000000.0,1453000000.0,8652000000.0,7345000000.0,1688000000.0,980000000.0,33550000000.0,1799000000.0,2891000000.0,521000000.0,7498000000.0,19000000.0,538000000.0,472000000.0,1984000000.0,15602000000.0,32416000000.0,-3913000000.0,17502000000.0,33550000000.0,1371000000.0,240000000.0,-167000000.0,337000000.0,86000000.0,,,16000000.0,,,5817000000.0,,,,,0.0,1665000000.0,,-46000000.0,-856000000.0,,92000000.0,-5246000000.0,-302000000.0,1803000000.0
2014-03-31,7831000000.0,4031000000.0,,452000000.0,1632000000.0,6115000000.0,1716000000.0,-28000000.0,1688000000.0,463000000.0,1207000000.0,1.83,1.79,661500000.0,674500000.0,1954000000.0,860000000.0,4598000000.0,3972000000.0,,,1378000000.0,12762000000.0,1360000000.0,8630000000.0,7357000000.0,1631000000.0,1063000000.0,33547000000.0,1866000000.0,2436000000.0,,7450000000.0,,,,1963000000.0,15623000000.0,33312000000.0,-3841000000.0,17448000000.0,33547000000.0,350000000.0,122000000.0,-83000000.0,347000000.0,131000000.0,,,84000000.0,,,1092000000.0,,,,,,293000000.0,,-5000000.0,-287000000.0,,51000000.0,-1399000000.0,-627000000.0,
2014-06-30,15965000000.0,8215000000.0,,900000000.0,3278000000.0,12393000000.0,3572000000.0,-64000000.0,3508000000.0,1000000000.0,2474000000.0,3.77,3.7,656700000.0,669600000.0,2125000000.0,884000000.0,4759000000.0,4093000000.0,,,1332000000.0,13193000000.0,1204000000.0,8685000000.0,7422000000.0,1603000000.0,1078000000.0,33970000000.0,1844000000.0,2412000000.0,,7040000000.0,,,,1932000000.0,16124000000.0,33836000000.0,-3666000000.0,17354000000.0,33970000000.0,708000000.0,174000000.0,-36000000.0,484000000.0,242000000.0,,,57000000.0,,,2732000000.0,,,,,94000000.0,634000000.0,,22000000.0,-579000000.0,,97000000.0,-2584000000.0,-456000000.0,
2014-12-31,31821000000.0,16447000000.0,,1193000000.0,6469000000.0,24686000000.0,7135000000.0,-109000000.0,7026000000.0,2028000000.0,4956000000.0,7.63,7.49,649200000.0,662000000.0,1897000000.0,626000000.0,4238000000.0,3706000000.0,1158000000.0,,1298000000.0,11765000000.0,828000000.0,8489000000.0,7050000000.0,1435000000.0,1554000000.0,31269000000.0,1807000000.0,2918000000.0,541000000.0,5998000000.0,21000000.0,141000000.0,519000000.0,1555000000.0,18127000000.0,34317000000.0,-6289000000.0,13109000000.0,31269000000.0,1408000000.0,280000000.0,-146000000.0,268000000.0,113000000.0,,,75000000.0,,,6626000000.0,,,,,94000000.0,1493000000.0,,-102000000.0,-596000000.0,,167000000.0,-6603000000.0,-684000000.0,1968000000.0
2015-03-31,7578000000.0,3821000000.0,,463000000.0,1564000000.0,5848000000.0,1730000000.0,-27000000.0,1703000000.0,502000000.0,1199000000.0,1.88,1.85,636200000.0,649200000.0,1791000000.0,1018000000.0,4408000000.0,3704000000.0,,,1597000000.0,12518000000.0,13000000.0,8286000000.0,6934000000.0,1396000000.0,1338000000.0,30643000000.0,1801000000.0,2239000000.0,,5082000000.0,,,,1386000000.0,16691000000.0,35080000000.0,-6321000000.0,13917000000.0,30643000000.0,339000000.0,138000000.0,44000000.0,296000000.0,131000000.0,,,56000000.0,,,1080000000.0,,,,,150000000.0,291000000.0,,-4000000.0,0.0,,101000000.0,-1154000000.0,-106000000.0,
2015-06-30,15264000000.0,7679000000.0,,901000000.0,3114000000.0,11694000000.0,3570000000.0,-55000000.0,3515000000.0,1011000000.0,2499000000.0,3.94,3.87,633800000.0,646100000.0,2983000000.0,502000000.0,4578000000.0,3847000000.0,,,1521000000.0,13431000000.0,13000000.0,8389000000.0,6985000000.0,1355000000.0,1055000000.0,31388000000.0,1714000000.0,2386000000.0,,5095000000.0,,,,1049000000.0,18258000000.0,35615000000.0,-6233000000.0,13093000000.0,31388000000.0,683000000.0,187000000.0,295000000.0,446000000.0,269000000.0,,,-34000000.0,,,2418000000.0,,,,,153000000.0,661000000.0,,-19000000.0,166000000.0,,129000000.0,-1474000000.0,1086000000.0,
2015-09-30,22976000000.0,11556000000.0,,1330000000.0,4644000000.0,17530000000.0,5446000000.0,-86000000.0,5360000000.0,1558000000.0,3795000000.0,6.03,5.92,629400000.0,641200000.0,1605000000.0,153000000.0,4610000000.0,3709000000.0,,,1531000000.0,11608000000.0,13000000.0,8470000000.0,9354000000.0,2632000000.0,1009000000.0,33258000000.0,1600000000.0,2364000000.0,,7032000000.0,,,,1566000000.0,21034000000.0,36235000000.0,-6467000000.0,12186000000.0,33258000000.0,1038000000.0,233000000.0,393000000.0,478000000.0,139000000.0,,,-112000000.0,,,4082000000.0,,,,,2910000000.0,1015000000.0,,-22000000.0,-2611000000.0,,137000000.0,-1694000000.0,-292000000.0,
2015-12-31,30274000000.0,15383000000.0,,1223000000.0,6182000000.0,23328000000.0,6946000000.0,-123000000.0,6823000000.0,1982000000.0,4833000000.0,7.72,7.58,625600000.0,637200000.0,1798000000.0,118000000.0,4154000000.0,3518000000.0,2009000000.0,,1398000000.0,10986000000.0,9000000.0,8515000000.0,9249000000.0,2601000000.0,1053000000.0,32718000000.0,1694000000.0,2404000000.0,518000000.0,7118000000.0,19000000.0,551000000.0,154000000.0,1580000000.0,20971000000.0,36575000000.0,-6359000000.0,11708000000.0,32718000000.0,1435000000.0,276000000.0,395000000.0,58000000.0,-3000000.0,,,9000000.0,,,6420000000.0,,,,,2914000000.0,1461000000.0,,-102000000.0,-2817000000.0,,154000000.0,-3648000000.0,-99000000.0,2331000000.0
2016-03-31,7409000000.0,3678000000.0,,450000000.0,1493000000.0,5621000000.0,1788000000.0,-42000000.0,1746000000.0,468000000.0,1275000000.0,2.1,2.05,607400000.0,621300000.0,1337000000.0,176000000.0,4485000000.0,3627000000.0,,,1249000000.0,10874000000.0,15000000.0,8614000000.0,9375000000.0,2551000000.0,1212000000.0,32982000000.0,1581000000.0,2327000000.0,,7178000000.0,,,,1649000000.0,21208000000.0,36785000000.0,-6261000000.0,11733000000.0,32982000000.0,356000000.0,144000000.0,-38000000.0,245000000.0,37000000.0,,,-116000000.0,,,1260000000.0,,,,,4000000.0,314000000.0,,-25000000.0,-280000000.0,,,-1426000000.0,-461000000.0,
2016-06-30,15071000000.0,7477000000.0,,887000000.0,3053000000.0,11417000000.0,3654000000.0,-73000000.0,3581000000.0,1010000000.0,2566000000.0,4.23,4.13,607200000.0,621100000.0,1688000000.0,177000000.0,4667000000.0,3613000000.0,,,1291000000.0,11436000000.0,14000000.0,8604000000.0,9356000000.0,2477000000.0,985000000.0,33235000000.0,1650000000.0,2405000000.0,,7254000000.0,,,,1327000000.0,21298000000.0,37194000000.0,-6184000000.0,11894000000.0,33235000000.0,722000000.0,193000000.0,-134000000.0,419000000.0,42000000.0,,,-57000000.0,,,2545000000.0,,,,,4000000.0,637000000.0,,2000000.0,-630000000.0,,,-2028000000.0,-110000000.0,
2016-09-30,22780000000.0,11324000000.0,,1314000000.0,4584000000.0,17222000000.0,5558000000.0,-115000000.0,5443000000.0,1541000000.0,3895000000.0,6.43,6.28,606200000.0,620300000.0,2308000000.0,358000000.0,4743000000.0,3611000000.0,,,1159000000.0,12179000000.0,14000000.0,8671000000.0,9430000000.0,2422000000.0,952000000.0,34051000000.0,1621000000.0,2404000000.0,,6400000000.0,,,,1345000000.0,22003000000.0,37745000000.0,-6146000000.0,12002000000.0,34051000000.0,1090000000.0,244000000.0,-100000000.0,469000000.0,15000000.0,,,-107000000.0,,,4453000000.0,,,,,17000000.0,984000000.0,,4000000.0,-1173000000.0,,,-2780000000.0,510000000.0,
2016-12-31,30109000000.0,15040000000.0,,1225000000.0,6111000000.0,22886000000.0,7223000000.0,-170000000.0,7053000000.0,1995000000.0,5050000000.0,8.35,8.16,604700000.0,618700000.0,2398000000.0,280000000.0,4392000000.0,3385000000.0,277000000.0,,1271000000.0,11726000000.0,17000000.0,8516000000.0,9166000000.0,2320000000.0,981000000.0,32906000000.0,1798000000.0,2472000000.0,551000000.0,6219000000.0,15000000.0,145000000.0,244000000.0,1648000000.0,22563000000.0,37907000000.0,-7245000000.0,10298000000.0,32906000000.0,1474000000.0,298000000.0,7000000.0,313000000.0,-57000000.0,,,148000000.0,,,6662000000.0,,,,,16000000.0,1420000000.0,,4000000.0,-1403000000.0,,,-4626000000.0,600000000.0,1888000000.0
2017-03-31,7685000000.0,3869000000.0,,471000000.0,1571000000.0,5911000000.0,1774000000.0,-37000000.0,1737000000.0,411000000.0,1323000000.0,2.21,2.16,598100000.0,612000000.0,2173000000.0,141000000.0,4722000000.0,3612000000.0,,,1253000000.0,11901000000.0,17000000.0,8551000000.0,9258000000.0,2269000000.0,1102000000.0,33292000000.0,1701000000.0,2420000000.0,,5995000000.0,,,,1691000000.0,22252000000.0,38094000000.0,-6949000000.0,10989000000.0,33292000000.0,438000000.0,147000000.0,-84000000.0,237000000.0,149000000.0,,,-124000000.0,,,988000000.0,,,,,,287000000.0,,-5000000.0,-90000000.0,,,-1151000000.0,-225000000.0,
2017-06-30,15495000000.0,7876000000.0,,944000000.0,3207000000.0,11537000000.0,3958000000.0,-79000000.0,3879000000.0,968000000.0,2906000000.0,4.86,4.74,598100000.0,612800000.0,,140000000.0,4919000000.0,3838000000.0,,,1090000000.0,12641000000.0,17000000.0,8566000000.0,9105000000.0,2201000000.0,1207000000.0,33957000000.0,1782000000.0,2604000000.0,,5697000000.0,,,,1767000000.0,22313000000.0,38793000000.0,-6989000000.0,11591000000.0,33957000000.0,818000000.0,206000000.0,-120000000.0,412000000.0,347000000.0,,,-60000000.0,,,2630000000.0,,,,,,589000000.0,,-5000000.0,427000000.0,,,-2856000000.0,256000000.0,
2017-09-30,23667000000.0,11921000000.0,,1407000000.0,4830000000.0,17668000000.0,5999000000.0,-123000000.0,5876000000.0,1532000000.0,4335000000.0,7.25,7.08,597900000.0,612700000.0,,586000000.0,5156000000.0,3975000000.0,,,1108000000.0,13656000000.0,17000000.0,8658000000.0,9221000000.0,2175000000.0,1266000000.0,35237000000.0,1824000000.0,2709000000.0,,6598000000.0,,,,1861000000.0,23035000000.0,39454000000.0,-6913000000.0,12146000000.0,35237000000.0,1195000000.0,266000000.0,-105000000.0,595000000.0,436000000.0,,,-25000000.0,,,4380000000.0,,,,,12000000.0,914000000.0,,-2000000.0,-354000000.0,,,-3699000000.0,433000000.0,
2017-12-31,31657000000.0,16001000000.0,,1335000000.0,6572000000.0,23837000000.0,7820000000.0,-272000000.0,7548000000.0,2679000000.0,4858000000.0,8.13,7.93,597500000.0,612700000.0,,1076000000.0,4911000000.0,4034000000.0,276000000.0,,266000000.0,14277000000.0,27000000.0,8866000000.0,10513000000.0,2936000000.0,1395000000.0,37987000000.0,1945000000.0,2709000000.0,513000000.0,7687000000.0,37000000.0,235000000.0,1287000000.0,2962000000.0,26365000000.0,39115000000.0,-7026000000.0,11563000000.0,37987000000.0,1544000000.0,324000000.0,107000000.0,245000000.0,387000000.0,,,24000000.0,,,6240000000.0,,,,,2023000000.0,1373000000.0,,6000000.0,-3086000000.0,,,-2655000000.0,655000000.0,1604000000.0
2018-03-31,8278000000.0,4236000000.0,,486000000.0,2573000000.0,7271000000.0,1007000000.0,-42000000.0,965000000.0,359000000.0,602000000.0,1.01,0.98,596200000.0,612700000.0,,604000000.0,5252000000.0,4295000000.0,,,344000000.0,14818000000.0,27000000.0,8864000000.0,10570000000.0,2885000000.0,1438000000.0,38575000000.0,1874000000.0,2791000000.0,519000000.0,8959000000.0,,,,2985000000.0,27536000000.0,38453000000.0,-6803000000.0,10977000000.0,38575000000.0,382000000.0,159000000.0,-103000000.0,260000000.0,209000000.0,,,-88000000.0,,,143000000.0,,,,,,304000000.0,,11000000.0,281000000.0,,,46000000.0,438000000.0,
2018-06-30,16668000000.0,8463000000.0,,954000000.0,4373000000.0,13260000000.0,3408000000.0,-93000000.0,3315000000.0,847000000.0,2459000000.0,4.14,4.04,593800000.0,608500000.0,,385000000.0,5383000000.0,4238000000.0,,,370000000.0,13890000000.0,26000000.0,8645000000.0,10107000000.0,2787000000.0,1349000000.0,36778000000.0,1871000000.0,2867000000.0,512000000.0,8902000000.0,,,,2900000000.0,26350000000.0,39442000000.0,-7019000000.0,10365000000.0,36778000000.0,762000000.0,208000000.0,-1000000.0,606000000.0,337000000.0,,,-12000000.0,,,2042000000.0,,,,,-13000000.0,669000000.0,,11000000.0,907000000.0,,,-3096000000.0,-252000000.0,
2018-09-30,24820000000.0,12622000000.0,,1384000000.0,5920000000.0,19396000000.0,5424000000.0,-144000000.0,5280000000.0,1266000000.0,4002000000.0,6.77,6.61,591100000.0,605100000.0,,338000000.0,5329000000.0,4437000000.0,,,385000000.0,14419000000.0,27000000.0,8630000000.0,10123000000.0,2726000000.0,1377000000.0,37275000000.0,2029000000.0,3031000000.0,614000000.0,7336000000.0,,,,2906000000.0,26964000000.0,40120000000.0,-6968000000.0,10248000000.0,37275000000.0,1117000000.0,258000000.0,-73000000.0,596000000.0,562000000.0,,,148000000.0,,,4181000000.0,,,,,-13000000.0,1046000000.0,,-8000000.0,638000000.0,,,-4549000000.0,132000000.0,
2018-12-31,32765000000.0,16682000000.0,,1253000000.0,7602000000.0,25558000000.0,7207000000.0,-207000000.0,7000000000.0,1637000000.0,5349000000.0,9.09,8.89,588500000.0,602000000.0,,380000000.0,5020000000.0,4366000000.0,86000000.0,,349000000.0,13709000000.0,37000000.0,8738000000.0,10051000000.0,2657000000.0,1345000000.0,36500000000.0,2266000000.0,2775000000.0,617000000.0,7244000000.0,,279000000.0,1274000000.0,3010000000.0,26652000000.0,40636000000.0,-6866000000.0,9796000000.0,36500000000.0,1488000000.0,302000000.0,-57000000.0,305000000.0,509000000.0,,,408000000.0,,,6439000000.0,,,,,-13000000.0,1577000000.0,,-9000000.0,222000000.0,,,-6701000000.0,-200000000.0,1560000000.0
2019-03-31,7863000000.0,4310000000.0,,477000000.0,1948000000.0,6727000000.0,1136000000.0,-48000000.0,1088000000.0,195000000.0,891000000.0,1.54,1.51,577500000.0,588500000.0,,539000000.0,5173000000.0,4538000000.0,,,473000000.0,14374000000.0,46000000.0,8829000000.0,10611000000.0,3047000000.0,1482000000.0,39140000000.0,2309000000.0,3071000000.0,619000000.0,7125000000.0,,,,3228000000.0,29383000000.0,41159000000.0,-7552000000.0,9703000000.0,39140000000.0,375000000.0,130000000.0,-56000000.0,78000000.0,178000000.0,,,-3000000.0,,,1048000000.0,,,,,704000000.0,391000000.0,,-5000000.0,-1225000000.0,,,258000000.0,85000000.0,
2019-06-30,16034000000.0,8623000000.0,,947000000.0,3634000000.0,13196000000.0,2838000000.0,-304000000.0,2534000000.0,510000000.0,2018000000.0,3.49,3.44,577700000.0,587300000.0,,139000000.0,5374000000.0,4300000000.0,,,440000000.0,14051000000.0,46000000.0,8998000000.0,10574000000.0,2964000000.0,1503000000.0,38969000000.0,2130000000.0,3169000000.0,603000000.0,7265000000.0,,,,3268000000.0,28827000000.0,41362000000.0,-7272000000.0,10083000000.0,38969000000.0,751000000.0,182000000.0,-74000000.0,258000000.0,-75000000.0,,,-173000000.0,,,2710000000.0,,,,,704000000.0,812000000.0,,-18000000.0,-1235000000.0,,,-1477000000.0,-4000000.0,
2019-09-30,24025000000.0,12811000000.0,,1390000000.0,5089000000.0,19176000000.0,4849000000.0,-349000000.0,4500000000.0,888000000.0,3601000000.0,6.24,6.15,577200000.0,585900000.0,,30000000.0,5020000000.0,4007000000.0,,,515000000.0,18020000000.0,46000000.0,8891000000.0,10410000000.0,2847000000.0,1548000000.0,42550000000.0,2079000000.0,2735000000.0,605000000.0,7821000000.0,,,,3235000000.0,31786000000.0,42085000000.0,-7388000000.0,10702000000.0,42550000000.0,1130000000.0,230000000.0,-88000000.0,14000000.0,-255000000.0,,,-222000000.0,,,4732000000.0,,,,,704000000.0,1161000000.0,,-45000000.0,-1145000000.0,,,1327000000.0,4878000000.0,
2019-12-31,32136000000.0,17136000000.0,,1253000000.0,7029000000.0,25962000000.0,6174000000.0,-462000000.0,5712000000.0,1130000000.0,4570000000.0,7.92,7.81,577000000.0,585100000.0,,98000000.0,4791000000.0,4134000000.0,220000000.0,,891000000.0,12971000000.0,43000000.0,9333000000.0,13444000000.0,6379000000.0,1674000000.0,44659000000.0,2228000000.0,3056000000.0,430000000.0,9222000000.0,,,1507000000.0,3275000000.0,34533000000.0,42135000000.0,-8139000000.0,10063000000.0,44659000000.0,1593000000.0,278000000.0,-273000000.0,-345000000.0,-370000000.0,,,-117000000.0,,,7070000000.0,,,,,4984000000.0,1699000000.0,,-72000000.0,-6444000000.0,,,-1124000000.0,-500000000.0,1198000000.0
2020-03-31,8075000000.0,4109000000.0,,537000000.0,1768000000.0,6412000000.0,1663000000.0,-96000000.0,1567000000.0,273000000.0,1292000000.0,2.24,2.22,576800000.0,581500000.0,,224000000.0,4821000000.0,4217000000.0,,,971000000.0,15090000000.0,34000000.0,9165000000.0,13312000000.0,6191000000.0,1605000000.0,46212000000.0,2207000000.0,2776000000.0,422000000.0,9134000000.0,,,,3225000000.0,36003000000.0,42345000000.0,-8414000000.0,10147000000.0,46212000000.0,440000000.0,120000000.0,29000000.0,143000000.0,207000000.0,,,12000000.0,,,1213000000.0,,,,,25000000.0,332000000.0,,,-375000000.0,,,1108000000.0,1900000000.0,
2020-06-30,15251000000.0,7914000000.0,,961000000.0,3362000000.0,11848000000.0,3403000000.0,-207000000.0,3196000000.0,615000000.0,2582000000.0,4.48,4.44,577000000.0,581200000.0,,247000000.0,4459000000.0,4168000000.0,,,446000000.0,14106000000.0,34000000.0,9089000000.0,13360000000.0,6033000000.0,1651000000.0,45079000000.0,1975000000.0,2702000000.0,412000000.0,7282000000.0,,,,3275000000.0,34164000000.0,42759000000.0,-8286000000.0,10857000000.0,45079000000.0,932000000.0,172000000.0,41000000.0,-241000000.0,198000000.0,,,-269000000.0,,,3118000000.0,,,,,25000000.0,711000000.0,,-7000000.0,202000000.0,,,-1401000000.0,1866000000.0,
2020-09-30,23601000000.0,12217000000.0,,1422000000.0,5039000000.0,18289000000.0,5312000000.0,-311000000.0,5001000000.0,1002000000.0,3995000000.0,6.92,6.87,577800000.0,582400000.0,,440000000.0,4623000000.0,3984000000.0,,,426000000.0,14110000000.0,34000000.0,9216000000.0,13535000000.0,5926000000.0,1759000000.0,45390000000.0,2208000000.0,2840000000.0,390000000.0,7410000000.0,,,,3324000000.0,33447000000.0,43285000000.0,-7960000000.0,11880000000.0,45390000000.0,1413000000.0,216000000.0,-57000000.0,-113000000.0,-43000000.0,,,-48000000.0,,,5598000000.0,,,,,25000000.0,1079000000.0,,-8000000.0,-321000000.0,,,-3498000000.0,1768000000.0,
2020-12-31,32184000000.0,16605000000.0,,1146000000.0,6929000000.0,25023000000.0,7161000000.0,-450000000.0,6711000000.0,1318000000.0,5384000000.0,9.32,9.25,577600000.0,582200000.0,,404000000.0,4705000000.0,4239000000.0,538000000.0,,325000000.0,14982000000.0,30000000.0,9421000000.0,13802000000.0,5835000000.0,2440000000.0,47344000000.0,2561000000.0,3278000000.0,498000000.0,7948000000.0,,,1511000000.0,3462000000.0,34413000000.0,43761000000.0,-7661000000.0,12867000000.0,47344000000.0,1911000000.0,262000000.0,-165000000.0,-165000000.0,91000000.0,,,252000000.0,,,8113000000.0,,,,,25000000.0,1501000000.0,,-10000000.0,-580000000.0,,,-5300000000.0,2281000000.0,1351000000.0
2021-03-31,8851000000.0,4525000000.0,,524000000.0,1808000000.0,6857000000.0,1994000000.0,-49000000.0,1945000000.0,319000000.0,1624000000.0,2.8,2.77,580500000.0,586300000.0,,501000000.0,4817000000.0,4458000000.0,,,398000000.0,15345000000.0,31000000.0,9240000000.0,13654000000.0,5697000000.0,2373000000.0,47180000000.0,2670000000.0,3126000000.0,482000000.0,8363000000.0,,,,3330000000.0,33352000000.0,44255000000.0,-7767000000.0,13760000000.0,47180000000.0,460000000.0,131000000.0,16000000.0,205000000.0,304000000.0,,,155000000.0,,,1688000000.0,,,,,,310000000.0,,-19000000.0,-369000000.0,,,-1251000000.0,2000000.0,
2021-06-30,17801000000.0,9244000000.0,,1038000000.0,3554000000.0,13836000000.0,3965000000.0,-82000000.0,3883000000.0,734000000.0,3148000000.0,5.42,5.36,581000000.0,588600000.0,,805000000.0,4991000000.0,4842000000.0,,,377000000.0,16343000000.0,31000000.0,9358000000.0,13722000000.0,5572000000.0,2440000000.0,48307000000.0,2931000000.0,3181000000.0,475000000.0,9440000000.0,,,,3297000000.0,33791000000.0,44824000000.0,-7486000000.0,14448000000.0,48307000000.0,932000000.0,184000000.0,91000000.0,337000000.0,644000000.0,,,411000000.0,,,3575000000.0,,,,,,704000000.0,,-20000000.0,-1043000000.0,,,-2434000000.0,61000000.0,
2021-09-30,26743000000.0,14097000000.0,,1520000000.0,5373000000.0,20990000000.0,5753000000.0,-113000000.0,5640000000.0,1058000000.0,4582000000.0,7.9,7.81,580300000.0,587100000.0,,,4916000000.0,4950000000.0,,,326000000.0,16426000000.0,,9323000000.0,13597000000.0,5426000000.0,2666000000.0,48278000000.0,2862000000.0,3242000000.0,467000000.0,9635000000.0,,,,3353000000.0,33748000000.0,45361000000.0,-7620000000.0,14460000000.0,48278000000.0,1408000000.0,227000000.0,-155000000.0,324000000.0,823000000.0,,,340000000.0,,,5449000000.0,,,,,0.0,1047000000.0,,-18000000.0,-1432000000.0,,,-3733000000.0,244000000.0,
2021-12-31,35355000000.0,18795000000.0,,1243000000.0,7197000000.0,27986000000.0,7369000000.0,-165000000.0,7204000000.0,1285000000.0,5921000000.0,10.23,10.12,579000000.0,585300000.0,,,4660000000.0,4985000000.0,124000000.0,,339000000.0,15403000000.0,,,13486000000.0,5288000000.0,2608000000.0,47072000000.0,2994000000.0,3191000000.0,529000000.0,9035000000.0,,,1324000000.0,3403000000.0,31955000000.0,45821000000.0,-6750000000.0,15046000000.0,47072000000.0,1915000000.0,274000000.0,-166000000.0,122000000.0,903000000.0,,,518000000.0,,,7454000000.0,,,,,0.0,1603000000.0,,-31000000.0,-1317000000.0,,,-6145000000.0,-70000000.0,1695000000.0
2022-03-31,8829000000.0,4826000000.0,,480000000.0,1882000000.0,7188000000.0,1641000000.0,-38000000.0,1603000000.0,302000000.0,1299000000.0,2.27,2.26,572300000.0,575000000.0,,,4815000000.0,5290000000.0,,,427000000.0,14452000000.0,,9389000000.0,13368000000.0,5141000000.0,2640000000.0,45855000000.0,3164000000.0,2938000000.0,549000000.0,9152000000.0,,,,3498000000.0,30851000000.0,46056000000.0,-6834000000.0,14930000000.0,45855000000.0,459000000.0,135000000.0,-49000000.0,189000000.0,319000000.0,,,261000000.0,,,1011000000.0,,,,,0.0,424000000.0,,0.0,-263000000.0,,,-2054000000.0,-1317000000.0,
2022-06-30,17531000000.0,9919000000.0,,956000000.0,4905000000.0,15780000000.0,1751000000.0,-88000000.0,1663000000.0,279000000.0,1377000000.0,2.41,2.4,571600000.0,573800000.0,,,4914000000.0,5645000000.0,,,383000000.0,14514000000.0,,9319000000.0,13064000000.0,4993000000.0,2909000000.0,45634000000.0,3273000000.0,3178000000.0,503000000.0,9896000000.0,,,,4681000000.0,31818000000.0,45269000000.0,-7362000000.0,13742000000.0,45634000000.0,921000000.0,182000000.0,-451000000.0,457000000.0,837000000.0,,,401000000.0,,,2138000000.0,,,,,,808000000.0,,13000000.0,-814000000.0,,,-3102000000.0,-1842000000.0,
2022-09-30,26150000000.0,14647000000.0,,1417000000.0,6903000000.0,20243000000.0,5907000000.0,-112000000.0,5795000000.0,550000000.0,5236000000.0,9.18,9.15,570700000.0,572600000.0,,,4722000000.0,5615000000.0,,,502000000.0,14895000000.0,,9196000000.0,12669000000.0,4815000000.0,3800000000.0,46176000000.0,3063000000.0,3396000000.0,506000000.0,9543000000.0,,,,5556000000.0,32020000000.0,48245000000.0,-7985000000.0,14080000000.0,46176000000.0,1371000000.0,226000000.0,-495000000.0,467000000.0,1018000000.0,,,175000000.0,,,3669000000.0,,,,,,1243000000.0,,-1000000.0,-658000000.0,,,-4035000000.0,-1160000000.0,
2022-12-31,34229000000.0,19232000000.0,,1100000000.0,9049000000.0,27690000000.0,6539000000.0,-147000000.0,6392000000.0,612000000.0,5777000000.0,10.21,10.18,566000000.0,567600000.0,,,4532000000.0,5372000000.0,400000000.0,,456000000.0,14688000000.0,,9178000000.0,12790000000.0,4699000000.0,4271000000.0,46455000000.0,3183000000.0,3190000000.0,538000000.0,9523000000.0,,,1051000000.0,5615000000.0,31685000000.0,47950000000.0,-6673000000.0,14722000000.0,46455000000.0,1831000000.0,263000000.0,-663000000.0,105000000.0,629000000.0,,,111000000.0,,,5591000000.0,,,,,0.0,1749000000.0,,-1000000.0,-1046000000.0,,,-5350000000.0,-909000000.0,1320000000.0
2023-03-31,8031000000.0,4613000000.0,,472000000.0,1705000000.0,6790000000.0,1241000000.0,-52000000.0,1189000000.0,210000000.0,976000000.0,1.77,1.76,552700000.0,553200000.0,,,4638000000.0,5306000000.0,,,492000000.0,14963000000.0,,9247000000.0,12855000000.0,4585000000.0,4353000000.0,46886000000.0,3130000000.0,3279000000.0,520000000.0,10556000000.0,,,,5448000000.0,31535000000.0,47966000000.0,-6530000000.0,15298000000.0,46886000000.0,466000000.0,135000000.0,-93000000.0,73000000.0,-91000000.0,,,36000000.0,,,1275000000.0,,,,,,475000000.0,,,-386000000.0,,,-716000000.0,169000000.0,
2023-06-30,16356000000.0,9219000000.0,,945000000.0,13909000000.0,24073000000.0,-8958000000.0,-117000000.0,-9023000000.0,-2184000000.0,-6841000000.0,-12.35,-12.35,553900000.0,553900000.0,,,4947000000.0,5280000000.0,2400000000.0,,539000000.0,15754000000.0,,9211000000.0,12869000000.0,4470000000.0,5764000000.0,48880000000.0,3231000000.0,3471000000.0,521000000.0,10936000000.0,,,,14651000000.0,41023000000.0,40290000000.0,-6433000000.0,7798000000.0,48880000000.0,915000000.0,176000000.0,-2547000000.0,393000000.0,-101000000.0,,,135000000.0,,,2784000000.0,,,,,,852000000.0,,-37000000.0,-619000000.0,,,-1519000000.0,603000000.0,
2023-09-30,24668000000.0,13799000000.0,,1375000000.0,19901000000.0,35039000000.0,-10371000000.0,-317000000.0,-10688000000.0,-2755000000.0,-7940000000.0,-14.34,-14.34,554300000.0,554300000.0,,,4852000000.0,5065000000.0,3500000000.0,,490000000.0,16198000000.0,,9004000000.0,12721000000.0,4324000000.0,6592000000.0,49621000000.0,3104000000.0,7866000000.0,501000000.0,15466000000.0,,,,14152000000.0,44890000000.0,37375000000.0,-6726000000.0,4672000000.0,49621000000.0,1450000000.0,222000000.0,-3468000000.0,371000000.0,-236000000.0,,,118000000.0,,,4694000000.0,,,,,,1257000000.0,,-28000000.0,-906000000.0,,,-2223000000.0,1485000000.0,
2023-12-31,32681000000.0,18477000000.0,,1000000000.0,21526000000.0,41809000000.0,-9128000000.0,-560000000.0,-9688000000.0,-2691000000.0,-6995000000.0,-12.63,-12.63,553900000.0,553900000.0,,,4750000000.0,4822000000.0,4391000000.0,,336000000.0,16379000000.0,,9159000000.0,12927000000.0,4226000000.0,7130000000.0,50580000000.0,3245000000.0,7611000000.0,572000000.0,15297000000.0,,,872000000.0,14322000000.0,45712000000.0,37479000000.0,-6778000000.0,4807000000.0,50580000000.0,1987000000.0,274000000.0,-3855000000.0,170000000.0,-567000000.0,,,138000000.0,,,6680000000.0,,,,,,1615000000.0,,-35000000.0,-1207000000.0,,,-3147000000.0,2278000000.0,1384000000.0
2024-03-31,8003000000.0,4329000000.0,,437000000.0,1736000000.0,6502000000.0,1501000000.0,-264000000.0,1237000000.0,305000000.0,928000000.0,1.67,1.67,555000000.0,555900000.0,,,4750000000.0,4897000000.0,,,340000000.0,21613000000.0,,9072000000.0,12809000000.0,4105000000.0,6900000000.0,55243000000.0,3372000000.0,7747000000.0,565000000.0,13156000000.0,,,,13724000000.0,50310000000.0,37472000000.0,-6826000000.0,4866000000.0,55243000000.0,430000000.0,29000000.0,144000000.0,76000000.0,141000000.0,,,220000000.0,,,767000000.0,,,,,,375000000.0,,28000000.0,-393000000.0,,,4621000000.0,4978000000.0,
2024-06-30,12271000000.0,7056000000.0,,534000000.0,2260000000.0,9850000000.0,2421000000.0,138000000.0,2339000000.0,423000000.0,2073000000.0,3.74,3.73,554400000.0,555300000.0,,,3575000000.0,4060000000.0,,,1098000000.0,19515000000.0,,7472000000.0,6318000000.0,1266000000.0,8196000000.0,43377000000.0,2813000000.0,9052000000.0,,14345000000.0,,,,11103000000.0,39389000000.0,35475000000.0,-5567000000.0,3916000000.0,43377000000.0,731000000.0,200000000.0,115000000.0,219000000.0,270000000.0,,,166000000.0,,,1788000000.0,,,,,,644000000.0,,29000000.0,-856000000.0,,,3263000000.0,4150000000.0,
2024-09-30,18565000000.0,10703000000.0,,803000000.0,3322000000.0,14828000000.0,3737000000.0,405000000.0,4060000000.0,771000000.0,3445000000.0,6.23,6.21,553100000.0,554500000.0,,,3528000000.0,4039000000.0,,,967000000.0,16299000000.0,,7529000000.0,6395000000.0,1242000000.0,8804000000.0,40875000000.0,2689000000.0,5488000000.0,,11391000000.0,,,,11312000000.0,36181000000.0,36459000000.0,-5224000000.0,4642000000.0,40875000000.0,1041000000.0,242000000.0,293000000.0,87000000.0,172000000.0,,,8000000.0,,,1000000.0,,,,,,890000000.0,,27000000.0,-2060000000.0,,,2178000000.0,117000000.0,
