Date,Net sales,Cost of sales,Gross margin,Research and development,"Selling, general and administrative",Total operating expenses,Operating income,"Other income/(expense), net",Income before provision for income taxes,Provision for income taxes,Net income,Earnings per share basic,Earnings per share diluted,Weighted-average basic,Weighted-average diluted,Cash and cash equivalents,Short-term marketable securities,"Accounts receivable, net",Inventories,Deferred tax assets,Vendor non-trade receivables,Other current assets,Total current assets,Long-term marketable securities,"Property, Plant and Equipment, Net",Goodwill,"Acquired intangible assets, net","Other Assets, Noncurrent",Total assets,accounts payable,Accrued expenses,Deferred revenue,Total current liabilities,Deferred revenue - non-current,deferred tax liabilities,long term taxes payable,Total other non-current liabilities,Total liabilities,Retained Earnings (Accumulated Deficit),Accumulated other comprehensive (loss)/income,Total shareholders equity,Total liabilities and shareholders' equity,"Depreciation, amortization and accretion",Stock-based compensation expense,Deferred income tax expense,"Increase (Decrease) in Accounts receivable, net",Increase (Decrease) in Inventories,Increase (Decrease) in Other Receivables,Increase (Decrease) in Other Operating Assets,Increase (Decrease) in Accounts Payable,Increase (Decrease) in Deferred Revenue,Increase (Decrease) Other liabilities,Cash generated by operating activities,Purchases of marketable securities,Proceeds from maturities of marketable securities,Proceeds from sales of marketable securities,Purchases of other long-term investments,"Business acquisitions, net of cash acquired",Cash payments for capital asset purchases,Payments for acquisition of intangible assets,Payments for (Proceeds from) Other Investing Activities,Cash used in investing activities,Proceeds from issuance of common stock,Excess tax benefits from stock-based compensation,Cash generated/used in financing activities,Increase/(decrease) in cash and cash equivalents,"Cash paid for income taxes, net"
2010-06-30,,,317905000.0,,,157443000.0,160462000.0,1306000.0,161768000.0,65367000.0,,1.09,1.04,88587000.0,92983000.0,409911000.0,,127564000.0,139233000.0,10350000.0,,,769213000.0,,32038000.0,,39752000.0,3343000.0,964895000.0,87504000.0,34003000.0,9452000.0,158918000.0,127513000.0,,,,,766797000.0,-4185000.0,,964895000.0,5450000.0,8513000.0,2584000.0,25336000.0,32757000.0,,,40231000.0,-3875000.0,,126723000.0,,,8500000.0,,,4384000.0,6264000.0,-335000.0,-31148000.0,5021000.0,6644000.0,-12114000.0,81562000.0,
2010-09-30,,,515830000.0,,,247813000.0,268017000.0,1119000.0,269136000.0,106239000.0,,1.84,1.75,88434000.0,92915000.0,509629000.0,,130942000.0,148938000.0,10350000.0,,,842533000.0,,33173000.0,,42230000.0,1794000.0,1026680000.0,91024000.0,29365000.0,9696000.0,139777000.0,124929000.0,,,,,833293000.0,-885000.0,,1026680000.0,8450000.0,12835000.0,2581000.0,27929000.0,40611000.0,,,42522000.0,-5888000.0,,170815000.0,,,9200000.0,,,7967000.0,8754000.0,-162000.0,13448000.0,10907000.0,10192000.0,-2749000.0,181280000.0,
2010-12-31,,,680240000.0,,,332426000.0,347814000.0,1488000.0,349302000.0,137273000.0,,2.4,2.28,88514000.0,93021000.0,354842000.0,,101222000.0,153241000.0,16772000.0,,,898153000.0,,34551000.0,,43316000.0,3447000.0,1082131000.0,85674000.0,23811000.0,10140000.0,128834000.0,124899000.0,,,,,882425000.0,281000.0,,1082131000.0,11728000.0,16862000.0,-1361000.0,-2031000.0,44973000.0,,,37096000.0,-5474000.0,,229044000.0,59907000.0,,13201000.0,,,12545000.0,9852000.0,1440000.0,-212510000.0,20824000.0,12374000.0,9238000.0,26493000.0,
2011-03-31,,,185537000.0,,,97082000.0,88455000.0,301000.0,88756000.0,33713000.0,,0.62,0.59,88929000.0,93624000.0,295505000.0,,148989000.0,173725000.0,16772000.0,,,955819000.0,,39037000.0,,45300000.0,2962000.0,1131992000.0,89708000.0,26342000.0,10728000.0,155247000.0,123192000.0,,,,,937468000.0,1110000.0,,1131992000.0,3581000.0,3779000.0,,47605000.0,19548000.0,,,3485000.0,-1117000.0,,23613000.0,6774000.0,,4551000.0,,,6523000.0,1996000.0,26000.0,-48505000.0,4247000.0,190000.0,-34674000.0,-59337000.0,
2011-06-30,,,429758000.0,,,208822000.0,220936000.0,576000.0,221512000.0,82221000.0,,1.57,1.49,88701000.0,93642000.0,418197000.0,,161626000.0,156778000.0,16772000.0,,,1054135000.0,,40931000.0,,46677000.0,4080000.0,1233570000.0,102263000.0,32700000.0,11050000.0,161850000.0,121376000.0,,,,,1021716000.0,2004000.0,,1233570000.0,7671000.0,7894000.0,,61262000.0,2452000.0,,,14943000.0,-2611000.0,,123966000.0,11874000.0,,22657000.0,,,12311000.0,3385000.0,-1025000.0,-34931000.0,11308000.0,1144000.0,-27106000.0,63355000.0,
2011-09-30,,,680065000.0,,,327039000.0,353026000.0,-862000.0,352740000.0,131057000.0,,,,88458000.0,93582000.0,287157000.0,,139033000.0,164481000.0,16772000.0,,,1038732000.0,,44070000.0,,47466000.0,3926000.0,1218428000.0,108521000.0,32803000.0,11434000.0,165929000.0,119953000.0,,,,,1104108000.0,-1504000.0,932546000.0,1218428000.0,12152000.0,12722000.0,,39197000.0,11833000.0,,,22511000.0,-3629000.0,,233003000.0,33312000.0,,22658000.0,,,19926000.0,4190000.0,-1061000.0,-170662000.0,17794000.0,3363000.0,-129064000.0,-67685000.0,
2011-12-31,,,894309000.0,,,437886000.0,456423000.0,847000.0,457270000.0,171051000.0,,,,176212000.0,186674000.0,359331000.0,,218072000.0,155613000.0,75004000.0,,,1182677000.0,,45151000.0,,48396000.0,4405000.0,1362399000.0,113446000.0,31966000.0,11583000.0,266090000.0,117151000.0,,,,,1168644000.0,-1547000.0,979158000.0,1362399000.0,17032000.0,19424000.0,-2484000.0,56752000.0,4465000.0,,,26250000.0,-6283000.0,,333827000.0,33312000.0,,30545000.0,,,25552000.0,5132000.0,-410000.0,-173027000.0,20318000.0,3824000.0,-154192000.0,,
2012-03-31,,,241169000.0,,,114884000.0,126285000.0,346000.0,126631000.0,50532000.0,,,,174832000.0,185262000.0,391438000.0,,255712000.0,179127000.0,16428000.0,,,1284463000.0,,55689000.0,,49132000.0,3594000.0,1470745000.0,134035000.0,42517000.0,11751000.0,288117000.0,115300000.0,,,,,1244743000.0,908000.0,1067328000.0,1470745000.0,4956000.0,6571000.0,,33867000.0,34128000.0,,,16201000.0,-1615000.0,,36770000.0,2001000.0,,29891000.0,,,14542000.0,749000.0,-302000.0,-20014000.0,2722000.0,492000.0,2604000.0,,
2012-06-30,,,548177000.0,,,252118000.0,296059000.0,286000.0,296345000.0,110450000.0,,,,176186000.0,186284000.0,419167000.0,,305707000.0,199053000.0,16428000.0,,,1414257000.0,,55944000.0,,50875000.0,3566000.0,1601517000.0,157212000.0,58217000.0,12062000.0,299832000.0,113756000.0,,,,,1354539000.0,-1820000.0,1187929000.0,1601517000.0,10069000.0,13631000.0,,87833000.0,44289000.0,,,45058000.0,-2942000.0,,110069000.0,5002000.0,,33391000.0,,,19880000.0,2503000.0,-485000.0,-57547000.0,6437000.0,2922000.0,8268000.0,,
2012-09-30,,,821768000.0,,,385026000.0,436742000.0,840000.0,437582000.0,165545000.0,,,,175347000.0,185365000.0,283054000.0,,288584000.0,193934000.0,16428000.0,,,1128937000.0,,57574000.0,,52851000.0,3673000.0,1318922000.0,152449000.0,58973000.0,12360000.0,317038000.0,112209000.0,,,,,1440681000.0,905000.0,889675000.0,1318922000.0,15228000.0,21581000.0,,70533000.0,38646000.0,,,27814000.0,-4170000.0,,218049000.0,9502000.0,,61950000.0,,,25813000.0,4490000.0,-385000.0,78952000.0,8368000.0,4295000.0,-375735000.0,,
2012-12-31,,,1065656000.0,,,515033000.0,550623000.0,-1469000.0,549154000.0,209134000.0,,,,173712000.0,183083000.0,222514000.0,,236044000.0,203106000.0,76504000.0,,,835068000.0,,69137000.0,,54648000.0,3576000.0,1043325000.0,127330000.0,38916000.0,12695000.0,288545000.0,110383000.0,,,,,1508664000.0,2074000.0,644397000.0,1043325000.0,20513000.0,28413000.0,-8599000.0,17772000.0,47568000.0,,,3659000.0,-5659000.0,,287676000.0,9502000.0,,68451000.0,,,42935000.0,6301000.0,-377000.0,271849000.0,11015000.0,19656000.0,-699075000.0,,
2013-03-31,,,252039000.0,,,144733000.0,107306000.0,-1902000.0,105404000.0,41908000.0,,,,165525000.0,172559000.0,242533000.0,,308675000.0,215337000.0,17004000.0,,,936699000.0,,74596000.0,,57999000.0,3591000.0,1147372000.0,135477000.0,55356000.0,13079000.0,329766000.0,116235000.0,,,,,1572160000.0,-543000.0,701371000.0,1147372000.0,5048000.0,6959000.0,,69713000.0,14080000.0,,,7479000.0,6238000.0,,45893000.0,,,,,,8732000.0,3362000.0,219000.0,-15415000.0,2381000.0,176000.0,-11100000.0,,
2013-06-30,,,588301000.0,,,301569000.0,286732000.0,-5303000.0,281429000.0,111060000.0,,,,166447000.0,173350000.0,283839000.0,,342221000.0,233549000.0,16978000.0,,,1093822000.0,,83529000.0,,59725000.0,7407000.0,1317842000.0,144365000.0,57781000.0,14211000.0,346174000.0,115647000.0,,,,,1679033000.0,-2984000.0,856021000.0,1317842000.0,10313000.0,14392000.0,,104993000.0,33972000.0,,,16877000.0,6788000.0,,99720000.0,,,,,,22497000.0,5101000.0,4538000.0,-70580000.0,16288000.0,28883000.0,30981000.0,,
2013-09-30,,,895770000.0,,,457610000.0,438160000.0,-6009000.0,432151000.0,169596000.0,,,,167457000.0,173948000.0,287019000.0,,339155000.0,247368000.0,16978000.0,,,1278457000.0,,88495000.0,,63613000.0,10170000.0,1511867000.0,162851000.0,63213000.0,14702000.0,438272000.0,113204000.0,,,,,1771219000.0,-1134000.0,960391000.0,1511867000.0,16408000.0,21592000.0,,104666000.0,46687000.0,,,33731000.0,4838000.0,,275834000.0,,,5775000.0,,,32612000.0,9001000.0,7576000.0,-246697000.0,18198000.0,30250000.0,33725000.0,,
2013-12-31,,,1172931000.0,,,600015000.0,572916000.0,-9022000.0,563894000.0,225233000.0,,,,166679000.0,173387000.0,211349000.0,,291638000.0,221449000.0,84535000.0,,,1183043000.0,,88143000.0,,65774000.0,10146000.0,1420509000.0,119376000.0,59113000.0,13832000.0,316014000.0,112216000.0,,,,,1847325000.0,-1233000.0,992279000.0,1420509000.0,22713000.0,28764000.0,-18578000.0,43026000.0,21552000.0,,,-8204000.0,2982000.0,,342033000.0,,,5793000.0,,,40762000.0,11175000.0,4360000.0,-339808000.0,21252000.0,30348000.0,-17886000.0,,
2014-03-31,,,286818000.0,,,137955000.0,148863000.0,154000.0,149017000.0,53767000.0,,,,166913000.0,173741000.0,312020000.0,,342140000.0,204061000.0,20924000.0,,,1355213000.0,,91733000.0,,65525000.0,9538000.0,1593583000.0,125581000.0,71959000.0,14034000.0,380366000.0,110491000.0,,,,,1942575000.0,-1131000.0,1102726000.0,1593583000.0,6453000.0,6986000.0,,42544000.0,-17410000.0,,,6068000.0,-1517000.0,,136402000.0,,,,,,9871000.0,-105000.0,-543000.0,-43944000.0,5728000.0,2602000.0,7690000.0,,
2014-06-30,,,666107000.0,,,301430000.0,364677000.0,332000.0,365009000.0,128755000.0,,,,167098000.0,173964000.0,373051000.0,,395460000.0,207908000.0,20924000.0,,,1487353000.0,,91218000.0,,66351000.0,8972000.0,1769019000.0,155776000.0,80792000.0,14317000.0,404841000.0,108547000.0,,,,,2083579000.0,-621000.0,1255631000.0,1769019000.0,12995000.0,15089000.0,,99711000.0,-13536000.0,,,36113000.0,-3180000.0,,258977000.0,,,,,,15074000.0,828000.0,-1102000.0,-108018000.0,7716000.0,3303000.0,9987000.0,,
2014-09-30,,,1008027000.0,,,453443000.0,554584000.0,-1038000.0,553877000.0,196023000.0,,,,167346000.0,174270000.0,408323000.0,,330176000.0,205449000.0,20924000.0,,,1617479000.0,,88487000.0,,49100000.0,7863000.0,1862878000.0,145373000.0,66599000.0,14335000.0,370611000.0,105827000.0,,,,,2205179000.0,-6337000.0,1386440000.0,1862878000.0,19124000.0,22509000.0,,45759000.0,-13300000.0,,,30032000.0,-5883000.0,,407049000.0,,,,,,19300000.0,1765000.0,-1027000.0,-222982000.0,15050000.0,11541000.0,17149000.0,,
2014-12-31,,,1339810000.0,,,592305000.0,747505000.0,-1717000.0,745788000.0,262603000.0,,,,167257000.0,174285000.0,370323000.0,,280203000.0,174573000.0,94381000.0,,,1693429000.0,,90156000.0,,50748000.0,7496000.0,1938875000.0,127641000.0,40271000.0,49926000.0,355716000.0,68009000.0,,,,,2330510000.0,-11453000.0,1515150000.0,1938875000.0,25651000.0,28552000.0,-5439000.0,14290000.0,-42763000.0,,,11282000.0,-8107000.0,,585567000.0,4001000.0,,,,,27952000.0,3411000.0,-1230000.0,-440403000.0,17168000.0,11924000.0,19298000.0,,
2015-03-31,,,368957000.0,,,361328000.0,7629000.0,,8862000.0,4448000.0,,,,169871000.0,173778000.0,362787000.0,,343427000.0,197914000.0,224954000.0,,,1841895000.0,,88296000.0,,52300000.0,7109000.0,2084946000.0,167789000.0,46147000.0,10584000.0,549287000.0,67305000.0,,,,,2334924000.0,-21433000.0,1468354000.0,2084946000.0,6470000.0,6354000.0,,68138000.0,26547000.0,,,42742000.0,-40041000.0,,-81755000.0,,,101000.0,,,4687000.0,1552000.0,-227000.0,129640000.0,19119000.0,184679000.0,-47780000.0,,
2015-06-30,,,763464000.0,,,551167000.0,373767000.0,,373985000.0,140568000.0,,,,176985000.0,181417000.0,1696295000.0,,372669000.0,180892000.0,196985000.0,,,3922379000.0,,92538000.0,1287777000.0,428166000.0,8357000.0,5791581000.0,194731000.0,52242000.0,26417000.0,491927000.0,355379000.0,89455000.0,,,,1081547000.0,-19073000.0,4854820000.0,5791581000.0,13249000.0,14837000.0,,95235000.0,28919000.0,,,72124000.0,-40792000.0,,-139535000.0,,,100000.0,,,15827000.0,3566000.0,1214000.0,-105867000.0,1689120000.0,300331000.0,1576704000.0,1325972000.0,
2015-09-30,,,1228940000.0,,,725205000.0,665205000.0,,662061000.0,254070000.0,,,,205051000.0,208094000.0,1240717000.0,,407771000.0,159691000.0,155369000.0,,,3750647000.0,,94727000.0,1287777000.0,428201000.0,8031000.0,5603738000.0,238106000.0,67933000.0,31413000.0,504606000.0,355128000.0,89447000.0,,,,1256121000.0,-20851000.0,4654557000.0,5603738000.0,21757000.0,23689000.0,,132614000.0,9076000.0,,,75142000.0,-35991000.0,,47820000.0,,,4001000.0,,,25627000.0,5352000.0,1039000.0,-408658000.0,1691051000.0,303914000.0,1235184000.0,870394000.0,
2015-12-31,,,1632301000.0,,,900118000.0,893653000.0,-2105000.0,891548000.0,344815000.0,,,,188816000.0,192586000.0,2175417000.0,,352955000.0,156121000.0,261310000.0,,,3582602000.0,,97354000.0,1279715000.0,427986000.0,10874000.0,5675189000.0,144763000.0,81786000.0,32271000.0,514189000.0,351590000.0,,,,,1394863000.0,-21878000.0,4809410000.0,5675189000.0,30860000.0,32719000.0,-301288000.0,77331000.0,7068000.0,,,20864000.0,-38631000.0,,207986000.0,,,4001000.0,,,35605000.0,6888000.0,398000.0,400066000.0,1696661000.0,314737000.0,1202348000.0,1805094000.0,
2016-03-31,,,423098000.0,,,168385000.0,254713000.0,,255321000.0,91444000.0,,,,202946000.0,206908000.0,2528109000.0,,416704000.0,165929000.0,,,,3792872000.0,,99257000.0,1279715000.0,428578000.0,14346000.0,5883484000.0,183216000.0,96734000.0,36226000.0,540655000.0,350983000.0,,,,,1558740000.0,-15443000.0,4991846000.0,5883484000.0,9024000.0,10062000.0,,58550000.0,7639000.0,,,36086000.0,3092000.0,,109559000.0,,,,,,8205000.0,2342000.0,-142000.0,234272000.0,4078000.0,,1540000.0,352692000.0,
2016-09-30,,,1443887000.0,,,610277000.0,833610000.0,,832959000.0,293221000.0,,,,198073000.0,202093000.0,341526000.0,,467348000.0,167840000.0,,,,1550024000.0,,144625000.0,1283643000.0,1080813000.0,25691000.0,4236431000.0,172159000.0,91819000.0,34407000.0,472642000.0,365389000.0,,,,,1934601000.0,-14534000.0,3398400000.0,4236431000.0,29874000.0,33735000.0,,100233000.0,-18355000.0,,,21795000.0,16757000.0,,420702000.0,24405000.0,,2993000.0,,,67527000.0,4255000.0,-56000.0,-266719000.0,10615000.0,,-1993557000.0,-1833891000.0,
2016-12-31,,,1942000000.0,,,856662000.0,1085338000.0,-5653000.0,1079685000.0,367000000.0,,,,587874000.0,599819000.0,377582000.0,,448051000.0,161971000.0,159556000.0,,,1432270000.0,,173343000.0,1331643000.0,1032635000.0,21630000.0,4153471000.0,193270000.0,79526000.0,41672000.0,470589000.0,353173000.0,,,,,2107548000.0,-23249000.0,3329709000.0,4153471000.0,40845000.0,45848000.0,92905000.0,86382000.0,-20875000.0,,,45340000.0,13819000.0,,701355000.0,300426000.0,,120987000.0,,,99819000.0,5518000.0,-7000.0,-256193000.0,16405000.0,,-2238391000.0,-1797835000.0,
2017-03-31,,,480874000.0,,,216612000.0,264262000.0,,264920000.0,86940000.0,,,,571578000.0,582032000.0,576337000.0,,509477000.0,171290000.0,,,,1616816000.0,,189631000.0,1331643000.0,1032886000.0,19555000.0,4349747000.0,178093000.0,92043000.0,42625000.0,469824000.0,349697000.0,,,,,2285528000.0,-21917000.0,3530226000.0,4349747000.0,11183000.0,13142000.0,,-7441000.0,7793000.0,,,-19317000.0,-4454000.0,,192964000.0,58314000.0,,71553000.0,,,19093000.0,848000.0,52000.0,-6302000.0,13621000.0,,12857000.0,198755000.0,
2017-06-30,,,1064371000.0,,,450068000.0,614303000.0,,612410000.0,211797000.0,,,,567910000.0,578020000.0,777655000.0,,537082000.0,190600000.0,,,,1880079000.0,,211555000.0,1331643000.0,1032874000.0,20602000.0,4684131000.0,242667000.0,100801000.0,43946000.0,561171000.0,346943000.0,,,,,2508161000.0,-16833000.0,3776017000.0,4684131000.0,22775000.0,25983000.0,,75178000.0,24859000.0,,,8784000.0,-7069000.0,,533222000.0,286858000.0,,172528000.0,,,40477000.0,,632000.0,-154680000.0,19093000.0,,17457000.0,400073000.0,
2017-09-30,,,1634080000.0,,,702405000.0,931675000.0,,933778000.0,314422000.0,,,,567878000.0,578368000.0,465559000.0,,535336000.0,213341000.0,,,,1934297000.0,,225421000.0,1331643000.0,1033481000.0,18322000.0,4708906000.0,229551000.0,112732000.0,43566000.0,597684000.0,342249000.0,,,819000.0,,2726904000.0,-15533000.0,3768154000.0,4708906000.0,35104000.0,39265000.0,,70865000.0,46700000.0,,,24653000.0,-12461000.0,,790057000.0,768276000.0,,358107000.0,,,67738000.0,,1216000.0,-483405000.0,26776000.0,,-224275000.0,87977000.0,
2017-12-31,,,2137690000.0,,,938903000.0,1198787000.0,2836000.0,1201623000.0,380945000.0,,,,566782000.0,577141000.0,528622000.0,,449476000.0,255745000.0,92333000.0,,,2086377000.0,,230276000.0,1331643000.0,1034085000.0,13932000.0,4791012000.0,245910000.0,87475000.0,43236000.0,560351000.0,334354000.0,,,1095000.0,,2928226000.0,-16659000.0,3895212000.0,4791012000.0,48887000.0,52282000.0,60280000.0,-11822000.0,88867000.0,,,29579000.0,-19872000.0,,987731000.0,971813000.0,,533183000.0,,,83435000.0,9693000.0,1199000.0,-531541000.0,52626000.0,,-311135000.0,151040000.0,
2018-03-31,850921000.0,,515257000.0,,,235342000.0,279915000.0,1805000.0,281720000.0,65670000.0,,,,566000000.0,574129000.0,511360000.0,,525463000.0,268607000.0,,,,2038548000.0,,231199000.0,1331643000.0,1036661000.0,12836000.0,4740132000.0,226063000.0,80893000.0,44325000.0,534022000.0,328300000.0,,,2203000.0,,3137691000.0,-13721000.0,3875607000.0,4740132000.0,13991000.0,13439000.0,,72699000.0,11274000.0,,,-22616000.0,-6592000.0,,148911000.0,247421000.0,,334216000.0,,,13049000.0,,1549000.0,75874000.0,6501000.0,,-245992000.0,-17262000.0,
2018-06-30,1866793000.0,,1135514000.0,,,497979000.0,637535000.0,2281000.0,639816000.0,153651000.0,,,,562917000.0,570231000.0,659687000.0,,592568000.0,275566000.0,,,,1828679000.0,,240658000.0,1331643000.0,1039401000.0,16436000.0,4542070000.0,267117000.0,82191000.0,43888000.0,614212000.0,320259000.0,,,2439000.0,,3407806000.0,-25196000.0,3605160000.0,4542070000.0,28185000.0,28345000.0,,154369000.0,22753000.0,,,24684000.0,-12342000.0,,501300000.0,342463000.0,,807396000.0,,,34619000.0,,7684000.0,426178000.0,13616000.0,,-792505000.0,131065000.0,
2018-09-30,2882953000.0,,1743173000.0,,,766065000.0,977108000.0,5269000.0,982377000.0,228480000.0,,,,559472000.0,566791000.0,713714000.0,,620162000.0,262084000.0,,,,2152671000.0,,242854000.0,1331643000.0,1042248000.0,15080000.0,4871359000.0,278914000.0,112436000.0,44232000.0,656362000.0,319007000.0,,,2723000.0,,3675538000.0,-29777000.0,3893267000.0,4871359000.0,42469000.0,42436000.0,,181683000.0,10338000.0,,,39641000.0,-13941000.0,,821360000.0,711009000.0,,927410000.0,,,49862000.0,,10125000.0,154148000.0,24481000.0,,-782150000.0,185092000.0,
2018-12-31,3807183000.0,,2295375000.0,,,1011756000.0,1283619000.0,9653000.0,1293272000.0,300268000.0,,,,557166000.0,564254000.0,637513000.0,,484562000.0,277705000.0,85688000.0,,,1804170000.0,,243051000.0,1331643000.0,1045878000.0,16462000.0,4526891000.0,248760000.0,112507000.0,44045000.0,601145000.0,312224000.0,,,2621000.0,,3914645000.0,-32864000.0,3610901000.0,4526891000.0,56979000.0,57111000.0,2670000.0,48370000.0,26146000.0,,,9852000.0,-19967000.0,,1161881000.0,826084000.0,,1181484000.0,,,61941000.0,12984000.0,11814000.0,272956000.0,27851000.0,,-1316111000.0,108891000.0,
2019-03-31,945991000.0,,573532000.0,,,262071000.0,311461000.0,2742000.0,314203000.0,52718000.0,,,,542768000.0,548273000.0,618344000.0,,596661000.0,300780000.0,,,,1907300000.0,,241232000.0,1331643000.0,1042839000.0,47622000.0,4655851000.0,267735000.0,117350000.0,43591000.0,630972000.0,303241000.0,,,22818000.0,,4176130000.0,-34125000.0,3698820000.0,4655851000.0,14870000.0,15324000.0,,116426000.0,24004000.0,,,18565000.0,-9476000.0,,123396000.0,175314000.0,,232387000.0,,,8485000.0,,2291000.0,46779000.0,35163000.0,,-188022000.0,-19169000.0,
2019-06-30,2050037000.0,815221000.0,1234816000.0,,,544364000.0,690452000.0,5714000.0,696166000.0,142208000.0,,,,544156000.0,548299000.0,888247000.0,,688197000.0,299529000.0,85148000.0,,,2326768000.0,,240165000.0,1331643000.0,1045810000.0,47792000.0,5084332000.0,292627000.0,124659000.0,43839000.0,705500000.0,,,,22871000.0,,4468603000.0,-28756000.0,4057586000.0,5084332000.0,32444000.0,30899000.0,,204393000.0,21505000.0,,,36850000.0,,,454785000.0,380851000.0,,346464000.0,,,21077000.0,,1019000.0,-56042000.0,81134000.0,,-151354000.0,250734000.0,
2019-09-30,3183613000.0,1275796000.0,1907817000.0,,,821923000.0,1085894000.0,8835000.0,1094729000.0,241848000.0,,,,544469000.0,548422000.0,717617000.0,,647983000.0,317745000.0,85148000.0,,,2360760000.0,,251760000.0,1331643000.0,1047473000.0,46212000.0,5137366000.0,304773000.0,112318000.0,43805000.0,714216000.0,,,,23071000.0,,4767526000.0,-43083000.0,4107978000.0,5137366000.0,47843000.0,46890000.0,,179838000.0,44947000.0,,,69480000.0,,,821069000.0,835964000.0,,558128000.0,,,44392000.0,5478000.0,1289000.0,-328185000.0,85245000.0,,-405317000.0,80104000.0,
2019-12-31,4200819000.0,1682234000.0,2518585000.0,,,1115646000.0,1402939000.0,13023000.0,1415962000.0,308127000.0,,,,542191000.0,546608000.0,797957000.0,,540330000.0,360731000.0,84777000.0,,,2316309000.0,,298640000.0,1331643000.0,1052105000.0,53973000.0,5150352000.0,274045000.0,114075000.0,44237000.0,661097000.0,,,,30505000.0,,5022480000.0,-32387000.0,4171281000.0,5150352000.0,64814000.0,63356000.0,-2777000.0,66411000.0,85222000.0,,,28832000.0,,,1113762000.0,1067736000.0,,851436000.0,,,101661000.0,8737000.0,1265000.0,-326724000.0,92363000.0,,-628506000.0,160444000.0,
2020-03-31,1062097000.0,424901000.0,637196000.0,,,272208000.0,364988000.0,,365860000.0,87025000.0,,,,536061000.0,540518000.0,701836000.0,,670570000.0,352305000.0,,,,2048722000.0,,295570000.0,1331643000.0,1053107000.0,53756000.0,4881497000.0,305529000.0,145224000.0,44844000.0,701541000.0,,,,30617000.0,,5301315000.0,-62682000.0,3870946000.0,4881497000.0,16546000.0,17098000.0,,147660000.0,-1037000.0,,,19328000.0,,,191132000.0,214697000.0,,513534000.0,,,11119000.0,,1148000.0,279976000.0,13975000.0,,-545968000.0,-96121000.0,
2020-06-30,2155993000.0,859329000.0,1296664000.0,,,524412000.0,772252000.0,,771329000.0,181125000.0,,,,531486000.0,535897000.0,921326000.0,,760433000.0,340536000.0,,,,2371450000.0,,301946000.0,1331643000.0,1055544000.0,46376000.0,5193813000.0,261969000.0,142848000.0,44894000.0,674865000.0,,,,24482000.0,,5612684000.0,-53438000.0,4221540000.0,5193813000.0,32057000.0,33034000.0,,231782000.0,-14181000.0,,,-6772000.0,,,440458000.0,425973000.0,,719616000.0,,,29116000.0,13085000.0,1338000.0,250694000.0,43842000.0,,-553608000.0,123369000.0,
2020-09-30,3402355000.0,1369160000.0,2033195000.0,,,802343000.0,1230852000.0,,1225361000.0,287503000.0,,,,530194000.0,535011000.0,1074730000.0,,740813000.0,318956000.0,,,,2825847000.0,,304687000.0,1331643000.0,1059537000.0,70621000.0,5697683000.0,281522000.0,168398000.0,45538000.0,773763000.0,,,,26318000.0,,5960338000.0,-32529000.0,4629321000.0,5697683000.0,45879000.0,53042000.0,,201677000.0,-39490000.0,,,-9724000.0,,,949236000.0,849276000.0,,795858000.0,,,42062000.0,19686000.0,26228000.0,-140514000.0,65540000.0,,-532878000.0,276773000.0,
2020-12-31,4598638000.0,1874758000.0,2723880000.0,,,1090727000.0,1633153000.0,,1626157000.0,216563000.0,,,,529639000.0,534807000.0,1180413000.0,,666012000.0,333085000.0,241650000.0,,,3140955000.0,,314656000.0,1331643000.0,1059046000.0,70475000.0,6202716000.0,296800000.0,142653000.0,45429000.0,749988000.0,,,,27432000.0,,6432074000.0,3034000.0,5160860000.0,6202716000.0,60973000.0,70289000.0,-151485000.0,120058000.0,-30304000.0,,,18696000.0,,,1364163000.0,1299981000.0,,920196000.0,,,48722000.0,18550000.0,26423000.0,-472487000.0,72936000.0,,-526068000.0,382456000.0,
2021-03-31,1243816000.0,528881000.0,714935000.0,,,300789000.0,414146000.0,,413387000.0,98193000.0,,,,528195000.0,534982000.0,1178879000.0,,802509000.0,368402000.0,,,,3433872000.0,,312155000.0,1331643000.0,1063092000.0,88203000.0,6534366000.0,334076000.0,170954000.0,45961000.0,788861000.0,,,,28338000.0,,6747268000.0,-24874000.0,5459437000.0,6534366000.0,13777000.0,18362000.0,,147544000.0,39546000.0,,,36859000.0,,,175473000.0,440570000.0,,325751000.0,,,8400000.0,7239000.0,18856000.0,-149083000.0,6761000.0,,-5701000.0,-1534000.0,
2021-06-30,2705751000.0,1153976000.0,1551775000.0,,,611652000.0,940123000.0,,940234000.0,221278000.0,,,,528653000.0,535557000.0,1584239000.0,,909169000.0,382890000.0,,,,3950675000.0,,309178000.0,1331643000.0,1058323000.0,89394000.0,7071543000.0,362900000.0,172498000.0,46656000.0,887527000.0,,,,26462000.0,,7151030000.0,-16822000.0,5905498000.0,7071543000.0,27489000.0,35691000.0,,239700000.0,52541000.0,,,63619000.0,,,586586000.0,795467000.0,,660965000.0,,,15522000.0,9926000.0,21236000.0,-180162000.0,24486000.0,,14292000.0,403826000.0,
2021-09-30,4116308000.0,1775375000.0,2340933000.0,,,956346000.0,1384587000.0,,1382408000.0,326247000.0,,,,528997000.0,535915000.0,1712671000.0,,849157000.0,471553000.0,,,,4383673000.0,,309574000.0,1331643000.0,1066083000.0,88883000.0,7449408000.0,396229000.0,180719000.0,45278000.0,932240000.0,,,,26550000.0,,7488235000.0,-43495000.0,6244997000.0,7449408000.0,40716000.0,52391000.0,,199709000.0,149414000.0,,,106570000.0,,,927982000.0,1343351000.0,,1016556000.0,,,28131000.0,5211000.0,22809000.0,-381700000.0,37160000.0,,21528000.0,532258000.0,
2021-12-31,5541352000.0,2432839000.0,3108513000.0,,,1311046000.0,1797467000.0,,1801419000.0,423944000.0,,,,528763000.0,535639000.0,1326462000.0,,896658000.0,593357000.0,225221000.0,,,4682110000.0,,313753000.0,1331643000.0,1072386000.0,80252000.0,7804784000.0,404263000.0,210964000.0,42530000.0,965076000.0,,,,29508000.0,,7809549000.0,-69165000.0,6566951000.0,7804784000.0,50155000.0,70483000.0,24531000.0,254228000.0,277793000.0,,,114297000.0,,,1155741000.0,2413143000.0,,1488599000.0,,,43868000.0,13585000.0,11353000.0,-992022000.0,45723000.0,,34821000.0,146049000.0,
2022-03-31,1518574000.0,741907000.0,776667000.0,,,377178000.0,399489000.0,,392189000.0,97986000.0,,,,529405000.0,535554000.0,1014786000.0,,1039780000.0,821132000.0,,,,4743666000.0,,407391000.0,1411928000.0,1232113000.0,101488000.0,8187459000.0,438256000.0,234111000.0,42540000.0,1044361000.0,,,,38185000.0,,8103752000.0,-72145000.0,6866672000.0,8187459000.0,14599000.0,16332000.0,,134433000.0,208673000.0,,,18329000.0,,,-351000.0,441925000.0,,504808000.0,,,21511000.0,8419000.0,6241000.0,-303630000.0,4510000.0,,-4223000.0,-311676000.0,
2022-06-30,3173833000.0,1617306000.0,1556527000.0,,,784088000.0,772439000.0,,758359000.0,190796000.0,,,,529009000.0,535209000.0,1132039000.0,,1175587000.0,885948000.0,,,,4696620000.0,,464541000.0,1412941000.0,1223114000.0,110390000.0,8175012000.0,492858000.0,209154000.0,44344000.0,1093608000.0,,,,40056000.0,,8377112000.0,-152957000.0,6809178000.0,8175012000.0,30432000.0,32609000.0,,289236000.0,299076000.0,,,85499000.0,,,130663000.0,964267000.0,,1409707000.0,,,99446000.0,,12738000.0,-5738000.0,22622000.0,,-268953000.0,-194423000.0,
2022-09-30,4798119000.0,2407867000.0,2390252000.0,,,1199883000.0,1190369000.0,,1178437000.0,288487000.0,,,,528263000.0,534599000.0,1303048000.0,,1051642000.0,862977000.0,,,,4696691000.0,,485550000.0,1412941000.0,1225826000.0,115913000.0,8204805000.0,520198000.0,198692000.0,42608000.0,1121717000.0,,,,41034000.0,,8699499000.0,-224455000.0,6815760000.0,8204805000.0,46040000.0,49167000.0,,202447000.0,297140000.0,,,52663000.0,,,589186000.0,1393910000.0,,1823943000.0,,,136158000.0,,19171000.0,-57743000.0,34759000.0,,-459275000.0,-23414000.0,
2022-12-31,6311050000.0,3136483000.0,3174567000.0,,,1589846000.0,1584721000.0,,1571964000.0,380340000.0,,,,526779000.0,533221000.0,1307141000.0,,1016203000.0,935631000.0,177039000.0,,,4764897000.0,,516897000.0,1417941000.0,1220410000.0,134478000.0,8293105000.0,444265000.0,172991000.0,43311000.0,1001978000.0,,,,42286000.0,,9001173000.0,-159073000.0,7025041000.0,8293105000.0,61241000.0,64109000.0,45453000.0,128981000.0,347712000.0,,,49765000.0,,,887699000.0,1847067000.0,,2252355000.0,,,188726000.0,,26343000.0,-161367000.0,64015000.0,,-706938000.0,-19321000.0,
2023-03-31,1698930000.0,801081000.0,897849000.0,,,412785000.0,485064000.0,,497560000.0,100116000.0,,,,1044909000.0,1059069000.0,1672660000.0,,1190351000.0,906723000.0,,,,5294609000.0,,545922000.0,1417941000.0,1222598000.0,145101000.0,8844362000.0,491249000.0,245932000.0,44440000.0,1187511000.0,,,,41727000.0,,4706192000.0,-147911000.0,7395360000.0,8844362000.0,16808000.0,16051000.0,,167512000.0,-35495000.0,,,51124000.0,,,424475000.0,518751000.0,,522501000.0,,,40100000.0,,13028000.0,-52766000.0,36348000.0,,-6049000.0,365519000.0,
2023-06-30,3553891000.0,1681820000.0,1872071000.0,,,863201000.0,1008870000.0,,1036523000.0,225208000.0,,,,1047065000.0,1060093000.0,1869774000.0,,1333004000.0,846812000.0,,,,5654113000.0,,576645000.0,1417941000.0,1224100000.0,151252000.0,9263338000.0,568613000.0,198656000.0,42765000.0,1162580000.0,,,,44255000.0,,5120063000.0,-155725000.0,7841464000.0,9263338000.0,32384000.0,34603000.0,,317808000.0,-93077000.0,,,132173000.0,,,763162000.0,1091126000.0,,1037803000.0,,,82425000.0,,17570000.0,-158209000.0,59666000.0,,-37820000.0,562633000.0,
2023-09-30,5409919000.0,2554086000.0,2855833000.0,,,1336437000.0,1519396000.0,,1618406000.0,354397000.0,,,,1047015000.0,1059966000.0,1773849000.0,,1231188000.0,883582000.0,,,,5311515000.0,,731208000.0,1417941000.0,1459447000.0,164867000.0,9314338000.0,539892000.0,207727000.0,40127000.0,1178802000.0,,,,53251000.0,,5572757000.0,-198033000.0,7873149000.0,9314338000.0,50364000.0,52465000.0,,218804000.0,-69796000.0,,,109823000.0,,,1283426000.0,1405233000.0,,1546038000.0,,,110224000.0,,19862000.0,-360023000.0,65560000.0,,-433793000.0,466708000.0,
2023-12-31,7140027000.0,3345821000.0,3794206000.0,,,1840851000.0,1953355000.0,,2068482000.0,437494000.0,,,,1044887000.0,1057981000.0,2297675000.0,,1193964000.0,971406000.0,146107000.0,,,5588996000.0,,890796000.0,1417941000.0,1427139000.0,110216000.0,9686522000.0,564379000.0,183988000.0,41914000.0,1161689000.0,,,,91838000.0,,5939736000.0,-125337000.0,8228744000.0,9686522000.0,68898000.0,68836000.0,30677000.0,163158000.0,-7898000.0,,,112786000.0,,,1717753000.0,1620718000.0,,2029737000.0,,,221428000.0,,6825000.0,-193395000.0,130267000.0,,-542599000.0,990534000.0,
2024-03-31,1899098000.0,871969000.0,1027129000.0,,,485138000.0,541991000.0,,577745000.0,135696000.0,,,,1041081000.0,1051282000.0,2576524000.0,,1370239000.0,939630000.0,,,,6035514000.0,,923290000.0,1417941000.0,1430762000.0,107126000.0,10098066000.0,533729000.0,204679000.0,43776000.0,1228828000.0,,,,92690000.0,,6381785000.0,-157940000.0,8577789000.0,10098066000.0,20475000.0,22472000.0,,195081000.0,-22708000.0,,,-9062000.0,,,412142000.0,342228000.0,,382125000.0,,,66044000.0,,985000.0,-35322000.0,38392000.0,,-84749000.0,278849000.0,
2024-06-30,3799695000.0,1753061000.0,2046634000.0,,,977480000.0,1069154000.0,,1129285000.0,261867000.0,,,,1035175000.0,1044363000.0,1564734000.0,,1362398000.0,834404000.0,,,,3954297000.0,,960962000.0,1417941000.0,1433326000.0,107109000.0,8060904000.0,511137000.0,213905000.0,44377000.0,1160523000.0,,,,64068000.0,,6807154000.0,-182304000.0,5866323000.0,8060904000.0,39913000.0,41262000.0,,197227000.0,-123484000.0,,,-33505000.0,,,848433000.0,342121000.0,,1377915000.0,,,125812000.0,,1366000.0,903304000.0,52093000.0,,-2440475000.0,-732941000.0,
2024-09-30,5680668000.0,2634235000.0,3046433000.0,,,1497363000.0,1549070000.0,,1603381000.0,365044000.0,,,,1015252000.0,1023912000.0,1625339000.0,,1285397000.0,770338000.0,,,,3897758000.0,,1006788000.0,1417941000.0,1442426000.0,104958000.0,8053301000.0,549028000.0,259088000.0,45627000.0,1245144000.0,,,,64884000.0,,7178073000.0,-137842000.0,5779400000.0,8053301000.0,59822000.0,68793000.0,,106404000.0,-197107000.0,,,-14346000.0,,,1466832000.0,342121000.0,,1377915000.0,,,172795000.0,,603000.0,843018000.0,62101000.0,,-2967704000.0,-672336000.0,
,,,,,,,,,,,,,,,,,,,,,,,,,,,,,,,,,,,,,,,,,,,,,,,,,,,,,,,,,,,,,,,,,,,
,,,,,,,,,,,,,,,,,,,,,,,,,,,,,,,,,,,,,,,,,,,,,,,,,,,,,,,,,,,,,,,,,,,
