Date,Net sales,Cost of sales,Gross margin,Research and development,"Selling, general and administrative",Total operating expenses,Operating income,"Other income/(expense), net",Income before provision for income taxes,Provision for income taxes,Net income,Earnings per share basic,Earnings per share diluted,Weighted-average basic,Weighted-average diluted,Cash and cash equivalents,Short-term marketable securities,"Accounts receivable, net",Inventories,Deferred tax assets,Vendor non-trade receivables,Other current assets,Total current assets,Long-term marketable securities,"Property, Plant and Equipment, Net",Goodwill,"Acquired intangible assets, net","Other Assets, Noncurrent",Total assets,accounts payable,Accrued expenses,Deferred revenue,Total current liabilities,Deferred revenue - non-current,deferred tax liabilities,long term taxes payable,Total other non-current liabilities,Total liabilities,Retained Earnings (Accumulated Deficit),Accumulated other comprehensive (loss)/income,Total shareholders equity,Total liabilities and shareholders' equity,"Depreciation, amortization and accretion",Stock-based compensation expense,Deferred income tax expense,"Increase (Decrease) in Accounts receivable, net",Increase (Decrease) in Inventories,Increase (Decrease) in Other Receivables,Increase (Decrease) in Other Operating Assets,Increase (Decrease) in Accounts Payable,Increase (Decrease) in Deferred Revenue,Increase (Decrease) Other liabilities,Cash generated by operating activities,Purchases of marketable securities,Proceeds from maturities of marketable securities,Proceeds from sales of marketable securities,Purchases of other long-term investments,"Business acquisitions, net of cash acquired",Cash payments for capital asset purchases,Payments for acquisition of intangible assets,Payments for (Proceeds from) Other Investing Activities,Cash used in investing activities,Proceeds from issuance of common stock,Excess tax benefits from stock-based compensation,Cash generated/used in financing activities,Increase/(decrease) in cash and cash equivalents,"Cash paid for income taxes, net"
2009-12-31,23556000000.0,,8834000000.0,,,,5462000000.0,,,1669000000.0,3206000000.0,1.55,1.54,,,1871000000.0,,,1810000000.0,1336000000.0,,660000000.0,5773000000.0,,2684000000.0,5174000000.0,12138000000.0,1097000000.0,36677000000.0,494000000.0,,,7992000000.0,,4383000000.0,,1248000000.0,32573000000.0,22599000000.0,-1561000000.0,4069000000.0,36677000000.0,291000000.0,,499000000.0,7000000.0,-51000000.0,,,-25000000.0,,,3443000000.0,,,,,10244000000.0,273000000.0,,31000000.0,-9764000000.0,89000000.0,,276000000.0,-6045000000.0,
2010-03-31,5760000000.0,,2084000000.0,,,,1430000000.0,,,468000000.0,813000000.0,0.39,0.39,,,3290000000.0,,,1813000000.0,1261000000.0,,504000000.0,7038000000.0,,2635000000.0,5174000000.0,12132000000.0,1102000000.0,37999000000.0,311000000.0,,,9040000000.0,,4468000000.0,,1223000000.0,33702000000.0,22683000000.0,-1491000000.0,4263000000.0,37999000000.0,69000000.0,,69000000.0,58000000.0,3000000.0,,,-8000000.0,,,2041000000.0,,,,,,38000000.0,,-15000000.0,17000000.0,21000000.0,,-639000000.0,1419000000.0,
2010-09-30,18436000000.0,,6934000000.0,,,,4735000000.0,,,1329000000.0,2986000000.0,1.43,1.43,2078000000.0,2080000000.0,1700000000.0,,,1618000000.0,1264000000.0,,842000000.0,5506000000.0,,2422000000.0,5174000000.0,12122000000.0,1837000000.0,37110000000.0,320000000.0,,,6349000000.0,,4779000000.0,,960000000.0,31925000000.0,23334000000.0,-1369000000.0,5150000000.0,37110000000.0,208000000.0,,197000000.0,-19000000.0,-192000000.0,,,6000000.0,,,1722000000.0,,,,,,116000000.0,,-80000000.0,83000000.0,89000000.0,,-1976000000.0,-171000000.0,
2010-12-31,24363000000.0,,9188000000.0,144000000.0,,,6228000000.0,,5723000000.0,1816000000.0,3905000000.0,1.87,1.87,2077000000.0,2079000000.0,2314000000.0,,,1803000000.0,1165000000.0,,614000000.0,5981000000.0,,2380000000.0,5174000000.0,12118000000.0,1851000000.0,37402000000.0,529000000.0,,,6840000000.0,,4618000000.0,,949000000.0,32175000000.0,23459000000.0,-1484000000.0,5192000000.0,37402000000.0,276000000.0,,124000000.0,-15000000.0,-7000000.0,,,48000000.0,,,2767000000.0,,,,,,168000000.0,,-115000000.0,259000000.0,104000000.0,,-2583000000.0,443000000.0,
2011-03-31,5643000000.0,,2148000000.0,,,,1539000000.0,,,512000000.0,937000000.0,0.45,0.45,2084000000.0,2084000000.0,3432000000.0,,,1824000000.0,1163000000.0,,498000000.0,6988000000.0,,2339000000.0,5174000000.0,12112000000.0,1821000000.0,38584000000.0,282000000.0,,,7884000000.0,,4742000000.0,,895000000.0,33096000000.0,23601000000.0,-1391000000.0,5453000000.0,38584000000.0,60000000.0,,72000000.0,5000000.0,21000000.0,,,-66000000.0,,,2062000000.0,,,,,,13000000.0,,-1000000.0,-8000000.0,21000000.0,,-936000000.0,1118000000.0,
2011-06-30,11563000000.0,,4120000000.0,,,,2834000000.0,,2606000000.0,1224000000.0,1381000000.0,0.66,0.66,2080000000.0,2080000000.0,2064000000.0,,,1673000000.0,1163000000.0,,591000000.0,5657000000.0,,2305000000.0,5174000000.0,12107000000.0,1774000000.0,36832000000.0,252000000.0,,,5446000000.0,,4861000000.0,,807000000.0,32164000000.0,23256000000.0,-1279000000.0,4633000000.0,36832000000.0,121000000.0,,132000000.0,12000000.0,-130000000.0,,,-94000000.0,,,479000000.0,,,,,,40000000.0,,-1000000.0,90000000.0,29000000.0,,-819000000.0,-250000000.0,
2011-09-30,17671000000.0,,6565000000.0,,,,4712000000.0,,4399000000.0,1843000000.0,2554000000.0,1.23,1.23,2071000000.0,2071000000.0,3043000000.0,,,1625000000.0,1187000000.0,,526000000.0,6575000000.0,,2284000000.0,5174000000.0,12102000000.0,1694000000.0,37201000000.0,326000000.0,,,6979000000.0,,4839000000.0,,727000000.0,32746000000.0,23585000000.0,-1461000000.0,4419000000.0,37201000000.0,184000000.0,,190000000.0,9000000.0,-178000000.0,,,-106000000.0,,,2564000000.0,,,,,,75000000.0,,-1000000.0,174000000.0,29000000.0,,-2009000000.0,729000000.0,
2011-12-31,23800000000.0,,8939000000.0,128000000.0,,,6068000000.0,,5582000000.0,2189000000.0,3390000000.0,1.64,1.64,2064000000.0,2064000000.0,3270000000.0,,,1779000000.0,1207000000.0,,607000000.0,7131000000.0,,2216000000.0,5174000000.0,12098000000.0,1257000000.0,36962000000.0,503000000.0,,,7643000000.0,,4751000000.0,,602000000.0,33247000000.0,23583000000.0,-1887000000.0,3680000000.0,36962000000.0,253000000.0,,-443000000.0,19000000.0,-24000000.0,,,-60000000.0,,,3613000000.0,,,,,,105000000.0,,-2000000.0,387000000.0,29000000.0,,-3044000000.0,956000000.0,
2012-03-31,5647000000.0,,2202000000.0,,,,1642000000.0,,1527000000.0,554000000.0,973000000.0,0.48,0.48,,,4156000000.0,,,1830000000.0,1207000000.0,,456000000.0,7893000000.0,,2165000000.0,5174000000.0,12093000000.0,1235000000.0,37815000000.0,328000000.0,,,8781000000.0,,4932000000.0,,590000000.0,34079000000.0,23720000000.0,-1685000000.0,3701000000.0,37815000000.0,56000000.0,,80000000.0,-13000000.0,51000000.0,,,-68000000.0,,,1837000000.0,,,,,,16000000.0,,,287000000.0,,,-1238000000.0,886000000.0,
2012-06-30,12134000000.0,,4696000000.0,,,,3519000000.0,,3676000000.0,1255000000.0,2420000000.0,1.19,1.19,,,1528000000.0,,,1684000000.0,1207000000.0,,468000000.0,5143000000.0,,2131000000.0,5174000000.0,12088000000.0,472000000.0,34547000000.0,335000000.0,,,6081000000.0,,5074000000.0,,606000000.0,30239000000.0,24334000000.0,-1674000000.0,4273000000.0,34547000000.0,113000000.0,,299000000.0,2000000.0,95000000.0,,,-64000000.0,,,-85000000.0,,,,,,39000000.0,,3000000.0,510000000.0,0.0,,-2167000000.0,-1742000000.0,
2012-09-30,18376000000.0,,7180000000.0,,,,5488000000.0,,4719000000.0,1641000000.0,3077000000.0,1.51,1.51,,,2186000000.0,,,1624000000.0,1287000000.0,,641000000.0,5934000000.0,,2111000000.0,5174000000.0,12083000000.0,419000000.0,35038000000.0,289000000.0,,,6348000000.0,,5095000000.0,,560000000.0,31137000000.0,24098000000.0,-1604000000.0,3866000000.0,35038000000.0,169000000.0,,226000000.0,202000000.0,155000000.0,,,-38000000.0,,,2120000000.0,,,,,,77000000.0,,8000000.0,728000000.0,0.0,,-3932000000.0,-1084000000.0,
2012-12-31,24618000000.0,,9563000000.0,136000000.0,,,7253000000.0,,6477000000.0,2294000000.0,,2.06,2.06,2024000000.0,2024000000.0,2900000000.0,,,1746000000.0,1216000000.0,,260000000.0,6315000000.0,,2102000000.0,5174000000.0,12078000000.0,425000000.0,35329000000.0,451000000.0,,,8251000000.0,,4953000000.0,,556000000.0,32125000000.0,24316000000.0,-2040000000.0,3168000000.0,35329000000.0,225000000.0,,-929000000.0,-202000000.0,-33000000.0,,,5000000.0,,,3903000000.0,,,,,,124000000.0,,5000000.0,920000000.0,0.0,,-5193000000.0,-370000000.0,
2013-03-31,5528000000.0,,2674000000.0,,,,2152000000.0,,2147000000.0,762000000.0,1385000000.0,,,,,3775000000.0,,,1816000000.0,1216000000.0,,197000000.0,7116000000.0,,2068000000.0,5174000000.0,12073000000.0,441000000.0,36006000000.0,259000000.0,,,9498000000.0,,6657000000.0,,528000000.0,32401000000.0,24817000000.0,-2068000000.0,3569000000.0,36006000000.0,54000000.0,,16000000.0,-81000000.0,70000000.0,,,-89000000.0,,,1793000000.0,,,,,,15000000.0,,,188000000.0,,,-1106000000.0,875000000.0,
2013-06-30,11833000000.0,,5228000000.0,,,,4153000000.0,,4111000000.0,1460000000.0,2651000000.0,,,,,2571000000.0,,,1701000000.0,1217000000.0,,257000000.0,5860000000.0,,2040000000.0,5174000000.0,12068000000.0,451000000.0,34440000000.0,275000000.0,,,7070000000.0,,6560000000.0,,530000000.0,30841000000.0,25201000000.0,-2330000000.0,3565000000.0,34440000000.0,106000000.0,,50000000.0,-79000000.0,-45000000.0,,,-79000000.0,,,570000000.0,,,,,,41000000.0,,-6000000.0,239000000.0,,,-1138000000.0,-329000000.0,
2013-09-30,18386000000.0,,8049000000.0,,,,6285000000.0,,6229000000.0,2182000000.0,4047000000.0,,,,,4211000000.0,,,1718000000.0,1218000000.0,,310000000.0,7549000000.0,,2041000000.0,5174000000.0,12063000000.0,450000000.0,35950000000.0,347000000.0,,,8337000000.0,,6466000000.0,,505000000.0,31935000000.0,25636000000.0,-2223000000.0,3981000000.0,35950000000.0,158000000.0,,-105000000.0,-101000000.0,-28000000.0,,,-19000000.0,,,2976000000.0,,,,,,90000000.0,,-16000000.0,485000000.0,,,-2150000000.0,1311000000.0,
2013-12-31,24466000000.0,,10457000000.0,153000000.0,,,8084000000.0,,6942000000.0,2407000000.0,4535000000.0,,,,,3175000000.0,,,1879000000.0,1100000000.0,,321000000.0,6590000000.0,,2028000000.0,5174000000.0,12058000000.0,557000000.0,34859000000.0,409000000.0,,,7058000000.0,,6854000000.0,,435000000.0,30706000000.0,25168000000.0,-1378000000.0,4119000000.0,34859000000.0,212000000.0,,-86000000.0,-78000000.0,133000000.0,,,-76000000.0,,,4375000000.0,,,,,,131000000.0,,-17000000.0,602000000.0,0.0,,-4702000000.0,275000000.0,
2014-03-31,5517000000.0,,2256000000.0,,,,1734000000.0,,1806000000.0,631000000.0,1175000000.0,,,,,3620000000.0,,,1970000000.0,1100000000.0,,174000000.0,6977000000.0,,2003000000.0,5174000000.0,12053000000.0,591000000.0,35406000000.0,321000000.0,,,7584000000.0,,6908000000.0,,406000000.0,31259000000.0,25388000000.0,-1318000000.0,4115000000.0,35406000000.0,50000000.0,,-13000000.0,-2000000.0,91000000.0,,,-109000000.0,,,2125000000.0,,,,,,27000000.0,,-5000000.0,76000000.0,,,-1756000000.0,445000000.0,
2014-06-30,11773000000.0,,4859000000.0,,,,3709000000.0,,3751000000.0,1314000000.0,2437000000.0,,,,,1193000000.0,,,1850000000.0,1101000000.0,,226000000.0,4475000000.0,,1997000000.0,5285000000.0,12059000000.0,650000000.0,33282000000.0,311000000.0,,,5046000000.0,,6970000000.0,,481000000.0,28855000000.0,25698000000.0,-1229000000.0,4395000000.0,33282000000.0,100000000.0,,-21000000.0,-12000000.0,-38000000.0,,,-121000000.0,,,759000000.0,,,,,93000000.0,60000000.0,,-66000000.0,102000000.0,,,-2843000000.0,-1982000000.0,
2014-09-30,18264000000.0,,7533000000.0,,,,5708000000.0,,5865000000.0,2031000000.0,3834000000.0,,,,,2241000000.0,,,1890000000.0,1095000000.0,,330000000.0,5662000000.0,,1998000000.0,5285000000.0,12054000000.0,670000000.0,34082000000.0,332000000.0,,,7367000000.0,,6829000000.0,,502000000.0,29756000000.0,26066000000.0,-1454000000.0,4294000000.0,34082000000.0,149000000.0,,-36000000.0,-10000000.0,20000000.0,,,-64000000.0,,,3060000000.0,,,,,93000000.0,116000000.0,,-79000000.0,60000000.0,,,-4054000000.0,-934000000.0,
2014-12-31,24522000000.0,,10160000000.0,167000000.0,,,7620000000.0,,7774000000.0,2704000000.0,5070000000.0,,,,,3321000000.0,,,2040000000.0,1143000000.0,,250000000.0,6878000000.0,,1983000000.0,5285000000.0,12049000000.0,483000000.0,34475000000.0,416000000.0,,,7673000000.0,,6088000000.0,,503000000.0,31430000000.0,26277000000.0,-2682000000.0,3014000000.0,34475000000.0,208000000.0,,-129000000.0,8000000.0,184000000.0,,,-5000000.0,,,4663000000.0,,,,,102000000.0,163000000.0,,-73000000.0,177000000.0,,,-4694000000.0,146000000.0,
2015-03-31,5804000000.0,,2475000000.0,,,,1865000000.0,,1562000000.0,544000000.0,1018000000.0,,,,,3674000000.0,,,2085000000.0,1143000000.0,,159000000.0,7233000000.0,,1972000000.0,5285000000.0,12044000000.0,468000000.0,34212000000.0,274000000.0,,,8895000000.0,,5907000000.0,,515000000.0,31650000000.0,26271000000.0,-2945000000.0,2533000000.0,34212000000.0,49000000.0,,-40000000.0,-25000000.0,62000000.0,,,-166000000.0,,,2498000000.0,,,,,,48000000.0,,0.0,99000000.0,,,-2244000000.0,353000000.0,
2015-06-30,12417000000.0,,5346000000.0,,,,4089000000.0,,3816000000.0,1349000000.0,2466000000.0,,,,,1123000000.0,,,1914000000.0,1143000000.0,,311000000.0,4633000000.0,,1991000000.0,5285000000.0,12039000000.0,465000000.0,31869000000.0,290000000.0,,,6261000000.0,,6011000000.0,,475000000.0,29060000000.0,26698000000.0,-2878000000.0,2779000000.0,31869000000.0,100000000.0,,28000000.0,-19000000.0,-105000000.0,,,-154000000.0,,,1247000000.0,,,,,0.0,99000000.0,,-1000000.0,87000000.0,,,-3532000000.0,-2198000000.0,
2015-09-30,19116000000.0,,8392000000.0,,,,6396000000.0,,6105000000.0,2110000000.0,3994000000.0,,,,,1907000000.0,,,1954000000.0,1143000000.0,,370000000.0,5511000000.0,,2016000000.0,5285000000.0,12033000000.0,417000000.0,31999000000.0,307000000.0,,,6567000000.0,,5831000000.0,,420000000.0,29083000000.0,27118000000.0,-3157000000.0,2887000000.0,31999000000.0,150000000.0,,-1000000.0,-9000000.0,-59000000.0,,,-102000000.0,,,4090000000.0,,,,,0.0,162000000.0,,-2000000.0,95000000.0,,,-5599000000.0,-1414000000.0,
2015-12-31,25434000000.0,,11114000000.0,186000000.0,,,8361000000.0,,8078000000.0,2835000000.0,5241000000.0,,,,,2369000000.0,,,2031000000.0,1175000000.0,,387000000.0,6086000000.0,,1982000000.0,5285000000.0,12028000000.0,432000000.0,32535000000.0,400000000.0,,,7078000000.0,,5663000000.0,,447000000.0,29625000000.0,27257000000.0,-3280000000.0,2880000000.0,32535000000.0,225000000.0,,-132000000.0,-3000000.0,33000000.0,,,-7000000.0,,,5810000000.0,,,,,0.0,229000000.0,,8000000.0,-15000000.0,,,-6747000000.0,-952000000.0,
2016-03-31,6066000000.0,,2656000000.0,,,,1977000000.0,,1883000000.0,665000000.0,1217000000.0,,,,,3815000000.0,,,2108000000.0,1175000000.0,,296000000.0,7498000000.0,,1955000000.0,5285000000.0,12023000000.0,394000000.0,34063000000.0,208000000.0,,,8616000000.0,,5606000000.0,,417000000.0,31278000000.0,27367000000.0,-3327000000.0,2745000000.0,34063000000.0,49000000.0,,-32000000.0,-20000000.0,79000000.0,,,-217000000.0,,,2689000000.0,,,,,,26000000.0,,-4000000.0,34000000.0,,,-1277000000.0,1446000000.0,
2016-06-30,12587000000.0,,5613000000.0,,,,4387000000.0,,4417000000.0,1545000000.0,2870000000.0,,,,,819000000.0,,,1970000000.0,1188000000.0,,501000000.0,4600000000.0,,1962000000.0,5285000000.0,12047000000.0,398000000.0,31324000000.0,193000000.0,,,5512000000.0,,5659000000.0,,415000000.0,28145000000.0,27915000000.0,-3340000000.0,3140000000.0,31324000000.0,98000000.0,,15000000.0,-3000000.0,-72000000.0,,,-233000000.0,,,1058000000.0,,,,,,77000000.0,,42000000.0,-63000000.0,,,-2545000000.0,-1550000000.0,
2016-09-30,19492000000.0,,8763000000.0,,,,6769000000.0,,6144000000.0,2178000000.0,3963000000.0,,,,,2298000000.0,,,1980000000.0,1188000000.0,,791000000.0,6403000000.0,,1969000000.0,5285000000.0,12042000000.0,363000000.0,32934000000.0,296000000.0,,,6895000000.0,,5607000000.0,,412000000.0,29951000000.0,27816000000.0,-3278000000.0,2944000000.0,32934000000.0,149000000.0,,-69000000.0,21000000.0,-54000000.0,,,-132000000.0,,,3500000000.0,,,,,,128000000.0,,44000000.0,35000000.0,,,-3606000000.0,-71000000.0,
2016-12-31,25744000000.0,,11591000000.0,203000000.0,,,8762000000.0,,21852000000.0,7608000000.0,14239000000.0,,,,,4569000000.0,,,2051000000.0,,,489000000.0,7260000000.0,,1958000000.0,5285000000.0,12036000000.0,513000000.0,45932000000.0,425000000.0,,,7375000000.0,,8416000000.0,,427000000.0,33121000000.0,36906000000.0,-2052000000.0,12770000000.0,45932000000.0,204000000.0,,3119000000.0,27000000.0,34000000.0,,,-6000000.0,,,3791000000.0,,,,,0.0,189000000.0,,36000000.0,3708000000.0,,,-5299000000.0,2200000000.0,
2017-03-31,6083000000.0,,2779000000.0,,,,2247000000.0,,2091000000.0,689000000.0,1401000000.0,,,,,5228000000.0,,,2122000000.0,,,141000000.0,7626000000.0,,1923000000.0,5307000000.0,12201000000.0,520000000.0,46175000000.0,235000000.0,,,8300000000.0,,8309000000.0,,431000000.0,33874000000.0,37124000000.0,-2212000000.0,12260000000.0,46175000000.0,52000000.0,,-23000000.0,-18000000.0,68000000.0,,,-189000000.0,,,2665000000.0,,,,,,33000000.0,,199000000.0,-230000000.0,,,-1776000000.0,659000000.0,
2017-06-30,12746000000.0,,5898000000.0,,,,4786000000.0,,5001000000.0,1609000000.0,3390000000.0,,,,,2255000000.0,,,1999000000.0,,,238000000.0,4611000000.0,,1900000000.0,5307000000.0,12196000000.0,505000000.0,43726000000.0,194000000.0,,,5582000000.0,,8527000000.0,,394000000.0,31269000000.0,37939000000.0,-1838000000.0,12418000000.0,43726000000.0,104000000.0,,30000000.0,-33000000.0,-55000000.0,,,-233000000.0,,,1948000000.0,,,,,,91000000.0,,200000000.0,-246000000.0,,,-4016000000.0,-2314000000.0,
2017-09-30,19475000000.0,,9081000000.0,,,,7393000000.0,,7645000000.0,2386000000.0,5256000000.0,,,,,2582000000.0,,,1987000000.0,,,439000000.0,5156000000.0,,1907000000.0,5307000000.0,12196000000.0,480000000.0,44160000000.0,270000000.0,,,6662000000.0,,8234000000.0,,372000000.0,31954000000.0,38542000000.0,-1946000000.0,12166000000.0,44160000000.0,155000000.0,,-223000000.0,-4000000.0,-67000000.0,,,-154000000.0,,,4165000000.0,,,,,,151000000.0,,184000000.0,-202000000.0,,,-5950000000.0,-1987000000.0,
2017-12-31,25576000000.0,,11951000000.0,241000000.0,,,9556000000.0,,9828000000.0,-399000000.0,10222000000.0,,,,,1253000000.0,,,2225000000.0,,,263000000.0,4344000000.0,,1914000000.0,5307000000.0,12400000000.0,386000000.0,43202000000.0,374000000.0,,,6792000000.0,,5247000000.0,,283000000.0,27784000000.0,42251000000.0,-1897000000.0,15377000000.0,43202000000.0,209000000.0,,-3126000000.0,-10000000.0,171000000.0,,,-55000000.0,,,4922000000.0,,,,,,199000000.0,,-19000000.0,-467000000.0,,,-7771000000.0,-3316000000.0,
2018-03-31,6108000000.0,,2936000000.0,,,,2316000000.0,,2466000000.0,571000000.0,1894000000.0,,,,,2191000000.0,,,2257000000.0,,,243000000.0,4824000000.0,,1891000000.0,5307000000.0,12400000000.0,424000000.0,43899000000.0,203000000.0,,,7475000000.0,,5292000000.0,,296000000.0,28465000000.0,42816000000.0,-1927000000.0,15394000000.0,43899000000.0,53000000.0,,54000000.0,-9000000.0,30000000.0,,,-164000000.0,,,2809000000.0,,,,,,34000000.0,,7000000.0,-41000000.0,,,-1793000000.0,,
2018-06-30,12413000000.0,3472000000.0,6077000000.0,,,,4814000000.0,,5023000000.0,1251000000.0,3770000000.0,,,,,1430000000.0,,,2123000000.0,,,252000000.0,4131000000.0,,1878000000.0,5307000000.0,12405000000.0,422000000.0,43177000000.0,209000000.0,,,6388000000.0,,,,230000000.0,27342000000.0,43369000000.0,-1652000000.0,15796000000.0,43177000000.0,104000000.0,,64000000.0,2000000.0,-105000000.0,,,-158000000.0,,,3850000000.0,,,,,,72000000.0,,9000000.0,-81000000.0,,,-3560000000.0,,
2018-09-30,19250000000.0,5509000000.0,9332000000.0,,,,7371000000.0,,7631000000.0,1915000000.0,5713000000.0,,,,,2393000000.0,,,2077000000.0,,,424000000.0,5165000000.0,,1891000000.0,5307000000.0,12385000000.0,532000000.0,43953000000.0,289000000.0,,,8646000000.0,,,,207000000.0,28419000000.0,43805000000.0,-2034000000.0,15494000000.0,43953000000.0,168000000.0,,215000000.0,45000000.0,-147000000.0,,,-79000000.0,,,6566000000.0,,,,,,132000000.0,,5000000.0,-137000000.0,,,-5251000000.0,,
2018-12-31,25364000000.0,7373000000.0,12254000000.0,252000000.0,,,9115000000.0,,9341000000.0,2374000000.0,6963000000.0,3.69,3.68,1887000000.0,1888000000.0,1333000000.0,,,2331000000.0,,,326000000.0,4299000000.0,,1938000000.0,5196000000.0,12279000000.0,1430000000.0,55638000000.0,399000000.0,,,21193000000.0,,,,254000000.0,40810000000.0,43962000000.0,-2547000000.0,14787000000.0,55638000000.0,227000000.0,,-57000000.0,0.0,129000000.0,,,27000000.0,,,8391000000.0,,,,,15000000.0,238000000.0,,7000000.0,-12988000000.0,,,4716000000.0,119000000.0,
2019-03-31,5628000000.0,1578000000.0,2811000000.0,,,,2238000000.0,,1516000000.0,395000000.0,1120000000.0,,,,,3352000000.0,,,2356000000.0,,,393000000.0,6262000000.0,,1922000000.0,5196000000.0,12327000000.0,1511000000.0,59233000000.0,205000000.0,,,10119000000.0,,,,357000000.0,45114000000.0,43582000000.0,-2717000000.0,14079000000.0,59233000000.0,53000000.0,,-72000000.0,16000000.0,25000000.0,,,-189000000.0,,,2289000000.0,,,,,,38000000.0,,81000000.0,-1950000000.0,,,1683000000.0,2022000000.0,
2019-06-30,12247000000.0,3452000000.0,6130000000.0,,,,4955000000.0,,4117000000.0,999000000.0,3116000000.0,,,,,1796000000.0,,,2235000000.0,,,210000000.0,4483000000.0,,1917000000.0,5196000000.0,12331000000.0,1480000000.0,57501000000.0,224000000.0,,,7952000000.0,,,,364000000.0,42997000000.0,44081000000.0,-2646000000.0,14464000000.0,57501000000.0,106000000.0,,-52000000.0,21000000.0,-96000000.0,,,-175000000.0,,,2392000000.0,,,,,,79000000.0,,65000000.0,-1976000000.0,,,-13000000.0,403000000.0,
2019-09-30,19103000000.0,5367000000.0,9627000000.0,,,,7899000000.0,,-2128000000.0,1473000000.0,-2600000000.0,,,,,1604000000.0,,,2188000000.0,,,319000000.0,4291000000.0,,1962000000.0,5262000000.0,12688000000.0,1364000000.0,52913000000.0,246000000.0,,,7662000000.0,,,,316000000.0,42237000000.0,39910000000.0,-2402000000.0,10545000000.0,52913000000.0,163000000.0,,-261000000.0,21000000.0,-147000000.0,,,-157000000.0,,,5274000000.0,,,,,,160000000.0,,-32000000.0,-2412000000.0,,,-2650000000.0,212000000.0,
2019-12-31,25110000000.0,7085000000.0,12711000000.0,168000000.0,,,10326000000.0,,766000000.0,2064000000.0,-1293000000.0,-0.7,-0.7,1869000000.0,1869000000.0,2117000000.0,,,2293000000.0,,,146000000.0,4824000000.0,,1999000000.0,5177000000.0,12687000000.0,1003000000.0,49271000000.0,325000000.0,,,8174000000.0,,,,345000000.0,42914000000.0,36539000000.0,-2864000000.0,6222000000.0,49271000000.0,226000000.0,,-95000000.0,8000000.0,-42000000.0,,,-79000000.0,,,7837000000.0,,,,,,246000000.0,,-173000000.0,-2398000000.0,,,-4712000000.0,727000000.0,
2020-03-31,6359000000.0,2173000000.0,2873000000.0,,,,2336000000.0,,2108000000.0,558000000.0,1552000000.0,,,,,5616000000.0,,,2006000000.0,,,166000000.0,7935000000.0,,1997000000.0,5177000000.0,12668000000.0,980000000.0,52618000000.0,278000000.0,,,11154000000.0,,,,402000000.0,45943000000.0,36528000000.0,-2533000000.0,6543000000.0,52618000000.0,65000000.0,,26000000.0,-5000000.0,5000000.0,,,-45000000.0,,,3129000000.0,,,,,,52000000.0,,0.0,-52000000.0,,,427000000.0,3504000000.0,
2020-06-30,12726000000.0,3948000000.0,6160000000.0,,,,5132000000.0,,4673000000.0,1185000000.0,3495000000.0,,,,1859000000.0,4826000000.0,,,1914000000.0,,,124000000.0,7004000000.0,,2002000000.0,5177000000.0,12650000000.0,1048000000.0,50200000000.0,273000000.0,,,9400000000.0,,,,410000000.0,44376000000.0,36908000000.0,-3774000000.0,5688000000.0,50200000000.0,130000000.0,,-4000000.0,-12000000.0,-87000000.0,,,-47000000.0,,,4946000000.0,,,,,,106000000.0,,-43000000.0,-63000000.0,,,-2149000000.0,2734000000.0,
2020-09-30,19849000000.0,5909000000.0,9877000000.0,,,,8292000000.0,,4349000000.0,1817000000.0,2543000000.0,1.37,1.36,,1859000000.0,4123000000.0,,,1862000000.0,,,263000000.0,6399000000.0,,2009000000.0,5177000000.0,12633000000.0,1025000000.0,46651000000.0,348000000.0,,,8290000000.0,,,,409000000.0,43380000000.0,34356000000.0,-3781000000.0,3139000000.0,46651000000.0,192000000.0,,-111000000.0,-1000000.0,-136000000.0,,,24000000.0,,,5844000000.0,,,,,,162000000.0,,-55000000.0,-107000000.0,,,-3713000000.0,2024000000.0,
2020-12-31,26153000000.0,7818000000.0,13023000000.0,131000000.0,,,10873000000.0,,6890000000.0,2436000000.0,4467000000.0,2.4,2.4,1858000000.0,1859000000.0,4945000000.0,,,1966000000.0,,,69000000.0,7117000000.0,,2012000000.0,5177000000.0,12615000000.0,964000000.0,47414000000.0,380000000.0,,,9063000000.0,,,,381000000.0,44449000000.0,34679000000.0,-4341000000.0,2839000000.0,47414000000.0,257000000.0,,-164000000.0,-20000000.0,-2000000.0,,,53000000.0,,,8385000000.0,,,,,,231000000.0,,-88000000.0,-143000000.0,,,-5396000000.0,2846000000.0,
2021-03-31,6036000000.0,1608000000.0,3272000000.0,,,,2690000000.0,,1937000000.0,516000000.0,1424000000.0,0.77,0.77,1857000000.0,1857000000.0,5792000000.0,,,1948000000.0,,,147000000.0,8029000000.0,,1982000000.0,5177000000.0,12598000000.0,857000000.0,48776000000.0,271000000.0,,,10004000000.0,,,,397000000.0,45741000000.0,34507000000.0,-3774000000.0,2913000000.0,48776000000.0,63000000.0,,65000000.0,5000000.0,-18000000.0,,,-98000000.0,,,3040000000.0,,,,,,26000000.0,,3000000.0,-29000000.0,,,-2172000000.0,839000000.0,
2021-06-30,12972000000.0,3490000000.0,7004000000.0,,,,5876000000.0,,4846000000.0,1275000000.0,3573000000.0,1.93,1.93,1853000000.0,1853000000.0,1877000000.0,,,1794000000.0,,,381000000.0,4184000000.0,,1933000000.0,5177000000.0,12580000000.0,683000000.0,44388000000.0,260000000.0,,,5783000000.0,,,,357000000.0,41088000000.0,35065000000.0,-3602000000.0,3257000000.0,44388000000.0,128000000.0,,64000000.0,-5000000.0,-172000000.0,,,-113000000.0,,,2679000000.0,,,,,,53000000.0,,-44000000.0,-9000000.0,,,-5749000000.0,-3079000000.0,
2021-09-30,19758000000.0,5348000000.0,10677000000.0,,,,8827000000.0,,-3302000000.0,693000000.0,-2722000000.0,-1.48,-1.48,1849000000.0,1849000000.0,2957000000.0,,,1133000000.0,,,404000000.0,6020000000.0,,1518000000.0,5177000000.0,12326000000.0,649000000.0,39564000000.0,266000000.0,,,8112000000.0,,,,307000000.0,40790000000.0,30685000000.0,-3430000000.0,-1267000000.0,39564000000.0,190000000.0,,-1180000000.0,7000000.0,-118000000.0,,,3000000.0,,,5742000000.0,,,,,,102000000.0,,-60000000.0,-42000000.0,,,-7668000000.0,-1968000000.0,
2021-12-31,26013000000.0,7119000000.0,13992000000.0,145000000.0,,,11560000000.0,,3824000000.0,1349000000.0,2475000000.0,1.34,1.34,1845000000.0,1845000000.0,4544000000.0,,,1194000000.0,,,298000000.0,6083000000.0,,1553000000.0,5177000000.0,12306000000.0,923000000.0,39523000000.0,449000000.0,,,8579000000.0,,,,283000000.0,41129000000.0,30664000000.0,-3056000000.0,-1606000000.0,39523000000.0,244000000.0,,-1160000000.0,18000000.0,-57000000.0,,,163000000.0,,,8405000000.0,,,,,,169000000.0,,-205000000.0,1212000000.0,,,-10029000000.0,-412000000.0,
2022-03-31,5892000000.0,1446000000.0,3373000000.0,,,,2884000000.0,,2673000000.0,714000000.0,1959000000.0,1.08,1.08,1818000000.0,1818000000.0,5353000000.0,,,1214000000.0,,,149000000.0,6762000000.0,,1547000000.0,5177000000.0,12289000000.0,981000000.0,40235000000.0,379000000.0,,,10928000000.0,,,,259000000.0,41995000000.0,30988000000.0,-2962000000.0,,40235000000.0,52000000.0,,43000000.0,-1000000.0,20000000.0,,,-59000000.0,,,3075000000.0,,,,,,45000000.0,,-11000000.0,-34000000.0,,,-2232000000.0,809000000.0,
2022-06-30,12435000000.0,3154000000.0,7039000000.0,,,,5989000000.0,,4278000000.0,1428000000.0,2850000000.0,1.57,1.57,1813000000.0,1813000000.0,2567000000.0,,,1144000000.0,,,332000000.0,4086000000.0,,1557000000.0,5177000000.0,12372000000.0,964000000.0,36746000000.0,396000000.0,,,8311000000.0,,,,260000000.0,39149000000.0,30252000000.0,-2377000000.0,,36746000000.0,109000000.0,,20000000.0,-4000000.0,-50000000.0,,,-47000000.0,,,2561000000.0,,,,,,83000000.0,,67000000.0,-150000000.0,,,-4373000000.0,-1962000000.0,
2022-09-30,18985000000.0,4869000000.0,10736000000.0,,,,9101000000.0,,4685000000.0,1611000000.0,3074000000.0,1.69,1.69,1808000000.0,1808000000.0,2483000000.0,,,1106000000.0,,,379000000.0,4020000000.0,,1587000000.0,5177000000.0,12353000000.0,1002000000.0,33953000000.0,417000000.0,,,8097000000.0,,,,278000000.0,38185000000.0,28785000000.0,-2383000000.0,,33953000000.0,163000000.0,,-550000000.0,5000000.0,-88000000.0,,,-27000000.0,,,5637000000.0,,,,,,147000000.0,,68000000.0,-215000000.0,,,-7476000000.0,-2054000000.0,
2022-12-31,25096000000.0,6442000000.0,14246000000.0,162000000.0,,,11919000000.0,,7389000000.0,1625000000.0,5764000000.0,3.19,3.19,1804000000.0,1804000000.0,4030000000.0,,,1180000000.0,,,241000000.0,7220000000.0,,1608000000.0,5177000000.0,12384000000.0,965000000.0,36954000000.0,552000000.0,,,8616000000.0,,,,324000000.0,40877000000.0,29792000000.0,-2771000000.0,-3973000000.0,36954000000.0,226000000.0,,-947000000.0,21000000.0,-14000000.0,,,92000000.0,,,8256000000.0,,,,,,205000000.0,,13000000.0,782000000.0,,,-9541000000.0,-503000000.0,
2023-03-31,5719000000.0,1434000000.0,3329000000.0,,,,2757000000.0,,2479000000.0,692000000.0,1787000000.0,1.0,1.0,1786000000.0,1786000000.0,3913000000.0,,,1252000000.0,,,183000000.0,7152000000.0,,1593000000.0,5177000000.0,12366000000.0,979000000.0,36826000000.0,412000000.0,,,9146000000.0,,,,809000000.0,40652000000.0,29898000000.0,-2779000000.0,-3876000000.0,36826000000.0,52000000.0,,-142000000.0,34000000.0,72000000.0,,,-115000000.0,,,2984000000.0,,,,,,55000000.0,,1000000.0,-56000000.0,,,-3045000000.0,-117000000.0,
2023-06-30,12227000000.0,3115000000.0,7086000000.0,,,,5662000000.0,,5285000000.0,1381000000.0,3904000000.0,2.18,2.18,1784000000.0,1784000000.0,874000000.0,,,1191000000.0,,,438000000.0,4338000000.0,,1626000000.0,6790000000.0,13749000000.0,1005000000.0,37151000000.0,454000000.0,,,11664000000.0,,,,1324000000.0,40928000000.0,30340000000.0,-2709000000.0,-3827000000.0,37151000000.0,114000000.0,,-406000000.0,58000000.0,-9000000.0,,,-82000000.0,,,3108000000.0,,,,,2750000000.0,103000000.0,,5000000.0,-2858000000.0,,,-3418000000.0,-3168000000.0,
2023-09-30,18508000000.0,4693000000.0,10785000000.0,,,,8751000000.0,,8193000000.0,2123000000.0,6070000000.0,3.4,3.4,1780000000.0,1780000000.0,1537000000.0,,,1174000000.0,,,622000000.0,3390000000.0,,1629000000.0,6791000000.0,13727000000.0,1025000000.0,36469000000.0,490000000.0,,,10381000000.0,,,,1718000000.0,39826000000.0,30767000000.0,-2471000000.0,-3407000000.0,36469000000.0,194000000.0,,-575000000.0,-19000000.0,-26000000.0,,,-47000000.0,,,6060000000.0,,,,,2751000000.0,143000000.0,,23000000.0,-1217000000.0,,,-7353000000.0,-2510000000.0,
2023-12-31,24483000000.0,6218000000.0,14284000000.0,220000000.0,,,11547000000.0,,10928000000.0,2798000000.0,8130000000.0,4.57,4.57,1777000000.0,1777000000.0,3686000000.0,,,1215000000.0,,,117000000.0,5585000000.0,,1652000000.0,6791000000.0,13686000000.0,845000000.0,38570000000.0,582000000.0,,,11319000000.0,,,,1621000000.0,42060000000.0,31094000000.0,-2673000000.0,-3540000000.0,38570000000.0,272000000.0,,-230000000.0,-6000000.0,15000000.0,,,38000000.0,,,9287000000.0,,,,,2751000000.0,196000000.0,,36000000.0,-1283000000.0,,,-8374000000.0,-370000000.0,
2024-03-31,5576000000.0,1437000000.0,3280000000.0,,,,2674000000.0,,2739000000.0,610000000.0,2129000000.0,1.21,1.21,1758000000.0,1758000000.0,3608000000.0,,,1241000000.0,,,99000000.0,5198000000.0,,1624000000.0,6945000000.0,13439000000.0,873000000.0,36475000000.0,504000000.0,,,10935000000.0,,,,1656000000.0,41539000000.0,31535000000.0,-2266000000.0,-5114000000.0,36475000000.0,65000000.0,,-138000000.0,6000000.0,26000000.0,,,-61000000.0,,,2877000000.0,,,,,,35000000.0,,2000000.0,2316000000.0,,,-5268000000.0,-75000000.0,
2024-06-30,11785000000.0,3039000000.0,6955000000.0,,,,5207000000.0,,7855000000.0,1923000000.0,5932000000.0,3.41,3.41,1738000000.0,1738000000.0,1799000000.0,,,1174000000.0,,,179000000.0,3540000000.0,,1620000000.0,6945000000.0,13048000000.0,899000000.0,34387000000.0,556000000.0,,,7782000000.0,,,,1607000000.0,37353000000.0,33651000000.0,-2283000000.0,-3016000000.0,34387000000.0,139000000.0,,444000000.0,1000000.0,-41000000.0,,,-16000000.0,,,2802000000.0,,,,,0.0,64000000.0,,10000000.0,2279000000.0,,,-6966000000.0,-1885000000.0,
2024-09-30,18044000000.0,4575000000.0,10763000000.0,,,,8359000000.0,,10881000000.0,2656000000.0,8225000000.0,4.75,4.75,1726000000.0,1726000000.0,1897000000.0,,,1101000000.0,,,210000000.0,3499000000.0,,1618000000.0,6945000000.0,13010000000.0,942000000.0,34167000000.0,510000000.0,,,7996000000.0,,,,1596000000.0,37585000000.0,34206000000.0,-2617000000.0,-3468000000.0,34167000000.0,213000000.0,,459000000.0,14000000.0,-114000000.0,,,-68000000.0,,,5413000000.0,,,,,0.0,95000000.0,,20000000.0,2238000000.0,,,-9444000000.0,-1793000000.0,
,,,,,,,,,,,,,,,,,,,,,,,,,,,,,,,,,,,,,,,,,,,,,,,,,,,,,,,,,,,,,,,,,,,
