Date,Net sales,Cost of sales,Gross margin,Research and development,"Selling, general and administrative",Total operating expenses,Operating income,"Other income/(expense), net",Income before provision for income taxes,Provision for income taxes,Net income,Earnings per share basic,Earnings per share diluted,Weighted-average basic,Weighted-average diluted,Cash and cash equivalents,Short-term marketable securities,"Accounts receivable, net",Inventories,Deferred tax assets,Vendor non-trade receivables,Other current assets,Total current assets,Long-term marketable securities,"Property, Plant and Equipment, Net",Goodwill,"Acquired intangible assets, net","Other Assets, Noncurrent",Total assets,accounts payable,Accrued expenses,Deferred revenue,Total current liabilities,Deferred revenue - non-current,deferred tax liabilities,long term taxes payable,Total other non-current liabilities,Total liabilities,Retained Earnings (Accumulated Deficit),Accumulated other comprehensive (loss)/income,Total shareholders equity,Total liabilities and shareholders' equity,"Depreciation, amortization and accretion",Stock-based compensation expense,Deferred income tax expense,"Increase (Decrease) in Accounts receivable, net",Increase (Decrease) in Inventories,Increase (Decrease) in Other Receivables,Increase (Decrease) in Other Operating Assets,Increase (Decrease) in Accounts Payable,Increase (Decrease) in Deferred Revenue,Increase (Decrease) Other liabilities,Cash generated by operating activities,Purchases of marketable securities,Proceeds from maturities of marketable securities,Proceeds from sales of marketable securities,Purchases of other long-term investments,"Business acquisitions, net of cash acquired",Cash payments for capital asset purchases,Payments for acquisition of intangible assets,Payments for (Proceeds from) Other Investing Activities,Cash used in investing activities,Proceeds from issuance of common stock,Excess tax benefits from stock-based compensation,Cash generated/used in financing activities,Increase/(decrease) in cash and cash equivalents,"Cash paid for income taxes, net"
2009-12-31,31942000000.0,6470000000.0,,4144000000.0,,18947000000.0,12995000000.0,653000000.0,13648000000.0,3412000000.0,10236000000.0,1.15,1.14,8885000000.0,8975000000.0,9422000000.0,26677000000.0,11196000000.0,589000000.0,2056000000.0,,2547000000.0,52487000000.0,,7402000000.0,12368000000.0,1346000000.0,1517000000.0,82096000000.0,3171000000.0,2885000000.0,11361000000.0,25715000000.0,1167000000.0,377000000.0,,6808000000.0,,-18283000000.0,1322000000.0,44283000000.0,82096000000.0,,928000000.0,550000000.0,2789000000.0,,,,,,,11076000000.0,,5394000000.0,7778000000.0,,102000000.0,811000000.0,,,-1291000000.0,977000000.0,24000000.0,-6467000000.0,3346000000.0,
2010-03-31,46445000000.0,9225000000.0,,6364000000.0,,28277000000.0,18168000000.0,821000000.0,18989000000.0,4747000000.0,14242000000.0,1.61,1.59,8846000000.0,8955000000.0,8155000000.0,31511000000.0,9137000000.0,501000000.0,2222000000.0,,2992000000.0,54518000000.0,,7372000000.0,12463000000.0,1282000000.0,1478000000.0,84910000000.0,3279000000.0,3145000000.0,11171000000.0,26424000000.0,1089000000.0,828000000.0,,7113000000.0,,-16807000000.0,1453000000.0,45710000000.0,84910000000.0,,1409000000.0,263000000.0,-1947000000.0,,,,,,,18469000000.0,,6448000000.0,12705000000.0,,245000000.0,1219000000.0,,,-7195000000.0,1399000000.0,38000000.0,-9193000000.0,2079000000.0,
2010-06-30,62484000000.0,12395000000.0,50089000000.0,8714000000.0,,38386000000.0,24098000000.0,915000000.0,25013000000.0,6253000000.0,18760000000.0,2.13,2.1,8813000000.0,8927000000.0,5505000000.0,31283000000.0,13014000000.0,740000000.0,1955000000.0,,2950000000.0,55676000000.0,,7630000000.0,12394000000.0,,1501000000.0,86113000000.0,4025000000.0,2931000000.0,13652000000.0,26147000000.0,1178000000.0,229000000.0,,7445000000.0,,-16681000000.0,1055000000.0,46175000000.0,86113000000.0,,,-220000000.0,2238000000.0,,,,,,,24073000000.0,,7453000000.0,15125000000.0,,245000000.0,1977000000.0,,,-11314000000.0,2311000000.0,45000000.0,-13291000000.0,-571000000.0,4100000000.0
2010-09-30,16195000000.0,3139000000.0,,2196000000.0,,9079000000.0,7116000000.0,114000000.0,7230000000.0,1820000000.0,5410000000.0,0.63,0.62,8614000000.0,8695000000.0,8161000000.0,36012000000.0,9646000000.0,1242000000.0,2344000000.0,,2176000000.0,59581000000.0,,7771000000.0,12471000000.0,,1429000000.0,91540000000.0,3654000000.0,3139000000.0,12767000000.0,25857000000.0,1152000000.0,540000000.0,6700000000.0,7384000000.0,44598000000.0,-14993000000.0,1519000000.0,46942000000.0,91540000000.0,,,-148000000.0,-3674000000.0,468000000.0,,,-400000000.0,,,8194000000.0,,870000000.0,1427000000.0,,0.0,564000000.0,,,-4957000000.0,177000000.0,5000000.0,-639000000.0,2656000000.0,
2010-12-31,36148000000.0,7972000000.0,,4381000000.0,,20867000000.0,15281000000.0,446000000.0,15727000000.0,3683000000.0,12044000000.0,1.41,1.39,8555000000.0,8646000000.0,4023000000.0,37229000000.0,12874000000.0,861000000.0,2548000000.0,,2149000000.0,59684000000.0,,7799000000.0,12502000000.0,,1307000000.0,92306000000.0,3863000000.0,3190000000.0,12063000000.0,24312000000.0,1354000000.0,826000000.0,6900000000.0,7662000000.0,43825000000.0,,1697000000.0,48481000000.0,92306000000.0,,,-265000000.0,3270000000.0,-380000000.0,,,216000000.0,,,12380000000.0,,2706000000.0,4030000000.0,,69000000.0,1055000000.0,,,-6527000000.0,837000000.0,9000000.0,-7390000000.0,-4138000000.0,
2011-03-31,52576000000.0,11869000000.0,,6650000000.0,,31586000000.0,20990000000.0,762000000.0,21752000000.0,4476000000.0,17276000000.0,2.03,2.01,8511000000.0,8609000000.0,7021000000.0,43129000000.0,10033000000.0,1056000000.0,2586000000.0,,2438000000.0,66263000000.0,,7969000000.0,12554000000.0,,1353000000.0,99727000000.0,3829000000.0,3325000000.0,11887000000.0,24042000000.0,1132000000.0,1185000000.0,7200000000.0,8001000000.0,46275000000.0,,1810000000.0,53452000000.0,99727000000.0,,,-324000000.0,-3435000000.0,258000000.0,,,-235000000.0,19331000000.0,,21052000000.0,,4992000000.0,9768000000.0,,69000000.0,1713000000.0,,,-13666000000.0,2242000000.0,14000000.0,-5953000000.0,2998000000.0,
2011-06-30,69943000000.0,15577000000.0,54366000000.0,9043000000.0,,42782000000.0,27161000000.0,910000000.0,28071000000.0,4921000000.0,23150000000.0,2.73,2.69,8490000000.0,8593000000.0,9610000000.0,43162000000.0,14987000000.0,1372000000.0,1011000000.0,,3320000000.0,74918000000.0,,8162000000.0,12581000000.0,,1434000000.0,108704000000.0,4197000000.0,3492000000.0,15722000000.0,28774000000.0,1398000000.0,1456000000.0,7381000000.0,8072000000.0,51621000000.0,,1863000000.0,57083000000.0,108704000000.0,,,2000000.0,1451000000.0,561000000.0,,,58000000.0,31227000000.0,,26994000000.0,,6897000000.0,15880000000.0,,71000000.0,2355000000.0,,,-14616000000.0,2422000000.0,17000000.0,-8376000000.0,4105000000.0,5300000000.0
2011-09-30,17372000000.0,3777000000.0,,2329000000.0,,10169000000.0,7203000000.0,103000000.0,7306000000.0,1568000000.0,5738000000.0,0.68,0.68,8392000000.0,8490000000.0,12881000000.0,44522000000.0,10153000000.0,2270000000.0,2190000000.0,,3255000000.0,75271000000.0,,8033000000.0,12537000000.0,,1972000000.0,107415000000.0,3719000000.0,3245000000.0,14345000000.0,25543000000.0,1313000000.0,1040000000.0,7500000000.0,8201000000.0,48024000000.0,,751000000.0,59391000000.0,107415000000.0,,,402000000.0,-4733000000.0,920000000.0,,,-442000000.0,6139000000.0,,8493000000.0,,2825000000.0,7536000000.0,,,436000000.0,,,-2315000000.0,336000000.0,70000000.0,-2869000000.0,3271000000.0,
2012-03-31,55664000000.0,13367000000.0,,7217000000.0,,34093000000.0,21571000000.0,337000000.0,21908000000.0,4438000000.0,17470000000.0,2.08,2.05,8401000000.0,8502000000.0,6388000000.0,53141000000.0,10961000000.0,1412000000.0,2350000000.0,,2608000000.0,76860000000.0,,8225000000.0,19698000000.0,,1403000000.0,118010000000.0,3790000000.0,3011000000.0,13929000000.0,26170000000.0,1262000000.0,1456000000.0,7900000000.0,8525000000.0,49351000000.0,,1332000000.0,68659000000.0,118010000000.0,,,282000000.0,-3851000000.0,79000000.0,,,-380000000.0,21825000000.0,,23949000000.0,,13122000000.0,23317000000.0,,,1683000000.0,,,-20124000000.0,1635000000.0,84000000.0,-6987000000.0,-4222000000.0,
2012-06-30,73723000000.0,17530000000.0,56193000000.0,9811000000.0,,51960000000.0,21763000000.0,504000000.0,22267000000.0,5289000000.0,16978000000.0,2.02,2.0,8396000000.0,8506000000.0,6938000000.0,56102000000.0,15780000000.0,1137000000.0,142000000.0,,3092000000.0,85084000000.0,,8269000000.0,13452000000.0,,1520000000.0,121271000000.0,4175000000.0,3151000000.0,18653000000.0,32688000000.0,1406000000.0,1893000000.0,7634000000.0,8208000000.0,54908000000.0,,1422000000.0,66363000000.0,121271000000.0,,,954000000.0,1156000000.0,-184000000.0,,,-31000000.0,36104000000.0,,31626000000.0,,15575000000.0,29700000000.0,,,2305000000.0,,,-24786000000.0,1913000000.0,93000000.0,-9408000000.0,-2672000000.0,3500000000.0
2012-09-30,16008000000.0,4168000000.0,11840000000.0,2460000000.0,,6532000000.0,5308000000.0,226000000.0,5534000000.0,1068000000.0,4466000000.0,0.53,0.53,8396000000.0,8494000000.0,5036000000.0,61608000000.0,9871000000.0,1624000000.0,2052000000.0,,3860000000.0,84051000000.0,,8329000000.0,14466000000.0,,1569000000.0,121876000000.0,3631000000.0,3312000000.0,18295000000.0,31402000000.0,1292000000.0,2209000000.0,7800000000.0,8423000000.0,53040000000.0,932000000.0,1820000000.0,68836000000.0,121876000000.0,,,38000000.0,-6156000000.0,473000000.0,,,-567000000.0,8209000000.0,,8484000000.0,,1259000000.0,13307000000.0,,,603000000.0,,,-7719000000.0,417000000.0,177000000.0,-2714000000.0,-1902000000.0,
2012-12-31,37464000000.0,9860000000.0,27604000000.0,4988000000.0,,14525000000.0,13079000000.0,225000000.0,13304000000.0,2461000000.0,10843000000.0,1.29,1.28,8395000000.0,8480000000.0,6017000000.0,62295000000.0,14317000000.0,1661000000.0,1983000000.0,,3301000000.0,89574000000.0,,8698000000.0,14727000000.0,,1636000000.0,128683000000.0,4356000000.0,3366000000.0,18354000000.0,31910000000.0,1459000000.0,2394000000.0,7700000000.0,8397000000.0,56107000000.0,4236000000.0,2006000000.0,72576000000.0,128683000000.0,,,178000000.0,4488000000.0,506000000.0,,,685000000.0,18946000000.0,,13264000000.0,,3248000000.0,20433000000.0,,,1533000000.0,,,-10312000000.0,562000000.0,186000000.0,-3935000000.0,981000000.0,
2013-03-31,57953000000.0,14647000000.0,43306000000.0,7628000000.0,,22615000000.0,20691000000.0,216000000.0,20907000000.0,4009000000.0,16898000000.0,2.02,1.99,8385000000.0,8472000000.0,5240000000.0,69243000000.0,11991000000.0,2133000000.0,1676000000.0,,3241000000.0,93524000000.0,,9204000000.0,14682000000.0,,2262000000.0,134105000000.0,4532000000.0,3913000000.0,16511000000.0,31929000000.0,1394000000.0,2424000000.0,9100000000.0,9721000000.0,57417000000.0,7657000000.0,2205000000.0,76688000000.0,134105000000.0,,,404000000.0,-3859000000.0,989000000.0,,,-67000000.0,28632000000.0,,22930000000.0,,4513000000.0,30163000000.0,,,2463000000.0,,,-17972000000.0,765000000.0,192000000.0,-6679000000.0,-1698000000.0,
2013-06-30,77849000000.0,20249000000.0,57600000000.0,10411000000.0,,30836000000.0,26764000000.0,288000000.0,27052000000.0,5189000000.0,21863000000.0,2.61,2.58,8375000000.0,8470000000.0,3804000000.0,73218000000.0,17486000000.0,1938000000.0,-77000000.0,,3388000000.0,101466000000.0,,9991000000.0,14655000000.0,,2392000000.0,142431000000.0,4828000000.0,3597000000.0,20639000000.0,37417000000.0,1760000000.0,1709000000.0,9548000000.0,10000000000.0,63487000000.0,9895000000.0,1743000000.0,78944000000.0,142431000000.0,,,-19000000.0,1807000000.0,802000000.0,,,537000000.0,44253000000.0,,28833000000.0,,5130000000.0,52464000000.0,,,4257000000.0,,,-23811000000.0,931000000.0,209000000.0,-8148000000.0,-3134000000.0,3900000000.0
2013-09-30,18529000000.0,5114000000.0,13415000000.0,2767000000.0,,7081000000.0,6334000000.0,74000000.0,6408000000.0,1164000000.0,5244000000.0,0.63,0.62,8339000000.0,8434000000.0,4023000000.0,76649000000.0,11007000000.0,2613000000.0,1258000000.0,,3900000000.0,99450000000.0,,10774000000.0,14667000000.0,,2480000000.0,142348000000.0,4841000000.0,3625000000.0,18585000000.0,34623000000.0,1629000000.0,2236000000.0,9000000000.0,9587000000.0,60707000000.0,11680000000.0,2731000000.0,81641000000.0,142348000000.0,,,404000000.0,-6617000000.0,667000000.0,,,-276000000.0,7436000000.0,,8205000000.0,,347000000.0,11117000000.0,,,1231000000.0,,,-4614000000.0,203000000.0,205000000.0,-3396000000.0,219000000.0,
2013-12-31,43048000000.0,13398000000.0,29650000000.0,5515000000.0,,15347000000.0,14303000000.0,-91000000.0,14286000000.0,2484000000.0,11802000000.0,1.42,1.4,8333000000.0,8423000000.0,10059000000.0,73885000000.0,15986000000.0,1594000000.0,1328000000.0,,4018000000.0,106870000000.0,,11567000000.0,14680000000.0,,2874000000.0,153543000000.0,5398000000.0,3920000000.0,17616000000.0,33742000000.0,1858000000.0,2377000000.0,9200000000.0,9790000000.0,68443000000.0,14347000000.0,3277000000.0,85100000000.0,153543000000.0,,,228000000.0,4875000000.0,-1029000000.0,,,602000000.0,17281000000.0,,12618000000.0,,1798000000.0,23471000000.0,,,2963000000.0,,,-5639000000.0,320000000.0,225000000.0,2615000000.0,6255000000.0,
2014-03-31,63451000000.0,19339000000.0,44112000000.0,8258000000.0,,22835000000.0,21277000000.0,-34000000.0,21243000000.0,3781000000.0,17462000000.0,2.1,2.08,8317000000.0,8411000000.0,11572000000.0,76853000000.0,13497000000.0,1920000000.0,1424000000.0,,3740000000.0,109006000000.0,,11771000000.0,14751000000.0,,2898000000.0,156119000000.0,4583000000.0,4275000000.0,17670000000.0,33903000000.0,1842000000.0,2318000000.0,9400000000.0,9953000000.0,68695000000.0,16289000000.0,3332000000.0,87424000000.0,156119000000.0,,,-190000000.0,-4243000000.0,324000000.0,,,-716000000.0,27456000000.0,,22717000000.0,,4134000000.0,39477000000.0,,,4155000000.0,,,-9923000000.0,461000000.0,247000000.0,-5085000000.0,7768000000.0,
2014-06-30,86833000000.0,26934000000.0,59899000000.0,11381000000.0,,32140000000.0,27759000000.0,61000000.0,27820000000.0,5746000000.0,22074000000.0,2.66,2.63,8299000000.0,8399000000.0,8669000000.0,77040000000.0,19544000000.0,2660000000.0,-781000000.0,,4392000000.0,114246000000.0,,13011000000.0,20127000000.0,,3422000000.0,172384000000.0,7432000000.0,6906000000.0,23150000000.0,45625000000.0,2008000000.0,2728000000.0,10510000000.0,11594000000.0,82600000000.0,17710000000.0,3708000000.0,89784000000.0,172384000000.0,,,-331000000.0,1120000000.0,161000000.0,,,473000000.0,44325000000.0,,32231000000.0,,5272000000.0,60094000000.0,,,5485000000.0,,,-18833000000.0,607000000.0,271000000.0,-8394000000.0,4865000000.0,5500000000.0
2014-09-30,23201000000.0,8273000000.0,14928000000.0,3065000000.0,,7944000000.0,5844000000.0,52000000.0,5896000000.0,1356000000.0,4540000000.0,0.55,0.54,8249000000.0,8351000000.0,6302000000.0,82891000000.0,12887000000.0,3141000000.0,1784000000.0,,5434000000.0,112439000000.0,,13229000000.0,20081000000.0,,3271000000.0,169656000000.0,6769000000.0,7130000000.0,20713000000.0,44694000000.0,1825000000.0,2714000000.0,10700000000.0,11781000000.0,79486000000.0,18051000000.0,3757000000.0,90170000000.0,169656000000.0,,,301000000.0,-6627000000.0,483000000.0,,,-659000000.0,8022000000.0,,8354000000.0,,1693000000.0,16445000000.0,,,1282000000.0,,,-7737000000.0,216000000.0,502000000.0,-2978000000.0,-2367000000.0,
2014-12-31,49671000000.0,18409000000.0,31262000000.0,5968000000.0,,17642000000.0,13620000000.0,126000000.0,13746000000.0,3343000000.0,10403000000.0,1.26,1.25,8238000000.0,8321000000.0,6426000000.0,83823000000.0,16186000000.0,2053000000.0,1701000000.0,,6173000000.0,116362000000.0,,13607000000.0,21855000000.0,,3060000000.0,174848000000.0,6932000000.0,6623000000.0,19192000000.0,47415000000.0,2051000000.0,2820000000.0,11300000000.0,12423000000.0,82969000000.0,19731000000.0,3383000000.0,91879000000.0,174848000000.0,,,615000000.0,3378000000.0,-1070000000.0,,,-522000000.0,18222000000.0,,12694000000.0,,4082000000.0,32553000000.0,,,2772000000.0,,,-12453000000.0,337000000.0,524000000.0,-2444000000.0,-2243000000.0,
2015-03-31,71400000000.0,25570000000.0,45830000000.0,8952000000.0,,25616000000.0,20214000000.0,-77000000.0,20263000000.0,4875000000.0,15388000000.0,1.87,1.86,8215000000.0,8293000000.0,7414000000.0,88024000000.0,12427000000.0,2469000000.0,1688000000.0,,6376000000.0,118398000000.0,,14375000000.0,21728000000.0,,3200000000.0,176683000000.0,6690000000.0,6846000000.0,18232000000.0,40748000000.0,1966000000.0,2919000000.0,11800000000.0,13274000000.0,86551000000.0,18186000000.0,3471000000.0,90132000000.0,176683000000.0,,,868000000.0,-6904000000.0,430000000.0,,,-912000000.0,28385000000.0,,22264000000.0,,9643000000.0,53616000000.0,,,4163000000.0,,,-17934000000.0,483000000.0,555000000.0,-5509000000.0,-1255000000.0,
2015-06-30,93580000000.0,33038000000.0,60542000000.0,12046000000.0,,42381000000.0,18161000000.0,346000000.0,18507000000.0,6314000000.0,12193000000.0,1.49,1.48,8177000000.0,8254000000.0,5595000000.0,90931000000.0,17908000000.0,2902000000.0,1915000000.0,,5461000000.0,124712000000.0,,14731000000.0,16939000000.0,,2953000000.0,176223000000.0,6591000000.0,6766000000.0,23223000000.0,49858000000.0,2095000000.0,2835000000.0,12290000000.0,13544000000.0,96140000000.0,9096000000.0,2522000000.0,80083000000.0,176223000000.0,,,224000000.0,-1456000000.0,272000000.0,,,-1054000000.0,45072000000.0,,29080000000.0,,15013000000.0,70848000000.0,,,5944000000.0,,,-23001000000.0,634000000.0,588000000.0,-9080000000.0,-3074000000.0,4400000000.0
2015-09-30,20379000000.0,7207000000.0,13172000000.0,2962000000.0,,,5793000000.0,-280000000.0,5513000000.0,893000000.0,4620000000.0,0.58,0.57,7996000000.0,8066000000.0,5431000000.0,93924000000.0,11444000000.0,3816000000.0,1447000000.0,,5594000000.0,121656000000.0,,15046000000.0,17142000000.0,,2869000000.0,172896000000.0,6630000000.0,6207000000.0,21603000000.0,49399000000.0,2784000000.0,2169000000.0,11900000000.0,13280000000.0,95451000000.0,7614000000.0,1738000000.0,77445000000.0,172896000000.0,,,73000000.0,-6376000000.0,937000000.0,,,-135000000.0,10423000000.0,,8594000000.0,,5686000000.0,28502000000.0,,,1356000000.0,,,-5066000000.0,219000000.0,282000000.0,-3648000000.0,-164000000.0,
2015-12-31,44175000000.0,17079000000.0,27096000000.0,5862000000.0,,,11819000000.0,-451000000.0,11368000000.0,1750000000.0,9618000000.0,1.21,1.2,7980000000.0,8047000000.0,7185000000.0,95455000000.0,14507000000.0,2702000000.0,1618000000.0,,6345000000.0,127812000000.0,,15789000000.0,17436000000.0,,2928000000.0,180098000000.0,6936000000.0,6447000000.0,20929000000.0,42643000000.0,4102000000.0,2194000000.0,12300000000.0,13700000000.0,103318000000.0,6728000000.0,1773000000.0,76780000000.0,180098000000.0,,,-247000000.0,-3258000000.0,-1104000000.0,,,369000000.0,22993000000.0,,14192000000.0,,11037000000.0,56693000000.0,,,3380000000.0,,,-8394000000.0,336000000.0,302000000.0,-4146000000.0,1754000000.0,
2016-03-31,64706000000.0,24801000000.0,39905000000.0,8842000000.0,,,17102000000.0,-698000000.0,16404000000.0,2728000000.0,13676000000.0,1.72,1.7,7952000000.0,8041000000.0,7170000000.0,98382000000.0,12247000000.0,2450000000.0,1574000000.0,,6598000000.0,128421000000.0,,16831000000.0,17948000000.0,,2895000000.0,181869000000.0,6759000000.0,5887000000.0,20876000000.0,44354000000.0,5017000000.0,2674000000.0,,14122000000.0,107063000000.0,4954000000.0,1840000000.0,74806000000.0,181869000000.0,,,351000000.0,-5546000000.0,-408000000.0,,,-129000000.0,36066000000.0,,24861000000.0,,16229000000.0,76292000000.0,,,5688000000.0,,,-13877000000.0,495000000.0,,-9364000000.0,1575000000.0,
2016-06-30,85320000000.0,32780000000.0,52540000000.0,11988000000.0,,,20182000000.0,-431000000.0,19751000000.0,2953000000.0,16798000000.0,2.12,2.1,7925000000.0,8013000000.0,6510000000.0,106730000000.0,18277000000.0,2251000000.0,3149000000.0,,5892000000.0,139660000000.0,,18356000000.0,17872000000.0,,3642000000.0,193694000000.0,6898000000.0,5949000000.0,27468000000.0,59357000000.0,6441000000.0,1476000000.0,11800000000.0,13640000000.0,121697000000.0,2282000000.0,1537000000.0,71997000000.0,193694000000.0,,,332000000.0,530000000.0,-600000000.0,,,88000000.0,57072000000.0,,33325000000.0,,22054000000.0,93287000000.0,,,8343000000.0,,,-23950000000.0,668000000.0,,-8393000000.0,915000000.0,3900000000.0
2016-09-30,20453000000.0,7844000000.0,12609000000.0,3106000000.0,,,5225000000.0,100000000.0,5325000000.0,635000000.0,4690000000.0,0.6,0.6,7789000000.0,7876000000.0,13928000000.0,123004000000.0,11129000000.0,3122000000.0,,,6726000000.0,157909000000.0,,19224000000.0,17907000000.0,,3476000000.0,212524000000.0,6296000000.0,7123000000.0,26304000000.0,58810000000.0,7284000000.0,1564000000.0,12300000000.0,14340000000.0,142152000000.0,944000000.0,1681000000.0,70372000000.0,212524000000.0,,,15000000.0,-7174000000.0,867000000.0,,,-443000000.0,12583000000.0,,11549000000.0,,8659000000.0,32323000000.0,,,2163000000.0,,,-18470000000.0,241000000.0,,14329000000.0,7418000000.0,
2016-12-31,44543000000.0,17745000000.0,26798000000.0,6168000000.0,,,11402000000.0,286000000.0,11688000000.0,1798000000.0,9890000000.0,1.27,1.26,7772000000.0,7853000000.0,8468000000.0,114313000000.0,14343000000.0,1961000000.0,,,5864000000.0,144949000000.0,,21379000000.0,34524000000.0,,3845000000.0,224610000000.0,6580000000.0,6688000000.0,26085000000.0,70787000000.0,8595000000.0,1133000000.0,13300000000.0,15980000000.0,155801000000.0,120000000.0,512000000.0,68809000000.0,224610000000.0,,,-587000000.0,-4463000000.0,-1132000000.0,,,-344000000.0,26724000000.0,,17842000000.0,,17374000000.0,81310000000.0,,,4151000000.0,,,-33221000000.0,372000000.0,,17345000000.0,-5460000000.0,
2017-03-31,66633000000.0,25805000000.0,40828000000.0,9523000000.0,,,16996000000.0,608000000.0,17604000000.0,2913000000.0,14691000000.0,1.89,1.87,7756000000.0,7840000000.0,6713000000.0,119305000000.0,12882000000.0,1979000000.0,,,5434000000.0,146313000000.0,,21962000000.0,34668000000.0,,4146000000.0,225017000000.0,6217000000.0,6025000000.0,26518000000.0,52005000000.0,9215000000.0,465000000.0,14400000000.0,17381000000.0,155288000000.0,531000000.0,644000000.0,69729000000.0,225017000000.0,,,-1349000000.0,-5950000000.0,-249000000.0,,,-769000000.0,42719000000.0,,28502000000.0,,22234000000.0,117754000000.0,,,5846000000.0,,,-39412000000.0,551000000.0,,11109000000.0,-1755000000.0,
2017-06-30,89950000000.0,34261000000.0,55689000000.0,13037000000.0,,,22326000000.0,823000000.0,23149000000.0,1945000000.0,21204000000.0,2.74,2.71,7746000000.0,7832000000.0,7663000000.0,125318000000.0,19792000000.0,2181000000.0,1881000000.0,,4897000000.0,159851000000.0,,23734000000.0,35122000000.0,,6250000000.0,241086000000.0,7390000000.0,6280000000.0,34102000000.0,64527000000.0,10377000000.0,531000000.0,13500000000.0,17184000000.0,168692000000.0,2648000000.0,431000000.0,72394000000.0,241086000000.0,,3266000000.0,-3296000000.0,925000000.0,-50000000.0,,,81000000.0,67711000000.0,,39507000000.0,,28044000000.0,136350000000.0,,,8129000000.0,,,-46781000000.0,772000000.0,,8408000000.0,1153000000.0,2400000000.0
2017-09-30,24538000000.0,8278000000.0,16260000000.0,3574000000.0,,,7708000000.0,276000000.0,7984000000.0,1408000000.0,6576000000.0,0.85,0.84,7708000000.0,7799000000.0,6884000000.0,131587000000.0,14561000000.0,3211000000.0,,,4788000000.0,161031000000.0,,24809000000.0,35389000000.0,,6083000000.0,249097000000.0,6866000000.0,7520000000.0,22778000000.0,51615000000.0,2126000000.0,5513000000.0,13900000000.0,18173000000.0,159450000000.0,19702000000.0,526000000.0,89647000000.0,249097000000.0,,973000000.0,-53000000.0,-7949000000.0,1023000000.0,,,-407000000.0,-1806000000.0,,12440000000.0,,5226000000.0,23036000000.0,,,2132000000.0,,,-6904000000.0,307000000.0,,-6341000000.0,-779000000.0,
2017-12-31,53456000000.0,19342000000.0,34114000000.0,7078000000.0,,,16387000000.0,766000000.0,17153000000.0,16879000000.0,-6302000000.0,-0.82,-0.82,7710000000.0,7799000000.0,12859000000.0,129921000000.0,18428000000.0,2003000000.0,,,4422000000.0,167633000000.0,,26304000000.0,35355000000.0,,6967000000.0,256003000000.0,7850000000.0,7787000000.0,21309000000.0,58099000000.0,2500000000.0,3186000000.0,30050000000.0,4820000000.0,177643000000.0,8567000000.0,-399000000.0,78360000000.0,256003000000.0,,1959000000.0,-2358000000.0,-4041000000.0,-1205000000.0,,,938000000.0,-2871000000.0,,20315000000.0,,11578000000.0,64297000000.0,,,4718000000.0,,,-7235000000.0,496000000.0,,-7893000000.0,5975000000.0,
2018-03-31,80275000000.0,28611000000.0,51664000000.0,10793000000.0,,,24679000000.0,1115000000.0,25794000000.0,18096000000.0,7698000000.0,1.0,0.99,7706000000.0,7798000000.0,9221000000.0,123049000000.0,17208000000.0,2084000000.0,,,5097000000.0,156659000000.0,,27929000000.0,35582000000.0,,7106000000.0,245497000000.0,7623000000.0,7500000000.0,21370000000.0,46133000000.0,2585000000.0,2417000000.0,30669000000.0,5223000000.0,166258000000.0,9974000000.0,-1153000000.0,79239000000.0,245497000000.0,,2928000000.0,-2754000000.0,-5326000000.0,-107000000.0,,,-393000000.0,-2780000000.0,,32466000000.0,,19252000000.0,90553000000.0,,,7652000000.0,,,3844000000.0,747000000.0,,-27551000000.0,-3638000000.0,
2018-06-30,110360000000.0,38353000000.0,72007000000.0,14726000000.0,,,35058000000.0,1416000000.0,36474000000.0,19903000000.0,16571000000.0,2.15,2.13,7700000000.0,7794000000.0,11946000000.0,121822000000.0,26481000000.0,2662000000.0,828000000.0,,6751000000.0,169662000000.0,,29460000000.0,35683000000.0,,7442000000.0,258848000000.0,8617000000.0,8744000000.0,28905000000.0,58488000000.0,,541000000.0,30265000000.0,5211000000.0,176130000000.0,13682000000.0,-2187000000.0,82718000000.0,258848000000.0,,3940000000.0,-5143000000.0,3862000000.0,465000000.0,,,1148000000.0,5922000000.0,,43884000000.0,,26360000000.0,117577000000.0,,,11632000000.0,,,-6061000000.0,1002000000.0,,-33590000000.0,4283000000.0,5500000000.0
2018-09-30,29084000000.0,9905000000.0,19179000000.0,3977000000.0,,,9955000000.0,266000000.0,10221000000.0,1397000000.0,8824000000.0,1.15,1.14,7673000000.0,7766000000.0,15137000000.0,,17390000000.0,3614000000.0,,,7311000000.0,164195000000.0,,31430000000.0,35855000000.0,,9792000000.0,257619000000.0,8511000000.0,7953000000.0,26704000000.0,56277000000.0,,1977000000.0,28936000000.0,5539000000.0,171652000000.0,17279000000.0,-2615000000.0,85967000000.0,257619000000.0,,1107000000.0,-247000000.0,-9194000000.0,956000000.0,,,-395000000.0,-2441000000.0,,13657000000.0,,5214000000.0,,,,3602000000.0,,,-2953000000.0,360000000.0,,-7384000000.0,3191000000.0,
2018-12-31,61555000000.0,22328000000.0,39227000000.0,8047000000.0,,,20213000000.0,393000000.0,20606000000.0,3362000000.0,17244000000.0,2.24,2.22,7692000000.0,7768000000.0,6638000000.0,,19680000000.0,1961000000.0,,,7571000000.0,156874000000.0,,32717000000.0,41577000000.0,,10129000000.0,258859000000.0,7563000000.0,8297000000.0,24285000000.0,50318000000.0,,2062000000.0,29161000000.0,6055000000.0,166731000000.0,16585000000.0,-2013000000.0,92128000000.0,258859000000.0,,2290000000.0,-420000000.0,-6798000000.0,-1654000000.0,,,-835000000.0,-4563000000.0,,22557000000.0,,8996000000.0,,,,7309000000.0,,,-7153000000.0,560000000.0,,-20600000000.0,-8499000000.0,
2019-03-31,92126000000.0,32498000000.0,59628000000.0,12363000000.0,,,30554000000.0,538000000.0,31092000000.0,5039000000.0,26053000000.0,3.39,3.36,7679000000.0,7759000000.0,11212000000.0,,19269000000.0,1951000000.0,,,7049000000.0,159887000000.0,,33648000000.0,41861000000.0,,10258000000.0,263281000000.0,7544000000.0,7837000000.0,24251000000.0,53861000000.0,,1838000000.0,29514000000.0,6763000000.0,168417000000.0,18338000000.0,-1265000000.0,94864000000.0,263281000000.0,,3462000000.0,-740000000.0,-7258000000.0,-710000000.0,,,-1032000000.0,-4543000000.0,,36077000000.0,,14889000000.0,,,,9874000000.0,,,-8516000000.0,834000000.0,,-28201000000.0,4574000000.0,
2019-06-30,125843000000.0,42910000000.0,82933000000.0,16876000000.0,,,42959000000.0,729000000.0,43688000000.0,4448000000.0,39240000000.0,5.11,5.06,7673000000.0,7753000000.0,11356000000.0,,29524000000.0,2063000000.0,7303000000.0,,10146000000.0,175552000000.0,,36477000000.0,42026000000.0,,14723000000.0,286556000000.0,9382000000.0,9351000000.0,32676000000.0,69420000000.0,,233000000.0,29612000000.0,7581000000.0,184226000000.0,24150000000.0,-340000000.0,102330000000.0,286556000000.0,,4652000000.0,-6463000000.0,2812000000.0,-597000000.0,,,232000000.0,4462000000.0,,52185000000.0,,20043000000.0,,,,13925000000.0,,,-15773000000.0,1142000000.0,,-36887000000.0,-590000000.0,8400000000.0
2019-09-30,33055000000.0,10406000000.0,22649000000.0,4565000000.0,,,12686000000.0,0.0,12686000000.0,2008000000.0,10678000000.0,1.4,1.38,7634000000.0,7710000000.0,13117000000.0,,19087000000.0,2622000000.0,,,7551000000.0,165896000000.0,,38409000000.0,42113000000.0,,14455000000.0,278955000000.0,8574000000.0,8507000000.0,29904000000.0,58118000000.0,,,28457000000.0,8826000000.0,172894000000.0,27240000000.0,-61000000.0,106061000000.0,278955000000.0,,1262000000.0,-177000000.0,-10090000000.0,561000000.0,,,-547000000.0,-2892000000.0,,13818000000.0,,19082000000.0,,,,3385000000.0,,,-1776000000.0,427000000.0,,-10209000000.0,1761000000.0,
2019-12-31,69961000000.0,22764000000.0,47197000000.0,9168000000.0,,,26577000000.0,194000000.0,26771000000.0,4444000000.0,22327000000.0,2.93,2.9,7628000000.0,7701000000.0,8864000000.0,,23525000000.0,1823000000.0,,,7473000000.0,167074000000.0,,40522000000.0,42248000000.0,,14630000000.0,282794000000.0,8811000000.0,9131000000.0,27343000000.0,59640000000.0,,,28754000000.0,9658000000.0,172685000000.0,30739000000.0,-255000000.0,110109000000.0,282794000000.0,,2602000000.0,-230000000.0,-5887000000.0,-799000000.0,,,-554000000.0,-5828000000.0,,24498000000.0,,30312000000.0,,,,6930000000.0,,,-7812000000.0,661000000.0,,-19124000000.0,-4253000000.0,
2020-03-31,104982000000.0,33739000000.0,71243000000.0,14055000000.0,,,39552000000.0,-132000000.0,39614000000.0,6535000000.0,33079000000.0,4.34,4.3,7619000000.0,7693000000.0,11710000000.0,,22699000000.0,1644000000.0,,,8536000000.0,170505000000.0,,41221000000.0,42064000000.0,,13696000000.0,285449000000.0,9246000000.0,9151000000.0,27012000000.0,58707000000.0,,,28888000000.0,9673000000.0,170948000000.0,32012000000.0,2676000000.0,114501000000.0,285449000000.0,,3940000000.0,-436000000.0,-6778000000.0,-419000000.0,,,546000000.0,-6564000000.0,,42002000000.0,,47559000000.0,,,,10697000000.0,,,-7761000000.0,1003000000.0,,-33769000000.0,2846000000.0,
2020-06-30,143015000000.0,46078000000.0,96937000000.0,19269000000.0,,,52959000000.0,77000000.0,53036000000.0,8755000000.0,44281000000.0,5.82,5.76,7610000000.0,7683000000.0,13576000000.0,,32011000000.0,1895000000.0,6201000000.0,,11482000000.0,181915000000.0,,44151000000.0,43351000000.0,,13138000000.0,301311000000.0,12530000000.0,10027000000.0,36000000000.0,72310000000.0,,,29432000000.0,10632000000.0,183007000000.0,34566000000.0,3186000000.0,118304000000.0,301311000000.0,,5289000000.0,11000000.0,2577000000.0,-168000000.0,,,3018000000.0,2212000000.0,,60675000000.0,,66449000000.0,,,,15441000000.0,,1241000000.0,-12223000000.0,1343000000.0,,-46031000000.0,2220000000.0,12500000000.0
2020-09-30,37154000000.0,11002000000.0,26152000000.0,4926000000.0,,,15876000000.0,248000000.0,16124000000.0,2231000000.0,13893000000.0,1.84,1.82,7566000000.0,7637000000.0,17205000000.0,,22851000000.0,2705000000.0,,,13544000000.0,177077000000.0,,47927000000.0,43890000000.0,,13034000000.0,301001000000.0,12509000000.0,9476000000.0,33476000000.0,70056000000.0,,,28204000000.0,11525000000.0,177609000000.0,39193000000.0,3110000000.0,123392000000.0,301001000000.0,,1456000000.0,-11000000.0,-8843000000.0,808000000.0,,,315000000.0,-3064000000.0,,19335000000.0,,14266000000.0,,,,4907000000.0,,2083000000.0,-5371000000.0,545000000.0,,-10289000000.0,3629000000.0,
2020-12-31,80230000000.0,25196000000.0,55034000000.0,9825000000.0,,,33773000000.0,688000000.0,34461000000.0,5105000000.0,29356000000.0,3.88,3.85,7561000000.0,7627000000.0,14432000000.0,,27312000000.0,1924000000.0,,,12769000000.0,173973000000.0,,51737000000.0,44219000000.0,,13561000000.0,304137000000.0,12770000000.0,10527000000.0,30402000000.0,67486000000.0,,,26701000000.0,12544000000.0,173901000000.0,44973000000.0,3367000000.0,130236000000.0,304137000000.0,,3022000000.0,-28000000.0,-4835000000.0,-788000000.0,,,348000000.0,-6291000000.0,,31851000000.0,,29530000000.0,,,,9081000000.0,,1756000000.0,-7040000000.0,847000000.0,,-23923000000.0,-2773000000.0,
2021-03-31,121936000000.0,38241000000.0,83695000000.0,15029000000.0,,,50821000000.0,876000000.0,51697000000.0,6884000000.0,44813000000.0,5.93,5.88,7554000000.0,7617000000.0,13702000000.0,,26322000000.0,2245000000.0,,,11640000000.0,165614000000.0,,54945000000.0,49698000000.0,,14427000000.0,308879000000.0,13412000000.0,10450000000.0,30083000000.0,72193000000.0,,,27157000000.0,12941000000.0,174374000000.0,50735000000.0,1462000000.0,134505000000.0,308879000000.0,,4547000000.0,-116000000.0,-5125000000.0,349000000.0,,,1181000000.0,-6764000000.0,,54030000000.0,,44546000000.0,,,,14170000000.0,,1356000000.0,-16724000000.0,1243000000.0,,-37115000000.0,-730000000.0,
2021-06-30,168088000000.0,52232000000.0,115856000000.0,20716000000.0,,,69916000000.0,1186000000.0,71102000000.0,9831000000.0,61271000000.0,8.12,8.05,7547000000.0,7608000000.0,14224000000.0,,38043000000.0,2636000000.0,6983000000.0,,13393000000.0,184406000000.0,,59715000000.0,49711000000.0,,15075000000.0,333779000000.0,15163000000.0,11666000000.0,41525000000.0,88657000000.0,,,27190000000.0,13427000000.0,191791000000.0,57055000000.0,1822000000.0,141988000000.0,333779000000.0,,6118000000.0,-150000000.0,6481000000.0,737000000.0,,,2798000000.0,4633000000.0,,76740000000.0,,51792000000.0,,,,20622000000.0,,922000000.0,-27577000000.0,1693000000.0,,-48486000000.0,648000000.0,13400000000.0
2021-09-30,45317000000.0,13646000000.0,31671000000.0,5599000000.0,,,20238000000.0,286000000.0,20524000000.0,19000000.0,20505000000.0,2.73,2.71,7513000000.0,7567000000.0,19165000000.0,,27349000000.0,3411000000.0,,,12951000000.0,174326000000.0,,63772000000.0,50455000000.0,,21103000000.0,335418000000.0,14832000000.0,10816000000.0,38465000000.0,80528000000.0,,,25715000000.0,14346000000.0,183440000000.0,66944000000.0,1283000000.0,151978000000.0,335418000000.0,,1702000000.0,-5970000000.0,-10486000000.0,777000000.0,,,-471000000.0,-2885000000.0,,24540000000.0,,8862000000.0,,,,5810000000.0,,417000000.0,-3250000000.0,612000000.0,,-16276000000.0,4941000000.0,
2021-12-31,97045000000.0,30606000000.0,66439000000.0,11357000000.0,,,42485000000.0,554000000.0,43039000000.0,3769000000.0,39270000000.0,5.23,5.19,7509000000.0,7561000000.0,20604000000.0,,33520000000.0,3019000000.0,,,12280000000.0,174188000000.0,,67214000000.0,50921000000.0,,21256000000.0,340389000000.0,15314000000.0,11684000000.0,34001000000.0,77510000000.0,,,26121000000.0,14747000000.0,180379000000.0,75045000000.0,437000000.0,160010000000.0,340389000000.0,,3599000000.0,-5787000000.0,5543000000.0,-394000000.0,,,-236000000.0,-7228000000.0,,39020000000.0,,14115000000.0,,,,11675000000.0,,506000000.0,-4411000000.0,903000000.0,,-28262000000.0,6380000000.0,
2022-03-31,146405000000.0,46221000000.0,100184000000.0,17663000000.0,,,62849000000.0,380000000.0,63229000000.0,7231000000.0,55998000000.0,7.46,7.41,7504000000.0,7552000000.0,12498000000.0,,32613000000.0,3296000000.0,,,13320000000.0,153922000000.0,,70298000000.0,67371000000.0,,21845000000.0,344607000000.0,16085000000.0,11865000000.0,34027000000.0,77439000000.0,,,26483000000.0,15154000000.0,181683000000.0,79633000000.0,-2476000000.0,162924000000.0,344607000000.0,,5505000000.0,-5985000000.0,-5800000000.0,662000000.0,,,520000000.0,-7437000000.0,,64406000000.0,,15214000000.0,,,,17015000000.0,,1687000000.0,-20582000000.0,1380000000.0,,-45607000000.0,-8106000000.0,
2022-06-30,198270000000.0,62650000000.0,135620000000.0,24512000000.0,,,83383000000.0,333000000.0,83716000000.0,10978000000.0,72738000000.0,9.7,9.65,7496000000.0,7540000000.0,13931000000.0,,44261000000.0,3742000000.0,13285000000.0,,16924000000.0,169684000000.0,,74398000000.0,67524000000.0,,21897000000.0,364840000000.0,19000000000.0,13067000000.0,45538000000.0,95082000000.0,,,26069000000.0,15526000000.0,198298000000.0,84281000000.0,-4678000000.0,166542000000.0,364840000000.0,,7502000000.0,-5702000000.0,6834000000.0,1123000000.0,,,2943000000.0,5109000000.0,,89035000000.0,,16451000000.0,,,,23886000000.0,,2825000000.0,-30311000000.0,1841000000.0,,-58876000000.0,-293000000.0,16000000000.0
2022-09-30,50122000000.0,15452000000.0,34670000000.0,6628000000.0,,,21518000000.0,54000000.0,21572000000.0,4016000000.0,17556000000.0,2.35,2.35,7457000000.0,7485000000.0,22884000000.0,,31279000000.0,4268000000.0,,,18003000000.0,160812000000.0,,77037000000.0,67459000000.0,,23482000000.0,359784000000.0,16609000000.0,12058000000.0,41340000000.0,87389000000.0,,,23712000000.0,15311000000.0,186218000000.0,92374000000.0,-7343000000.0,173566000000.0,359784000000.0,,2192000000.0,-1191000000.0,-11729000000.0,543000000.0,,,-1567000000.0,-3322000000.0,,23198000000.0,,6662000000.0,,,,6283000000.0,,860000000.0,-3132000000.0,575000000.0,,-10883000000.0,8953000000.0,
2022-12-31,102869000000.0,32940000000.0,69929000000.0,13472000000.0,,,41917000000.0,-60000000.0,41911000000.0,7930000000.0,33981000000.0,4.56,4.54,7454000000.0,7479000000.0,15646000000.0,,35833000000.0,2980000000.0,,,19502000000.0,157823000000.0,,82755000000.0,67905000000.0,,24994000000.0,364552000000.0,15354000000.0,12802000000.0,36982000000.0,81718000000.0,,,24169000000.0,16479000000.0,181416000000.0,99368000000.0,-6457000000.0,183136000000.0,364552000000.0,,4730000000.0,-2496000000.0,-8565000000.0,-1305000000.0,,,-3625000000.0,-8508000000.0,,34371000000.0,,13590000000.0,,,,12557000000.0,,1161000000.0,-10282000000.0,818000000.0,,-22232000000.0,-7238000000.0,
2023-03-31,155726000000.0,49068000000.0,106658000000.0,20456000000.0,,,64269000000.0,321000000.0,64584000000.0,12304000000.0,52280000000.0,7.02,6.99,7450000000.0,7474000000.0,26562000000.0,,37420000000.0,2877000000.0,,,19165000000.0,163889000000.0,,88132000000.0,67940000000.0,,26954000000.0,380088000000.0,15305000000.0,12664000000.0,36903000000.0,85691000000.0,,,25000000000.0,17437000000.0,185405000000.0,108234000000.0,-5644000000.0,194683000000.0,380088000000.0,,7195000000.0,-4171000000.0,-7157000000.0,-868000000.0,,,-4032000000.0,-8689000000.0,,58812000000.0,,26744000000.0,,,,19164000000.0,,2847000000.0,-13546000000.0,1354000000.0,,-32522000000.0,12631000000.0,
2023-06-30,211915000000.0,65863000000.0,146052000000.0,27195000000.0,,,88523000000.0,788000000.0,89311000000.0,16950000000.0,72361000000.0,9.72,9.68,7446000000.0,7472000000.0,34704000000.0,,48688000000.0,2500000000.0,19730000000.0,,21807000000.0,184257000000.0,,95641000000.0,67886000000.0,,30601000000.0,411976000000.0,18095000000.0,14745000000.0,50901000000.0,104149000000.0,,,25560000000.0,17981000000.0,205753000000.0,118848000000.0,-6343000000.0,206223000000.0,411976000000.0,,9611000000.0,-6059000000.0,4087000000.0,-1242000000.0,,,-2721000000.0,5535000000.0,,87582000000.0,,33510000000.0,,,,28107000000.0,,3116000000.0,-22680000000.0,1866000000.0,,-43935000000.0,20773000000.0,23100000000.0
2023-09-30,56517000000.0,16302000000.0,40215000000.0,6659000000.0,,,26895000000.0,389000000.0,27284000000.0,4993000000.0,22291000000.0,3.0,2.99,7429000000.0,7462000000.0,80452000000.0,,36953000000.0,3000000000.0,,,23682000000.0,207586000000.0,,102502000000.0,67790000000.0,,32154000000.0,445785000000.0,19307000000.0,14475000000.0,46429000000.0,124792000000.0,,,22983000000.0,18634000000.0,225071000000.0,132143000000.0,-6937000000.0,220714000000.0,445785000000.0,,2507000000.0,-568000000.0,-11034000000.0,505000000.0,,,1214000000.0,-4126000000.0,,30583000000.0,,15718000000.0,,,,9917000000.0,,982000000.0,503000000.0,685000000.0,,14761000000.0,45748000000.0,
2023-12-31,118537000000.0,35925000000.0,82612000000.0,13801000000.0,,,53927000000.0,-506000000.0,53810000000.0,9649000000.0,44161000000.0,5.94,5.92,7432000000.0,7468000000.0,17305000000.0,,42831000000.0,1615000000.0,,,21930000000.0,147393000000.0,,112308000000.0,118931000000.0,,32265000000.0,470558000000.0,17695000000.0,16362000000.0,43068000000.0,121016000000.0,,,25890000000.0,20787000000.0,232290000000.0,145737000000.0,-4949000000.0,238268000000.0,470558000000.0,,5335000000.0,-2270000000.0,-8083000000.0,-1474000000.0,,,-2521000000.0,-9664000000.0,,49436000000.0,,19868000000.0,,,,19652000000.0,,-1347000000.0,-71925000000.0,946000000.0,,-10147000000.0,-63147000000.0,
2024-03-31,180395000000.0,54430000000.0,125965000000.0,21454000000.0,,,81508000000.0,-971000000.0,80537000000.0,14437000000.0,66100000000.0,8.9,8.85,7431000000.0,7472000000.0,19634000000.0,,44029000000.0,1304000000.0,,,21826000000.0,147180000000.0,,121375000000.0,119163000000.0,,35551000000.0,484275000000.0,18087000000.0,18023000000.0,41888000000.0,118525000000.0,,,26786000000.0,23271000000.0,231123000000.0,159394000000.0,-5435000000.0,253152000000.0,484275000000.0,,8038000000.0,-3593000000.0,-6055000000.0,-1229000000.0,,,-659000000.0,-10309000000.0,,81353000000.0,,23218000000.0,,,,30604000000.0,,1281000000.0,-82122000000.0,1468000000.0,,-18808000000.0,-15070000000.0,
2024-06-30,245122000000.0,74114000000.0,171008000000.0,29510000000.0,,,109433000000.0,-1646000000.0,107787000000.0,19651000000.0,88136000000.0,11.86,11.8,7431000000.0,7469000000.0,18315000000.0,,56924000000.0,1246000000.0,19652000000.0,,26021000000.0,159734000000.0,,135591000000.0,119220000000.0,,36460000000.0,512163000000.0,21996000000.0,19185000000.0,57582000000.0,125286000000.0,,,27931000000.0,27064000000.0,243686000000.0,173144000000.0,-5590000000.0,268477000000.0,512163000000.0,,10734000000.0,-4738000000.0,7191000000.0,-1284000000.0,,,3545000000.0,5348000000.0,,118548000000.0,,24775000000.0,,,,44477000000.0,,1298000000.0,-96970000000.0,2002000000.0,,-37757000000.0,-16389000000.0,23400000000.0
2024-09-30,65585000000.0,20099000000.0,45486000000.0,7544000000.0,,,30552000000.0,-283000000.0,30269000000.0,5602000000.0,24667000000.0,3.32,3.3,7433000000.0,7470000000.0,20840000000.0,,44148000000.0,1626000000.0,,,25724000000.0,149926000000.0,,152863000000.0,119374000000.0,,37793000000.0,523013000000.0,22768000000.0,19114000000.0,53026000000.0,115200000000.0,,,24452000000.0,31165000000.0,235290000000.0,188929000000.0,-4182000000.0,287723000000.0,523013000000.0,,2832000000.0,-1433000000.0,-14037000000.0,373000000.0,,,-916000000.0,-5553000000.0,,34180000000.0,,2136000000.0,,,,14923000000.0,,913000000.0,-15201000000.0,706000000.0,,-16576000000.0,2525000000.0,
,,,,,,,,,,,,,,,,,,,,,,,,,,,,,,,,,,,,,,,,,,,,,,,,,,,,,,,,,,,,,,,,,,,
