Date,Net sales,Cost of sales,Gross margin,Research and development,"Selling, general and administrative",Total operating expenses,Operating income,"Other income/(expense), net",Income before provision for income taxes,Provision for income taxes,Net income,Earnings per share basic,Earnings per share diluted,Weighted-average basic,Weighted-average diluted,Cash and cash equivalents,Short-term marketable securities,"Accounts receivable, net",Inventories,Deferred tax assets,Vendor non-trade receivables,Other current assets,Total current assets,Long-term marketable securities,"Property, Plant and Equipment, Net",Goodwill,"Acquired intangible assets, net","Other Assets, Noncurrent",Total assets,accounts payable,Accrued expenses,Deferred revenue,Total current liabilities,Deferred revenue - non-current,deferred tax liabilities,long term taxes payable,Total other non-current liabilities,Total liabilities,Retained Earnings (Accumulated Deficit),Accumulated other comprehensive (loss)/income,Total shareholders equity,Total liabilities and shareholders' equity,"Depreciation, amortization and accretion",Stock-based compensation expense,Deferred income tax expense,"Increase (Decrease) in Accounts receivable, net",Increase (Decrease) in Inventories,Increase (Decrease) in Other Receivables,Increase (Decrease) in Other Operating Assets,Increase (Decrease) in Accounts Payable,Increase (Decrease) in Deferred Revenue,Increase (Decrease) Other liabilities,Cash generated by operating activities,Purchases of marketable securities,Proceeds from maturities of marketable securities,Proceeds from sales of marketable securities,Purchases of other long-term investments,"Business acquisitions, net of cash acquired",Cash payments for capital asset purchases,Payments for acquisition of intangible assets,Payments for (Proceeds from) Other Investing Activities,Cash used in investing activities,Proceeds from issuance of common stock,Excess tax benefits from stock-based compensation,Cash generated/used in financing activities,Increase/(decrease) in cash and cash equivalents,"Cash paid for income taxes, net"
2009-12-31,22044000000.0,14987000000.0,7057000000.0,3183000000.0,3381000000.0,,-148000000.0,-17000000.0,-165000000.0,-77000000.0,-51000000.0,-0.02,-0.02,2295600000.0,2295600000.0,2869000000.0,2000000.0,3495000000.0,1308000000.0,1082000000.0,,2184000000.0,16032000000.0,,2154000000.0,2823000000.0,,1785000000.0,25603000000.0,2429000000.0,5296000000.0,,8261000000.0,,,,4094000000.0,,3827000000.0,-2286000000.0,9775000000.0,25603000000.0,751000000.0,296000000.0,50000000.0,10000000.0,-1349000000.0,,-960000000.0,,,,629000000.0,,,,,,275000000.0,,,-668000000.0,116000000.0,,-210000000.0,-195000000.0,159000000.0
2010-04-03,5044000000.0,3258000000.0,1786000000.0,757000000.0,876000000.0,,76000000.0,-13000000.0,63000000.0,-5000000.0,69000000.0,0.03,0.03,2315700000.0,2341300000.0,3188000000.0,6000000.0,3086000000.0,1251000000.0,1125000000.0,,2066000000.0,15896000000.0,,2088000000.0,2830000000.0,,1669000000.0,25260000000.0,2147000000.0,5194000000.0,,7873000000.0,,,,3970000000.0,,3896000000.0,-2311000000.0,9944000000.0,25260000000.0,173000000.0,72000000.0,-22000000.0,-411000000.0,-58000000.0,,-114000000.0,,,,485000000.0,,,,,,70000000.0,,,-163000000.0,63000000.0,,49000000.0,319000000.0,44000000.0
2010-07-03,10458000000.0,6670000000.0,3788000000.0,1519000000.0,1772000000.0,,439000000.0,-31000000.0,408000000.0,179000000.0,231000000.0,0.1,0.1,2328800000.0,2365000000.0,2893000000.0,25000000.0,3465000000.0,1299000000.0,1212000000.0,,1807000000.0,16014000000.0,,1968000000.0,2828000000.0,,1693000000.0,24812000000.0,2336000000.0,5020000000.0,1442000000.0,7887000000.0,662000000.0,,,3798000000.0,,4058000000.0,-2376000000.0,10116000000.0,24812000000.0,341000000.0,149000000.0,261000000.0,17000000.0,,,-368000000.0,,,,727000000.0,,,,,,146000000.0,,,-172000000.0,68000000.0,,-425000000.0,24000000.0,34000000.0
2010-10-02,13619000000.0,8754000000.0,4865000000.0,1889000000.0,2423000000.0,,411000000.0,-82000000.0,329000000.0,278000000.0,340000000.0,0.15,0.14,2339000000.0,2374400000.0,3848000000.0,8000000.0,3236000000.0,1354000000.0,1230000000.0,,1442000000.0,17373000000.0,,1768000000.0,2752000000.0,,1447000000.0,25925000000.0,2379000000.0,4517000000.0,1061000000.0,8709000000.0,504000000.0,,,3639000000.0,,4167000000.0,-2315000000.0,10441000000.0,25925000000.0,426000000.0,200000000.0,323000000.0,305000000.0,257000000.0,,59000000.0,,,,915000000.0,,,,,,180000000.0,,,50000000.0,152000000.0,,62000000.0,979000000.0,95000000.0
2010-12-31,19282000000.0,12384000000.0,6898000000.0,2530000000.0,3367000000.0,,789000000.0,-112000000.0,677000000.0,406000000.0,633000000.0,1.9,1.87,333300000.0,338100000.0,4208000000.0,9000000.0,3268000000.0,1364000000.0,2877000000.0,,1342000000.0,17154000000.0,,1729000000.0,2825000000.0,,1428000000.0,25577000000.0,2462000000.0,4704000000.0,1071000000.0,8710000000.0,496000000.0,,,3542000000.0,,4460000000.0,-2222000000.0,10885000000.0,25577000000.0,572000000.0,273000000.0,165000000.0,311000000.0,267000000.0,,-41000000.0,,,,1534000000.0,,,,,,335000000.0,,,246000000.0,179000000.0,,-468000000.0,1339000000.0,259000000.0
2011-04-02,1884000000.0,942000000.0,942000000.0,249000000.0,468000000.0,,170000000.0,3000000.0,173000000.0,-186000000.0,497000000.0,1.47,1.44,337400000.0,344200000.0,2764000000.0,9000000.0,1406000000.0,521000000.0,911000000.0,,751000000.0,10861000000.0,,915000000.0,1429000000.0,,720000000.0,16560000000.0,560000000.0,2793000000.0,741000000.0,4904000000.0,273000000.0,,,3011000000.0,,497000000.0,-2140000000.0,6310000000.0,16560000000.0,91000000.0,39000000.0,,-175000000.0,10000000.0,,13000000.0,,,,231000000.0,,,,,,27000000.0,,,1267000000.0,70000000.0,,-2919000000.0,-1444000000.0,16000000.0
2011-07-02,3939000000.0,1958000000.0,1981000000.0,520000000.0,960000000.0,,340000000.0,-97000000.0,246000000.0,-169000000.0,846000000.0,2.49,2.44,341200000.0,348500000.0,2203000000.0,2000000.0,1546000000.0,522000000.0,729000000.0,,729000000.0,10269000000.0,,899000000.0,1429000000.0,,641000000.0,15597000000.0,625000000.0,2790000000.0,760000000.0,4131000000.0,293000000.0,,,3015000000.0,,846000000.0,-2140000000.0,6739000000.0,15597000000.0,181000000.0,78000000.0,,-88000000.0,12000000.0,,-9000000.0,,,,333000000.0,,,,,,60000000.0,,,1292000000.0,128000000.0,,-3613000000.0,-2005000000.0,39000000.0
2011-10-01,5969000000.0,2968000000.0,3001000000.0,775000000.0,1425000000.0,,580000000.0,-110000000.0,470000000.0,-91000000.0,974000000.0,2.89,2.84,337300000.0,343400000.0,1785000000.0,2000000.0,1535000000.0,548000000.0,629000000.0,,743000000.0,9715000000.0,,889000000.0,1449000000.0,,449000000.0,14771000000.0,641000000.0,2911000000.0,810000000.0,4169000000.0,291000000.0,,,2906000000.0,,902000000.0,-2154000000.0,6098000000.0,14771000000.0,273000000.0,123000000.0,,-82000000.0,37000000.0,,6000000.0,,,,803000000.0,,,,,,103000000.0,,,1172000000.0,148000000.0,39000000.0,-4347000000.0,-2423000000.0,57000000.0
2011-12-31,8203000000.0,4057000000.0,4146000000.0,1035000000.0,1912000000.0,,858000000.0,-120000000.0,738000000.0,-3000000.0,1158000000.0,3.47,3.41,333800000.0,339700000.0,1881000000.0,2000000.0,1866000000.0,512000000.0,2983000000.0,,676000000.0,8768000000.0,,896000000.0,1428000000.0,,294000000.0,13929000000.0,677000000.0,2721000000.0,774000000.0,3815000000.0,275000000.0,,,3710000000.0,,1016000000.0,-2876000000.0,5214000000.0,13929000000.0,366000000.0,168000000.0,-38000000.0,250000000.0,14000000.0,,-61000000.0,,,,848000000.0,,,,,,186000000.0,,,2426000000.0,192000000.0,42000000.0,-5528000000.0,-2327000000.0,107000000.0
2012-03-31,1956000000.0,983000000.0,973000000.0,254000000.0,472000000.0,,232000000.0,12000000.0,244000000.0,85000000.0,157000000.0,0.5,0.49,311300000.0,317700000.0,1720000000.0,2000000.0,1717000000.0,471000000.0,640000000.0,,772000000.0,7377000000.0,,874000000.0,1430000000.0,,274000000.0,12443000000.0,594000000.0,2573000000.0,802000000.0,3583000000.0,273000000.0,,,3624000000.0,,1109000000.0,-2827000000.0,4085000000.0,12443000000.0,53000000.0,43000000.0,,-141000000.0,-9000000.0,,100000000.0,,,,69000000.0,,,,,,49000000.0,,,1152000000.0,30000000.0,6000000.0,-1411000000.0,-161000000.0,38000000.0
2012-06-30,4104000000.0,2071000000.0,2033000000.0,523000000.0,968000000.0,,510000000.0,-38000000.0,484000000.0,148000000.0,339000000.0,1.12,1.1,302100000.0,308100000.0,1772000000.0,2000000.0,1590000000.0,488000000.0,679000000.0,,761000000.0,7223000000.0,,857000000.0,1430000000.0,,293000000.0,12193000000.0,637000000.0,2349000000.0,788000000.0,2990000000.0,260000000.0,,,3469000000.0,,1228000000.0,-2793000000.0,3848000000.0,12193000000.0,106000000.0,95000000.0,,-262000000.0,8000000.0,,77000000.0,,,,322000000.0,,,,,,101000000.0,,,1186000000.0,63000000.0,17000000.0,-1606000000.0,-109000000.0,91000000.0
2012-09-29,6257000000.0,3137000000.0,3120000000.0,785000000.0,1454000000.0,,833000000.0,-25000000.0,808000000.0,266000000.0,545000000.0,1.84,1.81,296100000.0,301500000.0,1779000000.0,2000000.0,1704000000.0,538000000.0,662000000.0,,828000000.0,7271000000.0,,860000000.0,1430000000.0,,280000000.0,12020000000.0,646000000.0,2475000000.0,799000000.0,3125000000.0,278000000.0,,,3138000000.0,,1361000000.0,-2653000000.0,3872000000.0,12020000000.0,151000000.0,139000000.0,,-189000000.0,51000000.0,,147000000.0,,,,504000000.0,,,,,,140000000.0,,,1342000000.0,79000000.0,17000000.0,-1962000000.0,-102000000.0,104000000.0
2012-12-31,8698000000.0,4350000000.0,4348000000.0,1075000000.0,1963000000.0,,1256000000.0,-41000000.0,1215000000.0,337000000.0,881000000.0,3.01,2.96,292100000.0,297400000.0,1468000000.0,2000000.0,1881000000.0,513000000.0,3017000000.0,,800000000.0,7401000000.0,,839000000.0,1510000000.0,,369000000.0,12679000000.0,705000000.0,2626000000.0,820000000.0,3335000000.0,304000000.0,,,4195000000.0,,1625000000.0,-3300000000.0,3265000000.0,12679000000.0,208000000.0,184000000.0,242000000.0,-81000000.0,3000000.0,,118000000.0,,,,1068000000.0,,,,,,187000000.0,,,797000000.0,,20000000.0,-2305000000.0,-413000000.0,127000000.0
2013-03-30,1973000000.0,1018000000.0,955000000.0,262000000.0,460000000.0,,216000000.0,-11000000.0,205000000.0,13000000.0,192000000.0,0.7,0.68,274500000.0,280700000.0,1470000000.0,3000000.0,1644000000.0,515000000.0,621000000.0,,868000000.0,7366000000.0,,825000000.0,1505000000.0,,331000000.0,12597000000.0,593000000.0,2292000000.0,819000000.0,2889000000.0,319000000.0,,,4136000000.0,,1746000000.0,-3319000000.0,3097000000.0,12597000000.0,52000000.0,45000000.0,25000000.0,-200000000.0,5000000.0,,75000000.0,,,,-31000000.0,,,,,,46000000.0,,,-144000000.0,40000000.0,9000000.0,212000000.0,2000000.0,64000000.0
2013-06-29,4080000000.0,2096000000.0,1984000000.0,530000000.0,930000000.0,,482000000.0,-53000000.0,429000000.0,-38000000.0,450000000.0,1.66,1.62,271900000.0,277700000.0,1457000000.0,3000000.0,1707000000.0,498000000.0,641000000.0,,779000000.0,6841000000.0,,830000000.0,1502000000.0,,315000000.0,12160000000.0,597000000.0,2193000000.0,766000000.0,2794000000.0,296000000.0,,,4095000000.0,,1935000000.0,-3309000000.0,2791000000.0,12160000000.0,109000000.0,79000000.0,,-132000000.0,-11000000.0,,0.0,,,,51000000.0,,,,,,89000000.0,,,308000000.0,100000000.0,18000000.0,-341000000.0,-11000000.0,68000000.0
2013-09-28,6192000000.0,3164000000.0,3028000000.0,782000000.0,1369000000.0,,802000000.0,-48000000.0,754000000.0,17000000.0,757000000.0,2.82,2.77,268700000.0,273500000.0,1721000000.0,2000000.0,1823000000.0,521000000.0,586000000.0,,760000000.0,6580000000.0,,841000000.0,1507000000.0,,203000000.0,12058000000.0,633000000.0,2203000000.0,766000000.0,2840000000.0,311000000.0,,,4055000000.0,,2162000000.0,-3272000000.0,2676000000.0,12058000000.0,168000000.0,116000000.0,,-29000000.0,10000000.0,,-23000000.0,,,,203000000.0,,,,,,125000000.0,,,883000000.0,109000000.0,20000000.0,-825000000.0,253000000.0,231000000.0
2013-12-31,8696000000.0,4455000000.0,4241000000.0,1055000000.0,1838000000.0,,1215000000.0,-70000000.0,1145000000.0,40000000.0,1099000000.0,4.13,4.06,266000000.0,270500000.0,3225000000.0,2000000.0,1920000000.0,522000000.0,2660000000.0,,767000000.0,7020000000.0,,810000000.0,1509000000.0,,185000000.0,11851000000.0,814000000.0,2402000000.0,778000000.0,3220000000.0,302000000.0,,,2485000000.0,,2425000000.0,-2287000000.0,3659000000.0,11851000000.0,228000000.0,153000000.0,-231000000.0,66000000.0,10000000.0,,-51000000.0,,,,944000000.0,,,,,,191000000.0,,,2010000000.0,165000000.0,25000000.0,-1207000000.0,1757000000.0,246000000.0
2014-03-29,1801000000.0,956000000.0,845000000.0,243000000.0,427000000.0,,170000000.0,-19000000.0,151000000.0,24000000.0,127000000.0,0.5,0.49,254100000.0,258300000.0,3141000000.0,260000000.0,1727000000.0,576000000.0,624000000.0,,713000000.0,6781000000.0,,795000000.0,1531000000.0,,244000000.0,11615000000.0,655000000.0,2367000000.0,810000000.0,3026000000.0,293000000.0,,,2380000000.0,,2473000000.0,-2270000000.0,3717000000.0,11615000000.0,55000000.0,36000000.0,,-191000000.0,54000000.0,,-24000000.0,,,,46000000.0,,,,,,45000000.0,,,-18000000.0,14000000.0,5000000.0,-114000000.0,-84000000.0,-2000000.0
2014-06-28,2622000000.0,1389000000.0,1233000000.0,350000000.0,615000000.0,,245000000.0,-59000000.0,186000000.0,23000000.0,951000000.0,3.75,3.7,253800000.0,257200000.0,2876000000.0,236000000.0,1185000000.0,330000000.0,1205000000.0,,527000000.0,7066000000.0,,682000000.0,383000000.0,,128000000.0,11868000000.0,453000000.0,1615000000.0,333000000.0,2924000000.0,150000000.0,,,2151000000.0,,3219000000.0,-2245000000.0,4139000000.0,11868000000.0,86000000.0,54000000.0,,-190000000.0,-17000000.0,,-76000000.0,,,,130000000.0,,,,,,82000000.0,,,-48000000.0,85000000.0,6000000.0,-438000000.0,-349000000.0,31000000.0
2014-09-27,4058000000.0,2139000000.0,1919000000.0,516000000.0,902000000.0,,452000000.0,-115000000.0,337000000.0,107000000.0,1098000000.0,4.37,4.32,251100000.0,254000000.0,2845000000.0,240000000.0,1162000000.0,331000000.0,1192000000.0,,604000000.0,7168000000.0,,664000000.0,383000000.0,,138000000.0,12195000000.0,501000000.0,1673000000.0,341000000.0,3024000000.0,148000000.0,,,2364000000.0,,3284000000.0,-2625000000.0,3211000000.0,12195000000.0,131000000.0,74000000.0,,-202000000.0,-12000000.0,,9000000.0,,,,15000000.0,,,,,,130000000.0,,,-98000000.0,94000000.0,11000000.0,-274000000.0,-380000000.0,36000000.0
2014-12-31,5881000000.0,3050000000.0,2831000000.0,681000000.0,1184000000.0,,-1006000000.0,-155000000.0,-1161000000.0,-465000000.0,1299000000.0,5.29,5.29,245600000.0,245600000.0,3954000000.0,246000000.0,1409000000.0,345000000.0,2582000000.0,,740000000.0,6879000000.0,,549000000.0,383000000.0,,145000000.0,10423000000.0,540000000.0,1706000000.0,355000000.0,2250000000.0,139000000.0,,,2011000000.0,,3410000000.0,-1855000000.0,2735000000.0,10423000000.0,173000000.0,94000000.0,-557000000.0,62000000.0,5000000.0,,47000000.0,,,,-685000000.0,,,,,,181000000.0,,,3208000000.0,135000000.0,11000000.0,-1715000000.0,729000000.0,105000000.0
2015-04-04,1223000000.0,675000000.0,548000000.0,159000000.0,256000000.0,,119000000.0,9000000.0,128000000.0,40000000.0,74000000.0,0.34,0.34,215300000.0,217800000.0,3353000000.0,268000000.0,1084000000.0,381000000.0,416000000.0,,650000000.0,5884000000.0,,530000000.0,390000000.0,,157000000.0,9425000000.0,437000000.0,1536000000.0,339000000.0,1977000000.0,141000000.0,,,1962000000.0,,3412000000.0,-1913000000.0,2086000000.0,9425000000.0,41000000.0,21000000.0,23000000.0,-309000000.0,44000000.0,,-26000000.0,,,,151000000.0,,,,,,33000000.0,,,-18000000.0,46000000.0,1000000.0,-682000000.0,-601000000.0,39000000.0
2015-07-04,2591000000.0,1395000000.0,1196000000.0,315000000.0,510000000.0,,373000000.0,-39000000.0,343000000.0,104000000.0,217000000.0,1.03,1.01,211700000.0,213800000.0,3112000000.0,262000000.0,1141000000.0,364000000.0,422000000.0,,593000000.0,5632000000.0,,542000000.0,423000000.0,,160000000.0,9160000000.0,417000000.0,1550000000.0,335000000.0,1971000000.0,121000000.0,,,1973000000.0,,3485000000.0,-1985000000.0,1815000000.0,9160000000.0,81000000.0,40000000.0,55000000.0,-255000000.0,25000000.0,,-28000000.0,,,,291000000.0,,,,,,81000000.0,,,-62000000.0,51000000.0,1000000.0,-1036000000.0,-842000000.0,71000000.0
2015-10-03,4013000000.0,2132000000.0,1881000000.0,468000000.0,769000000.0,,605000000.0,-65000000.0,540000000.0,175000000.0,331000000.0,1.6,1.58,207200000.0,209200000.0,2200000000.0,276000000.0,1222000000.0,334000000.0,430000000.0,,574000000.0,4787000000.0,,467000000.0,423000000.0,,183000000.0,8086000000.0,443000000.0,1582000000.0,363000000.0,2029000000.0,116000000.0,,,1969000000.0,,1689000000.0,-2006000000.0,-307000000.0,8086000000.0,113000000.0,58000000.0,127000000.0,-167000000.0,21000000.0,,-38000000.0,,,,591000000.0,,,,,,131000000.0,,,-129000000.0,85000000.0,1000000.0,-2155000000.0,-1754000000.0,86000000.0
2015-12-31,5695000000.0,2976000000.0,2719000000.0,620000000.0,1021000000.0,,994000000.0,-77000000.0,917000000.0,274000000.0,610000000.0,3.06,3.02,199600000.0,201800000.0,1980000000.0,401000000.0,1362000000.0,296000000.0,2278000000.0,,917000000.0,4582000000.0,,487000000.0,420000000.0,,312000000.0,8387000000.0,518000000.0,1671000000.0,390000000.0,2193000000.0,113000000.0,,,1904000000.0,,1716000000.0,-1866000000.0,-106000000.0,8387000000.0,150000000.0,78000000.0,160000000.0,-21000000.0,-16000000.0,,-92000000.0,,,,1005000000.0,,,,,,175000000.0,,,-528000000.0,100000000.0,5000000.0,-2382000000.0,-1974000000.0,105000000.0
2016-04-02,1193000000.0,691000000.0,502000000.0,135000000.0,234000000.0,,100000000.0,-78000000.0,22000000.0,5000000.0,17000000.0,0.1,0.1,174500000.0,177000000.0,1940000000.0,47000000.0,1148000000.0,287000000.0,,,626000000.0,4001000000.0,,997000000.0,590000000.0,,884000000.0,9049000000.0,424000000.0,1604000000.0,399000000.0,2032000000.0,113000000.0,,,2131000000.0,,1597000000.0,-1845000000.0,-147000000.0,9049000000.0,62000000.0,17000000.0,35000000.0,-277000000.0,4000000.0,,43000000.0,,,,13000000.0,,,,,,51000000.0,,,-623000000.0,40000000.0,0.0,577000000.0,-40000000.0,52000000.0
2016-07-02,2623000000.0,1444000000.0,1179000000.0,274000000.0,475000000.0,,323000000.0,-134000000.0,189000000.0,64000000.0,124000000.0,0.72,0.71,173000000.0,175700000.0,1545000000.0,47000000.0,1083000000.0,284000000.0,,,635000000.0,3547000000.0,,778000000.0,597000000.0,,1061000000.0,8467000000.0,409000000.0,1631000000.0,361000000.0,2045000000.0,149000000.0,,,2072000000.0,,1080000000.0,-1888000000.0,-689000000.0,8467000000.0,144000000.0,35000000.0,71000000.0,-327000000.0,2000000.0,,65000000.0,,,,304000000.0,,,,,,143000000.0,,,-664000000.0,40000000.0,0.0,-51000000.0,-435000000.0,54000000.0
2016-10-01,4155000000.0,2214000000.0,1941000000.0,411000000.0,722000000.0,,664000000.0,-182000000.0,482000000.0,164000000.0,317000000.0,1.85,1.82,171000000.0,174000000.0,1687000000.0,45000000.0,1164000000.0,283000000.0,,,670000000.0,3804000000.0,,780000000.0,597000000.0,,1013000000.0,8619000000.0,406000000.0,1750000000.0,404000000.0,2161000000.0,126000000.0,,,2062000000.0,,1096000000.0,-1931000000.0,-659000000.0,8619000000.0,220000000.0,52000000.0,143000000.0,-245000000.0,0.0,,102000000.0,,,,652000000.0,,,,,,211000000.0,,,-721000000.0,80000000.0,0.0,-191000000.0,-293000000.0,62000000.0
2016-12-31,6038000000.0,3169000000.0,2869000000.0,553000000.0,1000000000.0,,1067000000.0,-223000000.0,844000000.0,282000000.0,560000000.0,3.3,3.24,169600000.0,173100000.0,1030000000.0,46000000.0,1410000000.0,273000000.0,2098000000.0,,755000000.0,3468000000.0,,789000000.0,728000000.0,,1021000000.0,8463000000.0,553000000.0,2111000000.0,439000000.0,2668000000.0,115000000.0,,,2355000000.0,,1148000000.0,-2317000000.0,-964000000.0,8463000000.0,295000000.0,68000000.0,213000000.0,6000000.0,-6000000.0,,185000000.0,,,,1165000000.0,,,,,,271000000.0,,,-1002000000.0,93000000.0,0.0,-1042000000.0,-950000000.0,66000000.0
2017-04-01,1281000000.0,711000000.0,570000000.0,135000000.0,232000000.0,,176000000.0,-56000000.0,120000000.0,42000000.0,77000000.0,0.47,0.45,164200000.0,169900000.0,766000000.0,45000000.0,1070000000.0,345000000.0,,,829000000.0,3073000000.0,,820000000.0,737000000.0,,197000000.0,8140000000.0,433000000.0,1908000000.0,473000000.0,2385000000.0,115000000.0,,,2378000000.0,,970000000.0,-2264000000.0,-1050000000.0,8140000000.0,80000000.0,17000000.0,23000000.0,-368000000.0,69000000.0,,59000000.0,,,,142000000.0,,,,,,68000000.0,,,-121000000.0,22000000.0,,-234000000.0,,21000000.0
2017-07-01,2777000000.0,1517000000.0,1260000000.0,273000000.0,475000000.0,,433000000.0,-109000000.0,324000000.0,114000000.0,208000000.0,1.27,1.23,163700000.0,169500000.0,742000000.0,50000000.0,1211000000.0,391000000.0,,,804000000.0,3211000000.0,,859000000.0,749000000.0,,200000000.0,8295000000.0,440000000.0,1924000000.0,427000000.0,2410000000.0,164000000.0,,,2440000000.0,,945000000.0,-2199000000.0,-988000000.0,8295000000.0,166000000.0,33000000.0,63000000.0,-251000000.0,112000000.0,,21000000.0,,,,315000000.0,,,,,,121000000.0,,,-189000000.0,28000000.0,,-385000000.0,-225000000.0,47000000.0
2017-09-30,4423000000.0,2369000000.0,2054000000.0,413000000.0,725000000.0,,770000000.0,-160000000.0,610000000.0,188000000.0,420000000.0,2.57,2.48,163200000.0,169300000.0,653000000.0,0.0,1382000000.0,364000000.0,,,873000000.0,3336000000.0,,889000000.0,932000000.0,,201000000.0,8618000000.0,473000000.0,2043000000.0,469000000.0,2563000000.0,158000000.0,,,2450000000.0,,981000000.0,-2126000000.0,-830000000.0,8618000000.0,254000000.0,49000000.0,99000000.0,-81000000.0,83000000.0,,142000000.0,,,,585000000.0,,,,,,206000000.0,,,-415000000.0,61000000.0,,-537000000.0,-313000000.0,83000000.0
2017-12-31,6380000000.0,3356000000.0,3024000000.0,568000000.0,979000000.0,,1282000000.0,-206000000.0,1076000000.0,1227000000.0,-155000000.0,-0.95,-0.95,162900000.0,162900000.0,1205000000.0,0.0,1523000000.0,327000000.0,908000000.0,,832000000.0,3950000000.0,,856000000.0,938000000.0,,333000000.0,8208000000.0,593000000.0,2286000000.0,613000000.0,2931000000.0,169000000.0,,,2585000000.0,,467000000.0,-2562000000.0,-1742000000.0,8208000000.0,343000000.0,66000000.0,1100000000.0,60000000.0,46000000.0,,99000000.0,,,,1346000000.0,,,,,,227000000.0,,,-448000000.0,82000000.0,0.0,-722000000.0,238000000.0,122000000.0
2018-03-31,1468000000.0,799000000.0,669000000.0,152000000.0,279000000.0,,171000000.0,-31000000.0,140000000.0,23000000.0,117000000.0,0.73,0.69,161400000.0,170600000.0,795000000.0,,1179000000.0,441000000.0,,,343000000.0,3621000000.0,,900000000.0,1535000000.0,,412000000.0,9051000000.0,463000000.0,1072000000.0,1069000000.0,3096000000.0,,,,2190000000.0,,531000000.0,-2508000000.0,-1554000000.0,9051000000.0,82000000.0,17000000.0,7000000.0,,9000000.0,,-2000000.0,,,,-500000000.0,,,,,,41000000.0,,,-1089000000.0,53000000.0,,1149000000.0,-410000000.0,36000000.0
2018-06-30,3227000000.0,1736000000.0,1491000000.0,314000000.0,594000000.0,,445000000.0,-78000000.0,367000000.0,69000000.0,297000000.0,1.83,1.73,162200000.0,171700000.0,878000000.0,,1159000000.0,391000000.0,,,330000000.0,3581000000.0,,895000000.0,1528000000.0,,420000000.0,8881000000.0,430000000.0,1096000000.0,1049000000.0,2922000000.0,,,,2153000000.0,,627000000.0,-2580000000.0,-1507000000.0,8881000000.0,178000000.0,34000000.0,31000000.0,,-37000000.0,,-43000000.0,,,,-75000000.0,,,,,,82000000.0,,,-1156000000.0,59000000.0,,922000000.0,-327000000.0,56000000.0
2018-09-29,5089000000.0,2697000000.0,2392000000.0,472000000.0,918000000.0,,739000000.0,-102000000.0,637000000.0,91000000.0,544000000.0,3.36,3.17,162600000.0,172600000.0,839000000.0,,1179000000.0,367000000.0,,,350000000.0,3664000000.0,,892000000.0,1541000000.0,,444000000.0,8963000000.0,456000000.0,1168000000.0,1127000000.0,3088000000.0,,,,2175000000.0,,788000000.0,-2571000000.0,-1411000000.0,8963000000.0,267000000.0,53000000.0,19000000.0,,-61000000.0,,137000000.0,,,,263000000.0,,,,,,128000000.0,,,-1196000000.0,139000000.0,,534000000.0,-417000000.0,79000000.0
2018-12-31,7343000000.0,3863000000.0,3480000000.0,637000000.0,1254000000.0,,1255000000.0,-153000000.0,1102000000.0,133000000.0,966000000.0,5.95,5.62,162400000.0,172000000.0,1246000000.0,,1293000000.0,356000000.0,784000000.0,,354000000.0,4272000000.0,,895000000.0,1514000000.0,,344000000.0,9409000000.0,592000000.0,1210000000.0,1263000000.0,3096000000.0,,,,2300000000.0,,1051000000.0,-2765000000.0,-1293000000.0,9409000000.0,360000000.0,73000000.0,9000000.0,,-71000000.0,,,,,,1075000000.0,,,,,,197000000.0,,,-1266000000.0,168000000.0,,220000000.0,-11000000.0,119000000.0
2019-03-30,1657000000.0,884000000.0,773000000.0,162000000.0,327000000.0,,229000000.0,-44000000.0,185000000.0,33000000.0,151000000.0,0.92,0.86,164000000.0,174600000.0,886000000.0,,1150000000.0,425000000.0,,,364000000.0,3714000000.0,,937000000.0,1860000000.0,,357000000.0,9993000000.0,558000000.0,1235000000.0,1158000000.0,2979000000.0,,,,2264000000.0,,963000000.0,-2724000000.0,-1108000000.0,9993000000.0,95000000.0,27000000.0,-6000000.0,,63000000.0,,-136000000.0,,,,251000000.0,,,,,,66000000.0,,,-432000000.0,45000000.0,,-201000000.0,-360000000.0,23000000.0
2019-06-29,3517000000.0,1813000000.0,1704000000.0,333000000.0,676000000.0,,579000000.0,-119000000.0,460000000.0,100000000.0,358000000.0,2.18,2.04,164900000.0,176100000.0,953000000.0,,1206000000.0,424000000.0,,,324000000.0,3831000000.0,,940000000.0,1852000000.0,,364000000.0,9974000000.0,544000000.0,1117000000.0,1187000000.0,2876000000.0,,,,2233000000.0,,1051000000.0,-2737000000.0,-970000000.0,9974000000.0,191000000.0,57000000.0,17000000.0,,61000000.0,,-128000000.0,,,,502000000.0,,,,,,129000000.0,,,-490000000.0,70000000.0,,-311000000.0,-293000000.0,70000000.0
2019-09-28,5511000000.0,2800000000.0,2711000000.0,505000000.0,1035000000.0,,991000000.0,-183000000.0,808000000.0,180000000.0,625000000.0,3.78,3.56,166700000.0,176400000.0,1138000000.0,,1295000000.0,460000000.0,,,338000000.0,4154000000.0,,963000000.0,2006000000.0,,333000000.0,10373000000.0,557000000.0,1259000000.0,1223000000.0,3656000000.0,,,,2190000000.0,,1220000000.0,-2759000000.0,-1101000000.0,10373000000.0,290000000.0,87000000.0,41000000.0,,88000000.0,,-104000000.0,,,,1028000000.0,,,,,,189000000.0,,,-802000000.0,82000000.0,,-329000000.0,-117000000.0,111000000.0
2019-12-31,7887000000.0,3956000000.0,3931000000.0,687000000.0,1403000000.0,,1581000000.0,-580000000.0,1001000000.0,130000000.0,868000000.0,5.21,4.95,166600000.0,175600000.0,1001000000.0,,1412000000.0,447000000.0,759000000.0,,272000000.0,4178000000.0,,992000000.0,2067000000.0,,422000000.0,10642000000.0,618000000.0,1356000000.0,1449000000.0,3439000000.0,,,,2276000000.0,,1239000000.0,-2440000000.0,-700000000.0,10642000000.0,394000000.0,118000000.0,-84000000.0,,74000000.0,,,,,,1823000000.0,,,,,,248000000.0,,,-934000000.0,114000000.0,,-1144000000.0,-256000000.0,138000000.0
2020-03-28,1655000000.0,868000000.0,787000000.0,168000000.0,341000000.0,,259000000.0,-35000000.0,224000000.0,26000000.0,197000000.0,1.15,1.12,170600000.0,175900000.0,1672000000.0,,1122000000.0,442000000.0,,,287000000.0,4481000000.0,,932000000.0,2075000000.0,,393000000.0,10716000000.0,531000000.0,1256000000.0,1278000000.0,3879000000.0,,,,2198000000.0,,1074000000.0,-2566000000.0,-948000000.0,10716000000.0,99000000.0,38000000.0,4000000.0,,-2000000.0,,-48000000.0,,,,308000000.0,,,,,,48000000.0,,,-26000000.0,5000000.0,,439000000.0,671000000.0,22000000.0
2020-06-27,3273000000.0,1720000000.0,1553000000.0,330000000.0,638000000.0,,476000000.0,-75000000.0,401000000.0,67000000.0,332000000.0,1.95,1.9,170300000.0,174800000.0,1341000000.0,,1134000000.0,449000000.0,,,225000000.0,4086000000.0,,,2123000000.0,,417000000.0,10374000000.0,498000000.0,1171000000.0,1294000000.0,3480000000.0,,,,2213000000.0,,1017000000.0,-2475000000.0,-830000000.0,10374000000.0,197000000.0,69000000.0,1000000.0,,-3000000.0,,-136000000.0,,,,517000000.0,,,,,,102000000.0,,,-141000000.0,49000000.0,,-17000000.0,340000000.0,50000000.0
2020-09-26,5141000000.0,2679000000.0,2462000000.0,505000000.0,951000000.0,,828000000.0,-176000000.0,652000000.0,112000000.0,537000000.0,3.16,3.08,170100000.0,174300000.0,1007000000.0,,1155000000.0,489000000.0,,,251000000.0,3971000000.0,,,2207000000.0,,437000000.0,10361000000.0,536000000.0,1205000000.0,1359000000.0,3312000000.0,,,,2226000000.0,,1008000000.0,-2433000000.0,-756000000.0,10361000000.0,300000000.0,100000000.0,24000000.0,,-2000000.0,,1000000.0,,,,909000000.0,,,,,,151000000.0,,,-369000000.0,59000000.0,,-532000000.0,6000000.0,90000000.0
2020-12-31,7414000000.0,3806000000.0,3608000000.0,686000000.0,1293000000.0,,1383000000.0,-209000000.0,1174000000.0,221000000.0,949000000.0,5.58,5.45,170000000.0,174100000.0,1254000000.0,,1390000000.0,508000000.0,786000000.0,,242000000.0,4327000000.0,,1022000000.0,2219000000.0,,482000000.0,10876000000.0,612000000.0,1311000000.0,1554000000.0,3489000000.0,,,,2363000000.0,,1127000000.0,-2446000000.0,-558000000.0,10876000000.0,409000000.0,129000000.0,-25000000.0,,14000000.0,,,,,,1613000000.0,,,,,,217000000.0,,,-437000000.0,108000000.0,,-966000000.0,253000000.0,181000000.0
2021-04-03,1773000000.0,913000000.0,860000000.0,180000000.0,303000000.0,,298000000.0,-9000000.0,289000000.0,44000000.0,244000000.0,1.44,1.41,169300000.0,173200000.0,1320000000.0,,1090000000.0,530000000.0,,,235000000.0,3942000000.0,,,2221000000.0,,481000000.0,10423000000.0,484000000.0,1181000000.0,1419000000.0,3095000000.0,,,,2286000000.0,,1080000000.0,-2410000000.0,-496000000.0,10423000000.0,110000000.0,29000000.0,1000000.0,,24000000.0,,-149000000.0,,,,370000000.0,,,,,,52000000.0,,,-52000000.0,45000000.0,,-256000000.0,66000000.0,78000000.0
2021-07-03,3744000000.0,1932000000.0,1812000000.0,361000000.0,633000000.0,,668000000.0,-38000000.0,630000000.0,90000000.0,537000000.0,3.17,3.1,169600000.0,173100000.0,1921000000.0,,1169000000.0,559000000.0,,,254000000.0,4660000000.0,,,2219000000.0,,509000000.0,11131000000.0,547000000.0,1212000000.0,1416000000.0,3184000000.0,,,,2265000000.0,,1151000000.0,-2388000000.0,-358000000.0,11131000000.0,220000000.0,60000000.0,-23000000.0,,53000000.0,,-134000000.0,,,,758000000.0,,,,,,114000000.0,,,-114000000.0,60000000.0,,30000000.0,667000000.0,179000000.0
2021-10-02,5851000000.0,2994000000.0,2857000000.0,545000000.0,985000000.0,,1118000000.0,-84000000.0,1034000000.0,186000000.0,844000000.0,4.98,4.87,169300000.0,174100000.0,1653000000.0,,1196000000.0,604000000.0,,,252000000.0,4735000000.0,,,2449000000.0,,530000000.0,11422000000.0,620000000.0,1265000000.0,1538000000.0,3429000000.0,,,,2233000000.0,,1201000000.0,-2416000000.0,-263000000.0,11422000000.0,325000000.0,94000000.0,2000000.0,,99000000.0,,136000000.0,,,,1134000000.0,,,,,,175000000.0,,,-525000000.0,99000000.0,,-179000000.0,399000000.0,230000000.0
2021-12-31,8171000000.0,4131000000.0,4040000000.0,734000000.0,1353000000.0,,1667000000.0,-115000000.0,1552000000.0,302000000.0,1245000000.0,7.36,7.17,169200000.0,173600000.0,1874000000.0,,1386000000.0,788000000.0,733000000.0,,259000000.0,5412000000.0,,1042000000.0,2565000000.0,,558000000.0,12189000000.0,851000000.0,1557000000.0,1650000000.0,4063000000.0,,,,2148000000.0,,1350000000.0,-2379000000.0,-40000000.0,12189000000.0,438000000.0,129000000.0,34000000.0,,284000000.0,,,,,,1837000000.0,,,,,,243000000.0,,,-742000000.0,102000000.0,,-429000000.0,620000000.0,257000000.0
2022-04-02,1892000000.0,1035000000.0,857000000.0,188000000.0,338000000.0,,239000000.0,-20000000.0,219000000.0,-49000000.0,267000000.0,1.59,1.54,168000000.0,173100000.0,878000000.0,,1151000000.0,952000000.0,,,300000000.0,4280000000.0,,,2864000000.0,,552000000.0,11649000000.0,827000000.0,1465000000.0,1590000000.0,3886000000.0,,,,2052000000.0,,1002000000.0,-2384000000.0,-316000000.0,11649000000.0,111000000.0,37000000.0,-179000000.0,,162000000.0,,-47000000.0,,,,152000000.0,,,,,,54000000.0,,,-557000000.0,52000000.0,,-577000000.0,-996000000.0,33000000.0
2022-07-02,4032000000.0,2186000000.0,1846000000.0,380000000.0,692000000.0,,597000000.0,-77000000.0,520000000.0,71000000.0,495000000.0,2.95,2.88,167600000.0,172000000.0,717000000.0,,1284000000.0,1071000000.0,,,294000000.0,4411000000.0,,,2873000000.0,,562000000.0,11672000000.0,919000000.0,1324000000.0,1556000000.0,3801000000.0,,,,1982000000.0,,936000000.0,-2491000000.0,-443000000.0,11672000000.0,223000000.0,81000000.0,-121000000.0,,277000000.0,,14000000.0,,,,162000000.0,,,,,,113000000.0,,,-673000000.0,51000000.0,,-564000000.0,-1157000000.0,201000000.0
2022-10-01,6405000000.0,3527000000.0,2878000000.0,577000000.0,1069000000.0,,970000000.0,-118000000.0,852000000.0,75000000.0,774000000.0,4.62,4.5,167500000.0,171900000.0,822000000.0,,1368000000.0,1157000000.0,,,327000000.0,4707000000.0,,,2851000000.0,,552000000.0,11625000000.0,885000000.0,1333000000.0,1549000000.0,3768000000.0,,,,1937000000.0,,989000000.0,-2638000000.0,-408000000.0,11625000000.0,331000000.0,126000000.0,-212000000.0,,360000000.0,,38000000.0,,,,550000000.0,,,,,,183000000.0,,,-735000000.0,137000000.0,,-704000000.0,-1052000000.0,270000000.0
2022-12-31,9112000000.0,4883000000.0,4229000000.0,779000000.0,1450000000.0,,1661000000.0,-146000000.0,1515000000.0,148000000.0,1363000000.0,8.14,7.93,167500000.0,171900000.0,1325000000.0,,1518000000.0,1055000000.0,964000000.0,,383000000.0,5255000000.0,,927000000.0,3312000000.0,,310000000.0,12814000000.0,1062000000.0,1638000000.0,1859000000.0,4560000000.0,,,,1691000000.0,,1343000000.0,-2535000000.0,116000000.0,12814000000.0,440000000.0,172000000.0,-334000000.0,,242000000.0,,,,,,1823000000.0,,,,,,256000000.0,,,-1387000000.0,156000000.0,,-906000000.0,-549000000.0,307000000.0
2023-04-01,2171000000.0,1125000000.0,1046000000.0,210000000.0,368000000.0,,399000000.0,-41000000.0,358000000.0,79000000.0,278000000.0,1.66,1.61,167400000.0,172600000.0,1022000000.0,,1340000000.0,1082000000.0,,,358000000.0,4826000000.0,,,3287000000.0,,322000000.0,12353000000.0,719000000.0,1453000000.0,1793000000.0,3966000000.0,,,,1726000000.0,,1333000000.0,-2487000000.0,234000000.0,12353000000.0,98000000.0,55000000.0,-18000000.0,,26000000.0,,40000000.0,,,,-8000000.0,,,,,,54000000.0,,,-53000000.0,26000000.0,,-263000000.0,-303000000.0,100000000.0
2023-07-01,4574000000.0,2339000000.0,2235000000.0,426000000.0,757000000.0,,917000000.0,-71000000.0,846000000.0,194000000.0,649000000.0,3.88,3.76,167500000.0,172600000.0,710000000.0,,1513000000.0,1020000000.0,,,350000000.0,4626000000.0,,,3295000000.0,,323000000.0,12252000000.0,676000000.0,1326000000.0,1764000000.0,3766000000.0,,,,1729000000.0,,1333000000.0,-2447000000.0,337000000.0,12252000000.0,185000000.0,108000000.0,-120000000.0,,-36000000.0,,29000000.0,,,,85000000.0,,,,,,107000000.0,,,-111000000.0,36000000.0,,-629000000.0,-615000000.0,405000000.0
2023-09-30,7129000000.0,3614000000.0,3515000000.0,640000000.0,1138000000.0,,1556000000.0,-118000000.0,1438000000.0,321000000.0,1113000000.0,6.66,6.46,167200000.0,172200000.0,910000000.0,,1667000000.0,959000000.0,,,404000000.0,5032000000.0,,,3278000000.0,,336000000.0,12436000000.0,722000000.0,1355000000.0,1898000000.0,5288000000.0,,,,1700000000.0,,1326000000.0,-2505000000.0,362000000.0,12436000000.0,271000000.0,160000000.0,-2000000.0,,-94000000.0,,140000000.0,,,,799000000.0,,,,,,172000000.0,,,-172000000.0,76000000.0,,-1043000000.0,-415000000.0,477000000.0
2023-12-31,9978000000.0,5008000000.0,4970000000.0,858000000.0,1561000000.0,,2294000000.0,-148000000.0,2146000000.0,432000000.0,1709000000.0,10.23,9.93,167000000.0,172100000.0,1705000000.0,,1710000000.0,827000000.0,1005000000.0,,357000000.0,5725000000.0,,964000000.0,3401000000.0,,274000000.0,13336000000.0,881000000.0,1504000000.0,2037000000.0,5736000000.0,,,,1741000000.0,,1640000000.0,-2540000000.0,724000000.0,13336000000.0,356000000.0,212000000.0,-32000000.0,,-200000000.0,,82000000.0,,,,2044000000.0,,,,,,253000000.0,,,-414000000.0,104000000.0,,-1295000000.0,380000000.0,587000000.0
2024-03-30,2389000000.0,1197000000.0,1192000000.0,218000000.0,397000000.0,,519000000.0,-609000000.0,-90000000.0,-52000000.0,-39000000.0,-0.23,-0.23,166300000.0,166300000.0,1512000000.0,,1592000000.0,840000000.0,,,450000000.0,5521000000.0,,,3410000000.0,,287000000.0,13326000000.0,822000000.0,1601000000.0,1890000000.0,4626000000.0,,,,1722000000.0,,1399000000.0,-2553000000.0,521000000.0,13326000000.0,83000000.0,56000000.0,-181000000.0,,7000000.0,,123000000.0,,,,382000000.0,,,,,,46000000.0,,,-47000000.0,-5000000.0,,-512000000.0,-193000000.0,26000000.0
2024-06-29,5017000000.0,2486000000.0,2531000000.0,437000000.0,827000000.0,,1163000000.0,-673000000.0,580000000.0,135000000.0,443000000.0,2.65,2.6,166900000.0,170300000.0,1381000000.0,,1762000000.0,803000000.0,,,415000000.0,5571000000.0,,,3400000000.0,,300000000.0,13345000000.0,861000000.0,1366000000.0,1852000000.0,4644000000.0,,,,1720000000.0,,1607000000.0,-2549000000.0,802000000.0,13345000000.0,166000000.0,119000000.0,-170000000.0,,-29000000.0,,183000000.0,,,,562000000.0,,,,,,114000000.0,,,-118000000.0,1000000.0,,-743000000.0,-324000000.0,350000000.0
2024-09-28,7806000000.0,3843000000.0,3963000000.0,671000000.0,1265000000.0,,1874000000.0,-690000000.0,1184000000.0,214000000.0,966000000.0,5.79,5.66,167100000.0,170900000.0,1404000000.0,,1848000000.0,816000000.0,,,439000000.0,5808000000.0,,,3523000000.0,,334000000.0,13889000000.0,872000000.0,1529000000.0,1942000000.0,4665000000.0,,,,1765000000.0,,1974000000.0,-2470000000.0,1326000000.0,13889000000.0,250000000.0,180000000.0,-155000000.0,,-21000000.0,,279000000.0,,,,1321000000.0,,,,,,171000000.0,,,-400000000.0,19000000.0,,-1234000000.0,-301000000.0,453000000.0
