Date,Net sales,Cost of sales,Gross margin,Research and development,"Selling, general and administrative",Total operating expenses,Operating income,"Other income/(expense), net",Income before provision for income taxes,Provision for income taxes,Net income,Earnings per share basic,Earnings per share diluted,Weighted-average basic,Weighted-average diluted,Cash and cash equivalents,Short-term marketable securities,"Accounts receivable, net",Inventories,Deferred tax assets,Vendor non-trade receivables,Other current assets,Total current assets,Long-term marketable securities,"Property, Plant and Equipment, Net",Goodwill,"Acquired intangible assets, net","Other Assets, Noncurrent",Total assets,accounts payable,Accrued expenses,Deferred revenue,Total current liabilities,Deferred revenue - non-current,deferred tax liabilities,long term taxes payable,Total other non-current liabilities,Total liabilities,Retained Earnings (Accumulated Deficit),Accumulated other comprehensive (loss)/income,Total shareholders equity,Total liabilities and shareholders' equity,"Depreciation, amortization and accretion",Stock-based compensation expense,Deferred income tax expense,"Increase (Decrease) in Accounts receivable, net",Increase (Decrease) in Inventories,Increase (Decrease) in Other Receivables,Increase (Decrease) in Other Operating Assets,Increase (Decrease) in Accounts Payable,Increase (Decrease) in Deferred Revenue,Increase (Decrease) Other liabilities,Cash generated by operating activities,Purchases of marketable securities,Proceeds from maturities of marketable securities,Proceeds from sales of marketable securities,Purchases of other long-term investments,"Business acquisitions, net of cash acquired",Cash payments for capital asset purchases,Payments for acquisition of intangible assets,Payments for (Proceeds from) Other Investing Activities,Cash used in investing activities,Proceeds from issuance of common stock,Excess tax benefits from stock-based compensation,Cash generated/used in financing activities,Increase/(decrease) in cash and cash equivalents,"Cash paid for income taxes, net"
2010-06-30,788784000.0,280484000.0,,31962000.0,,761531000.0,27253000.0,-21287000.0,,8965000.0,13591000.0,0.12,0.12,,,915169000.0,551784000.0,104971000.0,,,,153149000.0,1725073000.0,,288177000.0,1043689000.0,264270000.0,177422000.0,3714912000.0,,,67308000.0,326838000.0,,,461874000.0,23493000.0,,-756491000.0,3098000.0,,3714912000.0,,,764000.0,6252000.0,,,-2445000.0,,10349000.0,,130633000.0,427286000.0,,,,16681000.0,25554000.0,,127000.0,-89776000.0,,4992000.0,-367919000.0,-330828000.0,
2010-09-30,1210436000.0,422704000.0,,47974000.0,,1147249000.0,63187000.0,-21019000.0,,23785000.0,17509000.0,0.17,0.16,,,902214000.0,471215000.0,113251000.0,,,,144898000.0,1631578000.0,,282143000.0,1047139000.0,262221000.0,179227000.0,3612198000.0,,,72694000.0,318037000.0,,,467130000.0,19302000.0,,-738982000.0,7929000.0,,3612198000.0,,,6987000.0,15809000.0,,,-1451000.0,,15628000.0,,205562000.0,600993000.0,,,,17334000.0,34042000.0,,127000.0,-30319000.0,,6551000.0,-517964000.0,-343783000.0,
2010-12-31,1636815000.0,593816000.0,,65097000.0,,1587020000.0,49795000.0,-27109000.0,,32079000.0,99359000.0,0.93,0.93,,,742099000.0,563997000.0,119581000.0,,,,118308000.0,1543985000.0,,267928000.0,989493000.0,245044000.0,192383000.0,3439554000.0,,,78175000.0,356873000.0,,,475685000.0,20350000.0,,-652018000.0,17546000.0,,3439554000.0,,,-6074000.0,32901000.0,,,8636000.0,,19653000.0,,340707000.0,838155000.0,,,,17333000.0,39829000.0,,501000.0,-118096000.0,,14291000.0,-717210000.0,-503898000.0,
2011-03-31,460213000.0,172718000.0,,17722000.0,,422877000.0,37336000.0,,,16041000.0,18070000.0,0.2,0.19,,,848595000.0,468890000.0,131735000.0,,,,118115000.0,1567335000.0,,262569000.0,1074885000.0,248431000.0,184230000.0,3536629000.0,,,92658000.0,404619000.0,,,478203000.0,19906000.0,,-633948000.0,20843000.0,,3536629000.0,,,6374000.0,13711000.0,,,1008000.0,,14263000.0,,53892000.0,98484000.0,,,,48269000.0,8294000.0,,-40000.0,43154000.0,,9680000.0,8619000.0,106496000.0,
2011-06-30,945617000.0,354190000.0,,35002000.0,,850050000.0,95567000.0,,91357000.0,25559000.0,60494000.0,0.68,0.63,90050000.0,97302000.0,622866000.0,288997000.0,126887000.0,,,,110341000.0,1149091000.0,,261118000.0,1077476000.0,245822000.0,159302000.0,3509301000.0,,,90412000.0,405492000.0,,,460138000.0,19710000.0,,-591524000.0,62224000.0,,3509301000.0,,,14136000.0,10210000.0,,,237000.0,,11878000.0,,157160000.0,135021000.0,,11808000.0,,79968000.0,19349000.0,,7127000.0,-189750000.0,,17865000.0,-85313000.0,-119233000.0,
2011-09-30,1462501000.0,,,56558000.0,,1320194000.0,142307000.0,,127327000.0,-32003000.0,125467000.0,1.43,1.32,87898000.0,94890000.0,679311000.0,185681000.0,154401000.0,,,,104748000.0,1124141000.0,,260003000.0,1337889000.0,398040000.0,250627000.0,3548327000.0,,,104844000.0,493278000.0,,,467878000.0,71370000.0,,-526551000.0,12137000.0,2306498000.0,3548327000.0,,,-44548000.0,27494000.0,,,-9005000.0,,26668000.0,,269566000.0,154718000.0,,14021000.0,,278469000.0,27346000.0,,11436000.0,-14219000.0,,22878000.0,-308342000.0,-62788000.0,
2011-12-31,2059444000.0,,,78760000.0,,1861682000.0,197762000.0,10060000.0,171522000.0,-4047000.0,,2.01,1.85,86755000.0,94321000.0,704153000.0,165695000.0,177030000.0,,-260117000.0,,112255000.0,1159133000.0,,259588000.0,1358524000.0,378107000.0,80761000.0,3409865000.0,,,126297000.0,534185000.0,,302213000.0,450533000.0,16601000.0,,-477785000.0,-12443000.0,1905049000.0,3409865000.0,,,-35483000.0,58314000.0,,,-1287000.0,,48950000.0,,372386000.0,203970000.0,,15214000.0,,278469000.0,39954000.0,,12697000.0,-25186000.0,,22166000.0,-372233000.0,-37946000.0,
2012-03-31,640600000.0,,,23482000.0,,577835000.0,62765000.0,1409000.0,58273000.0,27120000.0,,0.42,0.38,82801000.0,91718000.0,624096000.0,151549000.0,181804000.0,,,,120200000.0,1077649000.0,,255701000.0,1356183000.0,372960000.0,83032000.0,3352478000.0,,,145916000.0,524787000.0,,312209000.0,455312000.0,16023000.0,,-443307000.0,18453000.0,1855868000.0,3352478000.0,,,3129000.0,10537000.0,,,8950000.0,,19622000.0,,59050000.0,10012000.0,,8058000.0,,10267000.0,9633000.0,,8253000.0,-12234000.0,,6477000.0,-127725000.0,-80057000.0,
2012-06-30,1321212000.0,,,46597000.0,,1160971000.0,160241000.0,-1732000.0,135008000.0,55754000.0,,0.92,0.85,86174000.0,91940000.0,807196000.0,138597000.0,205156000.0,,,,128272000.0,1279221000.0,,255926000.0,1345873000.0,367207000.0,106514000.0,3546348000.0,,,159681000.0,609543000.0,,301616000.0,478287000.0,28125000.0,,-399975000.0,-15560000.0,1942916000.0,3546348000.0,,,819000.0,19382000.0,,,7937000.0,,8679000.0,,205527000.0,24254000.0,,12527000.0,,20411000.0,20353000.0,,12603000.0,-32338000.0,,14353000.0,-67740000.0,103043000.0,
2012-09-30,2035682000.0,,,71101000.0,,1797408000.0,238274000.0,-1267000.0,208799000.0,83360000.0,,1.38,1.28,88296000.0,94690000.0,501779000.0,138926000.0,220735000.0,,,,126787000.0,988227000.0,,272317000.0,1556833000.0,491485000.0,103985000.0,3582575000.0,,,159498000.0,625069000.0,,304889000.0,479693000.0,33332000.0,,-359258000.0,-11891000.0,1948394000.0,3582575000.0,,,5410000.0,16443000.0,,,9749000.0,,10575000.0,,323607000.0,47902000.0,,12744000.0,,377123000.0,32363000.0,,12264000.0,-387586000.0,,23486000.0,-138876000.0,-202374000.0,
2012-12-31,2800933000.0,,,101869000.0,,2477365000.0,323568000.0,-9161000.0,289062000.0,119215000.0,,1.85,1.71,86247000.0,93089000.0,749977000.0,20604000.0,229830000.0,,-302975000.0,,156339000.0,1156750000.0,,270512000.0,1616154000.0,482904000.0,118230000.0,3805828000.0,,,155499000.0,624889000.0,,323403000.0,479945000.0,31830000.0,,-318519000.0,-32169000.0,1655728000.0,3805828000.0,,,37076000.0,30991000.0,,,22991000.0,,1864000.0,,354527000.0,53952000.0,,14194000.0,,411035000.0,51201000.0,,9501000.0,-352088000.0,,57101000.0,44301000.0,45824000.0,
2013-03-31,742249000.0,,,33582000.0,,657698000.0,84551000.0,1658000.0,78455000.0,25746000.0,,0.64,0.61,84218000.0,87380000.0,673757000.0,5814000.0,235181000.0,,,,140930000.0,1055682000.0,,293282000.0,1674220000.0,478784000.0,120528000.0,3780246000.0,,,169480000.0,591439000.0,,314750000.0,481908000.0,66405000.0,,-264882000.0,-44096000.0,1636519000.0,3780246000.0,,,-11010000.0,4635000.0,,,8001000.0,,7827000.0,,92362000.0,0.0,,214000.0,,29194000.0,33638000.0,,1051000.0,-52144000.0,,12530000.0,-113897000.0,-76220000.0,
2013-06-30,1541660000.0,,,69169000.0,,1350413000.0,191247000.0,1654000.0,176411000.0,65162000.0,,1.33,1.29,83912000.0,86970000.0,678725000.0,7775000.0,235950000.0,,,,148285000.0,1070735000.0,,289493000.0,1664315000.0,466161000.0,124976000.0,3812491000.0,,,164667000.0,610656000.0,,312905000.0,496168000.0,66081000.0,,-206592000.0,-32187000.0,1631305000.0,3812491000.0,,,-6737000.0,9754000.0,,,14789000.0,,-203000.0,,228263000.0,0.0,,310000.0,,36913000.0,47819000.0,,1443000.0,-98622000.0,,23547000.0,-198339000.0,-71252000.0,
2013-09-30,2298532000.0,,,104401000.0,,1985281000.0,313251000.0,18373000.0,304258000.0,101288000.0,,2.5,2.41,83636000.0,86668000.0,741652000.0,26340000.0,209949000.0,,,,151980000.0,1129921000.0,,290470000.0,1672705000.0,458371000.0,89145000.0,3804782000.0,,366635000.0,161950000.0,601551000.0,,326109000.0,411172000.0,65175000.0,,-109652000.0,-6625000.0,1735056000.0,3804782000.0,,,-5939000.0,-10810000.0,,,19916000.0,,-1406000.0,,324330000.0,0.0,,42286000.0,,39457000.0,64114000.0,,-8904000.0,-66484000.0,,26430000.0,-269163000.0,-8325000.0,
2014-03-31,740247000.0,,,39016000.0,,668535000.0,71712000.0,-23000.0,55690000.0,21385000.0,35885000.0,0.44,0.41,82484000.0,87204000.0,1003311000.0,39543000.0,241017000.0,,,,187205000.0,1471076000.0,,291111000.0,1715601000.0,472237000.0,89749000.0,4224056000.0,,357230000.0,175897000.0,600643000.0,,324342000.0,420256000.0,61706000.0,,3150000.0,-7697000.0,1709494000.0,4224056000.0,,,3799000.0,20387000.0,,,4100000.0,,16917000.0,,42704000.0,32848000.0,,,,77981000.0,9721000.0,,157000.0,-128568000.0,,24203000.0,-12822000.0,-97133000.0,
2014-06-30,1496562000.0,,,77373000.0,,1329160000.0,167402000.0,-62923000.0,67584000.0,51274000.0,-17996000.0,-0.22,-0.22,83178000.0,87983000.0,987326000.0,81611000.0,223436000.0,,,,185059000.0,1477432000.0,,291289000.0,1720650000.0,470361000.0,88259000.0,4167478000.0,,344738000.0,184423000.0,587730000.0,,327957000.0,420408000.0,52419000.0,,-14846000.0,-9906000.0,1672928000.0,4167478000.0,,,5849000.0,5718000.0,,,19238000.0,,25851000.0,,148771000.0,78380000.0,,2803000.0,,103637000.0,26557000.0,,616000.0,-220090000.0,,32889000.0,-46180000.0,-113118000.0,
2014-09-30,2278793000.0,,,117059000.0,,2010438000.0,268355000.0,-58810000.0,158029000.0,-59816000.0,344701000.0,4.15,3.91,83591000.0,88790000.0,931712000.0,119049000.0,235035000.0,,,,169483000.0,1455279000.0,,300955000.0,1799440000.0,511255000.0,54246000.0,4238410000.0,,369812000.0,208973000.0,653693000.0,,422630000.0,34701000.0,36651000.0,,283523000.0,-46768000.0,1975028000.0,4238410000.0,,,88739000.0,12779000.0,,,8735000.0,,41667000.0,,294661000.0,110886000.0,,11107000.0,,244482000.0,39033000.0,,-817000.0,-399182000.0,,41320000.0,-58752000.0,-168732000.0,
2014-12-31,3109547000.0,883176000.0,,160515000.0,,2730820000.0,378727000.0,-42787000.0,269929000.0,35372000.0,,4.98,4.68,83292000.0,88558000.0,990405000.0,160648000.0,236086000.0,,-390411000.0,,166742000.0,1553881000.0,,302459000.0,1754926000.0,491936000.0,56693000.0,4274878000.0,,397803000.0,194988000.0,673954000.0,,409529000.0,32635000.0,45191000.0,,325118000.0,-87700000.0,1991953000.0,4274878000.0,,,76869000.0,19918000.0,,,3606000.0,,30142000.0,,424048000.0,175826000.0,,58388000.0,,259391000.0,57233000.0,,3042000.0,-439794000.0,,44957000.0,-80980000.0,-110039000.0,
2015-03-31,772512000.0,191553000.0,,45257000.0,,737393000.0,35119000.0,6988000.0,28043000.0,6180000.0,26405000.0,0.32,0.3,83453000.0,88758000.0,671597000.0,205621000.0,232464000.0,,,,184261000.0,1293943000.0,,297956000.0,1720901000.0,469552000.0,52074000.0,3958105000.0,,327830000.0,214476000.0,625752000.0,,407784000.0,29300000.0,34260000.0,,322848000.0,-143273000.0,1752714000.0,3958105000.0,,,867000.0,3847000.0,,,-6775000.0,,23001000.0,,-3810000.0,47930000.0,,,,5709000.0,12876000.0,,-2843000.0,-65967000.0,,16846000.0,-237576000.0,-318808000.0,
2015-06-30,1543644000.0,374829000.0,,91687000.0,,1445756000.0,97888000.0,5350000.0,73960000.0,-11968000.0,85710000.0,1.03,0.97,82932000.0,87921000.0,656409000.0,233523000.0,223106000.0,,,,209724000.0,1322762000.0,,297158000.0,1778830000.0,472082000.0,72841000.0,4075058000.0,,322750000.0,232673000.0,714857000.0,,432688000.0,24768000.0,59182000.0,,354099000.0,-130295000.0,1815386000.0,4075058000.0,,,7260000.0,-2710000.0,,,6458000.0,,40407000.0,,85779000.0,93134000.0,,,,43286000.0,26816000.0,,-8599000.0,-152864000.0,,36465000.0,-261533000.0,-333996000.0,
2015-09-30,2382205000.0,580090000.0,,138546000.0,,2197187000.0,185018000.0,39826000.0,179496000.0,40510000.0,151321000.0,1.82,1.71,82924000.0,88900000.0,766448000.0,53937000.0,246978000.0,,,,178883000.0,1246246000.0,,299078000.0,1769141000.0,459921000.0,114107000.0,4027318000.0,,347062000.0,237947000.0,653457000.0,,417326000.0,23641000.0,62476000.0,,391492000.0,-144488000.0,1845191000.0,4027318000.0,,,-7851000.0,25822000.0,,,13746000.0,,45674000.0,,184107000.0,93134000.0,,,,43286000.0,44558000.0,,-4456000.0,-8667000.0,,49147000.0,-391096000.0,-223957000.0,
2015-12-31,3230933000.0,778161000.0,,185766000.0,,3051345000.0,179588000.0,36149000.0,142873000.0,29516000.0,,1.44,1.33,82944000.0,88267000.0,1481447000.0,39200000.0,250077000.0,,143435000.0,,174286000.0,1945010000.0,,302817000.0,2245364000.0,440828000.0,138545000.0,5209950000.0,,383251000.0,258412000.0,768546000.0,,348773000.0,33692000.0,64510000.0,,331394000.0,-152103000.0,1804526000.0,5209950000.0,,,-59786000.0,29680000.0,,,21174000.0,,66914000.0,,349405000.0,93134000.0,,9413000.0,,617402000.0,62049000.0,,3541000.0,-582721000.0,,56418000.0,734808000.0,491042000.0,
2016-03-31,819179000.0,193734000.0,,55830000.0,,797762000.0,21417000.0,15897000.0,9454000.0,1520000.0,8282000.0,0.1,0.09,82027000.0,84825000.0,1238664000.0,106316000.0,234546000.0,,,,217303000.0,1884329000.0,,304963000.0,2198558000.0,426824000.0,107974000.0,5052343000.0,,342316000.0,273123000.0,776942000.0,,350526000.0,33875000.0,75485000.0,,339676000.0,-110964000.0,2065438000.0,5052343000.0,,,2430000.0,-7792000.0,,,6626000.0,,19538000.0,,24097000.0,66891000.0,,,,2252000.0,16090000.0,,-4380000.0,-76069000.0,,15264000.0,-190526000.0,-242783000.0,
2016-06-30,1564618000.0,364131000.0,,105741000.0,,1795647000.0,-252446000.0,8705000.0,-287282000.0,-96740000.0,-194775000.0,-2.45,-2.45,80775000.0,80775000.0,1245984000.0,79208000.0,189491000.0,,,,278185000.0,1792868000.0,,306999000.0,1937675000.0,395262000.0,99900000.0,4660022000.0,,294724000.0,285733000.0,692206000.0,,,33083000.0,82382000.0,,144901000.0,-117407000.0,1814450000.0,4660022000.0,,,-90902000.0,-47855000.0,,,20053000.0,,32589000.0,,65929000.0,79366000.0,,,,2524000.0,35133000.0,,-4815000.0,18971000.0,,21871000.0,-314467000.0,-235463000.0,
2016-09-30,2328720000.0,543262000.0,,151688000.0,,2474165000.0,-145445000.0,20405000.0,-207662000.0,-77394000.0,-143331000.0,-1.78,-1.78,80357000.0,81619000.0,1189784000.0,177862000.0,199328000.0,,,,232556000.0,1799530000.0,,317277000.0,1942556000.0,382296000.0,102646000.0,4671160000.0,,346094000.0,284227000.0,702589000.0,,,35800000.0,39244000.0,,188063000.0,-122684000.0,1863866000.0,4671160000.0,,,-99955000.0,-32950000.0,,,19775000.0,,31352000.0,,161582000.0,229246000.0,,,,2524000.0,62739000.0,,-5562000.0,-106412000.0,,43131000.0,-337600000.0,-291663000.0,
2016-12-31,3139882000.0,755730000.0,,197885000.0,,3172507000.0,-32625000.0,60461000.0,-81274000.0,-64934000.0,,-0.52,-0.52,80045000.0,80045000.0,1329187000.0,89342000.0,220138000.0,,176742000.0,,204068000.0,1842735000.0,,306248000.0,1924052000.0,355451000.0,94577000.0,4645873000.0,,344910000.0,285615000.0,713388000.0,,228798000.0,33528000.0,44178000.0,,290114000.0,-166123000.0,1869222000.0,4645873000.0,,,-119181000.0,-1283000.0,,,12905000.0,,35803000.0,,292377000.0,313943000.0,,172228000.0,,18403000.0,78039000.0,,-11215000.0,12862000.0,,51800000.0,-451065000.0,-152260000.0,
2017-03-31,760833000.0,145958000.0,,54760000.0,,723773000.0,37060000.0,-7714000.0,4554000.0,-23909000.0,26209000.0,0.34,0.29,78193000.0,82504000.0,1397038000.0,33992000.0,218504000.0,,,,236788000.0,1886322000.0,,291721000.0,1914133000.0,326704000.0,80922000.0,4619327000.0,,319021000.0,272371000.0,679395000.0,,,32618000.0,48607000.0,,316323000.0,-147345000.0,1848059000.0,4619327000.0,,,3717000.0,13924000.0,,,15878000.0,,9915000.0,,67805000.0,19926000.0,,,,52365000.0,11157000.0,,-213000.0,89582000.0,,,-93538000.0,67851000.0,
2017-06-30,1528220000.0,284991000.0,,110190000.0,,1415525000.0,112695000.0,10230000.0,65691000.0,-43329000.0,92477000.0,1.18,0.99,79067000.0,83778000.0,1522300000.0,14984000.0,219946000.0,,,,255951000.0,2013181000.0,,306144000.0,1924241000.0,339029000.0,81417000.0,4786067000.0,,338522000.0,279099000.0,683815000.0,,,33884000.0,34087000.0,,382591000.0,-136738000.0,1965177000.0,4786067000.0,,,6580000.0,22799000.0,,,18492000.0,,15234000.0,,157706000.0,24909000.0,,,,49164000.0,41821000.0,,-1076000.0,99124000.0,,,-69135000.0,193113000.0,
2017-09-30,2356654000.0,451281000.0,,180835000.0,,2262548000.0,94106000.0,-10216000.0,-53841000.0,-322809000.0,272120000.0,3.43,2.82,80817000.0,87196000.0,1255317000.0,0.0,271209000.0,,,,200377000.0,1726903000.0,,320277000.0,2501589000.0,660103000.0,81398000.0,5540955000.0,,387307000.0,343413000.0,835526000.0,,,33290000.0,37165000.0,,562234000.0,-99513000.0,2428921000.0,5540955000.0,,,-344120000.0,78612000.0,,,17534000.0,,44791000.0,,297597000.0,24909000.0,,,,69113000.0,56519000.0,,-1319000.0,81243000.0,,,-462055000.0,-73870000.0,
2017-12-31,3307239000.0,651008000.0,,250879000.0,,3118773000.0,188466000.0,-16213000.0,66958000.0,-291050000.0,,3.81,3.18,80089000.0,85310000.0,1630809000.0,4995000.0,304027000.0,,31251000.0,,185374000.0,2125205000.0,,315170000.0,2559066000.0,663737000.0,73334000.0,5867810000.0,,366924000.0,342483000.0,799728000.0,,35070000.0,25624000.0,38229000.0,,595038000.0,-103568000.0,2430028000.0,5867810000.0,,264618000.0,-285278000.0,115169000.0,,,-5671000.0,,39154000.0,,416690000.0,29891000.0,,185778000.0,,149094000.0,75523000.0,,-2994000.0,39508000.0,,,-166124000.0,301622000.0,
2018-03-31,995075000.0,201962000.0,,76937000.0,,905125000.0,89950000.0,-4619000.0,58826000.0,-29013000.0,71082000.0,0.86,0.71,82983000.0,89069000.0,1657537000.0,5630000.0,325263000.0,,,,234502000.0,2222932000.0,,301865000.0,2601210000.0,653205000.0,85742000.0,6030974000.0,,361446000.0,374300000.0,829493000.0,,,24076000.0,31398000.0,,702915000.0,-74950000.0,2494527000.0,6030974000.0,,,-31895000.0,29901000.0,,,22680000.0,,41725000.0,,152008000.0,4975000.0,,15000.0,,21295000.0,14801000.0,,-9347000.0,-44889000.0,,,-83150000.0,26715000.0,
2018-06-30,2054197000.0,420186000.0,,152382000.0,,1795810000.0,258387000.0,171141000.0,371048000.0,31368000.0,289435000.0,3.47,3.05,83604000.0,90934000.0,1644829000.0,120410000.0,343576000.0,,,,237957000.0,2346772000.0,,306602000.0,2578296000.0,636351000.0,87661000.0,6235284000.0,,377685000.0,375138000.0,845680000.0,,,23942000.0,35174000.0,,921268000.0,-112717000.0,2576079000.0,6235284000.0,,,-11258000.0,60185000.0,,,38195000.0,,45646000.0,,379802000.0,124397000.0,,27540000.0,,17513000.0,39696000.0,,-9599000.0,-165647000.0,,,-202705000.0,11494000.0,
2018-09-30,3158789000.0,657424000.0,,230122000.0,,2727570000.0,431219000.0,174635000.0,524383000.0,-18242000.0,435209000.0,5.22,4.55,83433000.0,91975000.0,1670984000.0,208555000.0,347158000.0,,,,246197000.0,2472894000.0,,308465000.0,2572221000.0,624102000.0,92233000.0,6372347000.0,,422165000.0,381400000.0,893505000.0,,,25241000.0,36625000.0,,1067042000.0,-112855000.0,2600482000.0,6372347000.0,,,-36866000.0,78665000.0,,,48935000.0,,52234000.0,,671700000.0,326906000.0,,,,17635000.0,60113000.0,,-9646000.0,-273558000.0,,,-359856000.0,38079000.0,
2018-12-31,4262892000.0,911146000.0,,309329000.0,,3697753000.0,565139000.0,305746000.0,761558000.0,3811000.0,,7.52,6.59,83407000.0,91322000.0,2131632000.0,123246000.0,279189000.0,,41186000.0,,228253000.0,2762739000.0,,318800000.0,2726859000.0,631422000.0,134924000.0,6874585000.0,,434886000.0,360015000.0,883558000.0,,,37584000.0,66807000.0,,1258794000.0,-128722000.0,2843125000.0,6874585000.0,,238420000.0,-34679000.0,34828000.0,,,44557000.0,,49468000.0,,988128000.0,449676000.0,,136719000.0,,64496000.0,85634000.0,,-9027000.0,-173440000.0,,,-312798000.0,500003000.0,
2019-03-31,1105843000.0,260071000.0,,88700000.0,,1025970000.0,79873000.0,651000.0,49381000.0,-63604000.0,88695000.0,1.06,0.91,83905000.0,90340000.0,2217337000.0,40401000.0,345686000.0,,,,226474000.0,2829898000.0,,325888000.0,2745788000.0,608109000.0,113761000.0,7159902000.0,,423592000.0,386943000.0,907820000.0,,,36176000.0,217519000.0,,1347489000.0,-126719000.0,2779861000.0,7159902000.0,,,-65107000.0,88367000.0,,,-6730000.0,,26770000.0,,102941000.0,39740000.0,,,,21555000.0,25855000.0,,1215000.0,55607000.0,,,-73660000.0,85703000.0,
2019-06-30,2292501000.0,536460000.0,,167314000.0,,2058318000.0,234183000.0,46623000.0,212457000.0,-47319000.0,202162000.0,2.41,2.1,84139000.0,90228000.0,3151959000.0,161749000.0,365495000.0,,,,234884000.0,3914087000.0,,361550000.0,2892962000.0,628418000.0,103852000.0,8299105000.0,,433102000.0,402218000.0,953462000.0,,,36533000.0,223470000.0,,1460956000.0,-125705000.0,2983461000.0,8299105000.0,,,-57169000.0,124957000.0,,,-3482000.0,,41497000.0,,355808000.0,39740000.0,,,,201026000.0,76623000.0,,2156000.0,-132672000.0,,,796771000.0,1020268000.0,
2019-09-30,3539375000.0,832845000.0,,253914000.0,,3119340000.0,420035000.0,47852000.0,357406000.0,-62142000.0,330706000.0,3.93,3.45,84393000.0,89946000.0,2946180000.0,157174000.0,355924000.0,,,,225016000.0,3684294000.0,,361664000.0,2852986000.0,603702000.0,120069000.0,8304791000.0,,507348000.0,414325000.0,1036281000.0,,,36297000.0,215611000.0,,1589500000.0,-144604000.0,2897274000.0,8304791000.0,,,-85040000.0,133492000.0,,,-11324000.0,,55035000.0,,688766000.0,39740000.0,,,,200338000.0,103645000.0,,1733000.0,-407294000.0,,,535530000.0,814468000.0,
2019-12-31,4757055000.0,1127420000.0,,345417000.0,,4175722000.0,581333000.0,66741000.0,494511000.0,-49309000.0,,5.12,4.5,84261000.0,90043000.0,3139295000.0,19993000.0,298334000.0,,145666000.0,,249367000.0,3706989000.0,,371353000.0,2854462000.0,578474000.0,133640000.0,8332825000.0,,502003000.0,397500000.0,1007599000.0,,,36489000.0,202932000.0,,1689925000.0,-136349000.0,2928042000.0,8332825000.0,,240788000.0,-80101000.0,91435000.0,,,17661000.0,,37614000.0,,937939000.0,59639000.0,,165124000.0,,205726000.0,136652000.0,,2473000.0,-329529000.0,,,399831000.0,1006673000.0,
2020-03-31,1228765000.0,323221000.0,,105733000.0,,1406545000.0,-177780000.0,-49893000.0,-272539000.0,-89900000.0,-211040000.0,-2.49,-2.49,84839000.0,84839000.0,2822729000.0,49912000.0,375854000.0,,,,267814000.0,3536309000.0,,373561000.0,3042139000.0,671467000.0,318832000.0,8434749000.0,,514571000.0,433728000.0,1064416000.0,,,18398000.0,210274000.0,,1478885000.0,-157285000.0,2424410000.0,8434749000.0,,,-59166000.0,79799000.0,,,-10172000.0,,25487000.0,,80975000.0,49806000.0,,,,532857000.0,24591000.0,,203000.0,-586006000.0,,,194663000.0,-316364000.0,
2020-06-30,1100092000.0,292747000.0,,85699000.0,,767126000.0,332966000.0,21264000.0,265934000.0,34436000.0,,-0.79,-0.8,183477000.0,194988000.0,129294000.0,,186447000.0,,,,136007000.0,451748000.0,,101647000.0,1240302000.0,222792000.0,66222000.0,2334732000.0,,214975000.0,232108000.0,459042000.0,,,12811000.0,25579000.0,,-8764286000.0,-124312000.0,-1708175000.0,2334732000.0,,43312000.0,-21025000.0,69228000.0,,,10144000.0,,13133000.0,,275887000.0,,,,,0.0,18124000.0,,118000.0,-2466991000.0,,,235667000.0,-3010937000.0,
2020-09-30,1739862000.0,462570000.0,,124979000.0,,1206729000.0,533133000.0,19341000.0,420989000.0,23600000.0,,0.51,0.46,260744000.0,289950000.0,398884000.0,,199682000.0,,,,139593000.0,738159000.0,,106006000.0,1252715000.0,226126000.0,110586000.0,2670092000.0,,230894000.0,241000000.0,488195000.0,,,13147000.0,70258000.0,,-8631705000.0,-108111000.0,-1442934000.0,2670092000.0,,80647000.0,-6594000.0,87920000.0,,,26132000.0,,26928000.0,,518845000.0,,,,,0.0,32376000.0,,93000.0,-3912134000.0,1421801000.0,,1711971000.0,-2741342000.0,
2020-12-31,2391269000.0,635833000.0,,169811000.0,,1645554000.0,745715000.0,15861000.0,586785000.0,32874000.0,,0.58,0.49,223433000.0,242464000.0,739164000.0,,137023000.0,,206800000.0,,144025000.0,1020212000.0,,107799000.0,1270532000.0,230900000.0,123524000.0,2976980000.0,,231748000.0,239100000.0,500036000.0,,,14582000.0,86428000.0,,-8491126000.0,-81454000.0,-1177667000.0,2976980000.0,,102268000.0,4985000.0,24213000.0,,,33224000.0,,23513000.0,,788552000.0,,,,,0.0,42376000.0,,90000.0,-3922131000.0,1421801000.0,,1787846000.0,-2401056000.0,
2021-03-31,667612000.0,179455000.0,,55576000.0,,478354000.0,189258000.0,-1319000.0,156101000.0,-17747000.0,,0.65,0.57,268649000.0,310585000.0,845696000.0,,210679000.0,,,,147863000.0,1204238000.0,,106957000.0,1254248000.0,226673000.0,119864000.0,3214668000.0,,208571000.0,248201000.0,469924000.0,,,13261000.0,84372000.0,,-8248654000.0,-102030000.0,-1214591000.0,3214668000.0,,30116000.0,-10007000.0,75271000.0,,,-19626000.0,,10834000.0,,102308000.0,,,,,,10290000.0,,255000.0,-10545000.0,,,18695000.0,106528000.0,
2021-06-30,1375372000.0,372554000.0,,107709000.0,,976200000.0,399172000.0,-1674000.0,333441000.0,37320000.0,,1.17,1.04,271254000.0,311087000.0,236460000.0,,259325000.0,,,,126238000.0,634476000.0,,129916000.0,2973121000.0,227045000.0,155346000.0,4433933000.0,,257062000.0,263000000.0,577967000.0,,,13061000.0,114783000.0,,-8107092000.0,-104089000.0,-142245000.0,4433933000.0,,72512000.0,-20731000.0,103127000.0,,,-32622000.0,,25712000.0,,350815000.0,,,,,840869000.0,32392000.0,,255000.0,-873516000.0,,,23629000.0,-502708000.0,
2021-09-30,2177207000.0,604765000.0,,174683000.0,,1557445000.0,619762000.0,-40886000.0,482969000.0,38200000.0,,1.64,1.46,276955000.0,316951000.0,511311000.0,,182083000.0,,,,145977000.0,1052059000.0,,145652000.0,2427450000.0,793002000.0,165429000.0,4893626000.0,,329586000.0,267100000.0,747954000.0,,,13339000.0,120199000.0,,-7975882000.0,-203397000.0,-68352000.0,4893626000.0,,112081000.0,-21749000.0,26618000.0,,,-17729000.0,,30425000.0,,666925000.0,,,,,863258000.0,52811000.0,,-26000.0,-916043000.0,0.0,,27687000.0,-227860000.0,
2021-12-31,2983277000.0,839308000.0,,241049000.0,,2131598000.0,851679000.0,-465038000.0,256148000.0,-19897000.0,,1.01,0.93,275004000.0,304840000.0,815384000.0,,188482000.0,,204676000.0,,202568000.0,1218252000.0,,163256000.0,2411996000.0,771697000.0,163150000.0,5063288000.0,,768366000.0,262131000.0,1168295000.0,,,13842000.0,116051000.0,,-8144514000.0,-223754000.0,-203769000.0,5063288000.0,,146816000.0,-57969000.0,34021000.0,,,-1743000.0,,26331000.0,,912499000.0,,,,,859905000.0,79971000.0,,-51000.0,-939825000.0,0.0,,111106000.0,76210000.0,
2022-03-31,798631000.0,236236000.0,,78794000.0,,590813000.0,207818000.0,818000.0,173740000.0,-6900000.0,,0.63,0.6,284459000.0,306902000.0,912434000.0,,180577000.0,,,,132136000.0,1233810000.0,,167676000.0,2381539000.0,746109000.0,168666000.0,5043393000.0,,704749000.0,262700000.0,1074027000.0,,,12754000.0,123399000.0,,-7963981000.0,-269217000.0,-122449000.0,5043393000.0,,42295000.0,-14828000.0,-6144000.0,,,-27074000.0,,1867000.0,,232517000.0,,,,,,17657000.0,,-2997000.0,-14660000.0,,,-116613000.0,97047000.0,
2022-06-30,1593144000.0,477076000.0,,165204000.0,,1395407000.0,197737000.0,6109000.0,133327000.0,-14915000.0,,0.52,0.5,285126000.0,298698000.0,463686000.0,,182320000.0,,,,149567000.0,804813000.0,,168761000.0,2281606000.0,479389000.0,149136000.0,4193778000.0,,294555000.0,259149000.0,627686000.0,,,12273000.0,109814000.0,,-7995839000.0,-407837000.0,-452945000.0,4193778000.0,,97062000.0,-32663000.0,-934000.0,,,-30562000.0,,1062000.0,,19964000.0,,,,,0.0,27305000.0,,-1787000.0,-25518000.0,,,-335368000.0,-351708000.0,
2022-09-30,2402690000.0,724038000.0,,253084000.0,,1994318000.0,408372000.0,8435000.0,309474000.0,47900000.0,,0.98,0.94,283621000.0,299994000.0,390641000.0,,174446000.0,,,,132782000.0,705547000.0,,172192000.0,2190088000.0,439068000.0,138779000.0,3914549000.0,,286509000.0,256200000.0,601736000.0,,,13383000.0,108171000.0,,-7867143000.0,-566601000.0,-699342000.0,3914549000.0,,150324000.0,6517000.0,-6985000.0,,,-53757000.0,,-440000.0,,300451000.0,,,,,25681000.0,38373000.0,,-2615000.0,-61439000.0,,,-646271000.0,-424760000.0,
2022-12-31,3188843000.0,959963000.0,,333639000.0,,2673838000.0,515005000.0,8033000.0,377491000.0,15361000.0,,1.28,1.24,282564000.0,295215000.0,572395000.0,,191940000.0,,244316000.0,,109327000.0,882385000.0,,176136000.0,2348366000.0,357747000.0,141183000.0,4182764000.0,,289937000.0,252718000.0,556354000.0,,,13282000.0,103652000.0,,-7782568000.0,-369182000.0,-359875000.0,4182764000.0,,203880000.0,-29953000.0,6669000.0,,,-59584000.0,,-6469000.0,,525688000.0,,,,,25681000.0,49125000.0,,-3104000.0,-71702000.0,0.0,,-689173000.0,-242996000.0,
2023-03-31,787124000.0,240010000.0,,98186000.0,,588835000.0,198289000.0,3392000.0,162330000.0,41639000.0,,0.43,0.42,279260000.0,296650000.0,569879000.0,,256876000.0,,,,115726000.0,950929000.0,,187295000.0,2316983000.0,340078000.0,144691000.0,4203909000.0,,282261000.0,255712000.0,552366000.0,,,11437000.0,106864000.0,,-7661759000.0,-403623000.0,-334518000.0,4203909000.0,,41563000.0,11711000.0,65728000.0,,,1282000.0,,3165000.0,,120387000.0,,,,,,19843000.0,,-53000.0,-19790000.0,,,-104932000.0,-2515000.0,
2023-06-30,1616676000.0,490304000.0,,192473000.0,,1203591000.0,413085000.0,6824000.0,340816000.0,82800000.0,,0.93,0.89,278693000.0,295823000.0,732567000.0,,272308000.0,,,,115706000.0,1128930000.0,,191125000.0,2303181000.0,326232000.0,141745000.0,4339027000.0,,282221000.0,243933000.0,534158000.0,,,11551000.0,103056000.0,,-7524414000.0,-418793000.0,-177927000.0,4339027000.0,,102200000.0,26627000.0,83074000.0,,,-2128000.0,,-7526000.0,,329865000.0,,,,,,37457000.0,,-89000.0,-37368000.0,,,-133744000.0,160174000.0,
2023-09-30,2498276000.0,745902000.0,,286614000.0,,1841632000.0,656644000.0,14729000.0,551900000.0,130108000.0,,1.52,1.46,277524000.0,294996000.0,706881000.0,,288084000.0,,,,117374000.0,1118275000.0,,190672000.0,2267852000.0,310705000.0,133410000.0,4248895000.0,,331804000.0,227002000.0,570135000.0,,,11385000.0,99183000.0,,-7360687000.0,-463533000.0,-299438000.0,4248895000.0,,163945000.0,44789000.0,100134000.0,,,-7457000.0,,-23652000.0,,620672000.0,,,,,0.0,50020000.0,,-2444000.0,-47576000.0,,,-436506000.0,134486000.0,
2023-12-31,3364504000.0,954014000.0,,384185000.0,,2447608000.0,916896000.0,19772000.0,776781000.0,125309000.0,,2.36,2.26,275773000.0,293284000.0,862440000.0,,298648000.0,,233501000.0,,104023000.0,1271311000.0,,194525000.0,2342612000.0,305746000.0,133889000.0,4507886000.0,,307299000.0,211300000.0,531768000.0,,,24860000.0,101787000.0,,-7131029000.0,-385471000.0,-19548000.0,4507886000.0,,232099000.0,26612000.0,107412000.0,,,-25055000.0,,-41207000.0,,896791000.0,,,,,11567000.0,67412000.0,,-2398000.0,-76581000.0,,,-534068000.0,289924000.0,
2024-03-31,859647000.0,256742000.0,,115737000.0,,674909000.0,184738000.0,9474000.0,153859000.0,30625000.0,,0.46,0.44,268142000.0,286211000.0,914929000.0,,225129000.0,,,,103879000.0,1249875000.0,,187749000.0,2286283000.0,287527000.0,142359000.0,4403453000.0,,299154000.0,198543000.0,518890000.0,,,24658000.0,101604000.0,,-7007831000.0,-454933000.0,-107810000.0,4403453000.0,,63820000.0,6777000.0,-71674000.0,,,-7118000.0,,-11506000.0,,284103000.0,,,,,,17234000.0,,8814000.0,-26048000.0,,,-199619000.0,52489000.0,
2024-06-30,1723713000.0,501730000.0,,229313000.0,,1334449000.0,389264000.0,19999000.0,328872000.0,72318000.0,,0.96,0.93,266270000.0,284047000.0,837792000.0,,324269000.0,,,,118049000.0,1285922000.0,,181138000.0,2255302000.0,275721000.0,135600000.0,4368929000.0,,308036000.0,187100000.0,512335000.0,,,26696000.0,96962000.0,,-6874517000.0,-488993000.0,-130240000.0,4368929000.0,,133687000.0,16964000.0,28670000.0,,,-2410000.0,,-22128000.0,,413068000.0,,,,,,29905000.0,,8807000.0,-38712000.0,,,-394643000.0,-24648000.0,
2024-09-30,2619197000.0,754859000.0,,333037000.0,,2019273000.0,599924000.0,27099000.0,506512000.0,113500000.0,,1.49,1.43,263181000.0,281255000.0,855532000.0,,340087000.0,,,,121759000.0,1322701000.0,,172112000.0,2319732000.0,241226000.0,127456000.0,4425837000.0,,321526000.0,181411000.0,530288000.0,,,30744000.0,92632000.0,,-6738049000.0,-407534000.0,-88526000.0,4425837000.0,,198175000.0,5223000.0,41412000.0,,,-4968000.0,,-29647000.0,,678009000.0,,,,,,43011000.0,,8061000.0,-51072000.0,,,-636126000.0,-6908000.0,
,,,,,,,,,,,,,,,,,,,,,,,,,,,,,,,,,,,,,,,,,,,,,,,,,,,,,,,,,,,,,,,,,,,
,,,,,,,,,,,,,,,,,,,,,,,,,,,,,,,,,,,,,,,,,,,,,,,,,,,,,,,,,,,,,,,,,,,
