Date,Net sales,Cost of sales,Gross margin,Research and development,"Selling, general and administrative",Total operating expenses,Operating income,"Other income/(expense), net",Income before provision for income taxes,Provision for income taxes,Net income,Earnings per share basic,Earnings per share diluted,Weighted-average basic,Weighted-average diluted,Cash and cash equivalents,Short-term marketable securities,"Accounts receivable, net",Inventories,Deferred tax assets,Vendor non-trade receivables,Other current assets,Total current assets,Long-term marketable securities,"Property, Plant and Equipment, Net",Goodwill,"Acquired intangible assets, net","Other Assets, Noncurrent",Total assets,accounts payable,Accrued expenses,Deferred revenue,Total current liabilities,Deferred revenue - non-current,deferred tax liabilities,long term taxes payable,Total other non-current liabilities,Total liabilities,Retained Earnings (Accumulated Deficit),Accumulated other comprehensive (loss)/income,Total shareholders equity,Total liabilities and shareholders' equity,"Depreciation, amortization and accretion",Stock-based compensation expense,Deferred income tax expense,"Increase (Decrease) in Accounts receivable, net",Increase (Decrease) in Inventories,Increase (Decrease) in Other Receivables,Increase (Decrease) in Other Operating Assets,Increase (Decrease) in Accounts Payable,Increase (Decrease) in Deferred Revenue,Increase (Decrease) Other liabilities,Cash generated by operating activities,Purchases of marketable securities,Proceeds from maturities of marketable securities,Proceeds from sales of marketable securities,Purchases of other long-term investments,"Business acquisitions, net of cash acquired",Cash payments for capital asset purchases,Payments for acquisition of intangible assets,Payments for (Proceeds from) Other Investing Activities,Cash used in investing activities,Proceeds from issuance of common stock,Excess tax benefits from stock-based compensation,Cash generated/used in financing activities,Increase/(decrease) in cash and cash equivalents,"Cash paid for income taxes, net"
2010-06-30,885200000.0,,464551000.0,45570000.0,278616000.0,,,,120560000.0,31345000.0,89215000.0,2.65,2.59,33646640.0,34464277.0,111591000.0,,310071000.0,185173000.0,36028000.0,,,690863000.0,,302606000.0,439270000.0,106825000.0,113924000.0,1745794000.0,110971000.0,87259000.0,,528973000.0,,115581000.0,,179801000.0,1028602000.0,1092977000.0,-45773000.0,717192000.0,1745794000.0,,6009000.0,-4534000.0,10697000.0,23633000.0,,2325000.0,,,,119258000.0,,,,,12557000.0,19803000.0,,,-32258000.0,,2718000.0,-59145000.0,26560000.0,
2010-09-30,1375413000.0,,720606000.0,70562000.0,423919000.0,,,,197422000.0,46126000.0,151296000.0,4.52,4.41,33488099.0,34318582.0,142884000.0,,331954000.0,215316000.0,39200000.0,,,786729000.0,,334803000.0,448332000.0,106351000.0,129636000.0,1907627000.0,121339000.0,104007000.0,,606024000.0,,119863000.0,,180331000.0,1152084000.0,1153015000.0,-245000.0,755543000.0,1907627000.0,,9051000.0,-7392000.0,17401000.0,41614000.0,,9259000.0,,,,205270000.0,,,,,12557000.0,38564000.0,,,-50964000.0,,3410000.0,-98499000.0,57853000.0,
2010-12-31,1968178000.0,,1037196000.0,97028000.0,588726000.0,,,,307513000.0,75365000.0,232148000.0,6.98,6.8,33280463.0,34140097.0,447577000.0,,368936000.0,217104000.0,44548000.0,,,1144895000.0,,364472000.0,434699000.0,104372000.0,138629000.0,2283063000.0,138105000.0,100793000.0,,542186000.0,,124523000.0,,174469000.0,1511479000.0,1223130000.0,8201000.0,771584000.0,2283063000.0,,12385000.0,4058000.0,55025000.0,40417000.0,,20107000.0,,,,268279000.0,,,,,13064000.0,73943000.0,,108000.0,-77015000.0,,9017000.0,167923000.0,362546000.0,
2011-03-31,498766000.0,,261507000.0,26351000.0,161378000.0,,,,63278000.0,16451000.0,46827000.0,1.45,1.41,32290595.0,33291632.0,388102000.0,,365578000.0,247190000.0,51755000.0,,,1117197000.0,,380743000.0,444181000.0,113223000.0,146501000.0,2298846000.0,134257000.0,100532000.0,,524413000.0,,126664000.0,,180959000.0,1509869000.0,1267325000.0,27117000.0,788977000.0,2298846000.0,,3187000.0,-6593000.0,-14604000.0,22238000.0,,-425000.0,,,,6524000.0,,,,,14532000.0,17559000.0,,902000.0,-32945000.0,,2347000.0,-34560000.0,-59475000.0,
2011-06-30,1059854000.0,,557698000.0,55956000.0,333432000.0,,,,144615000.0,37600000.0,107015000.0,3.33,3.23,32144223.0,33152760.0,328763000.0,,382089000.0,268154000.0,51932000.0,,,1098169000.0,,416872000.0,447599000.0,113686000.0,164689000.0,2341279000.0,151499000.0,107207000.0,,565995000.0,,129907000.0,,185613000.0,1502874000.0,1325007000.0,64255000.0,838405000.0,2341279000.0,,5722000.0,-8058000.0,-4121000.0,33628000.0,,-1229000.0,,,,93553000.0,,,,,15463000.0,40517000.0,,882000.0,-54560000.0,,4931000.0,-160355000.0,-118814000.0,
2011-12-31,2309328000.0,,1218274000.0,116139000.0,703632000.0,,,,349177000.0,79684000.0,269493000.0,8.45,8.21,31897779.0,32839365.0,235601000.0,,425147000.0,241421000.0,25739000.0,,,1018863000.0,,410007000.0,447743000.0,,86552000.0,2203474000.0,168109000.0,100320000.0,,609844000.0,,125833000.0,,209945000.0,1422337000.0,1476550000.0,-86938000.0,781137000.0,2203474000.0,,12270000.0,2592000.0,-53964000.0,-20281000.0,,-301000.0,27551000.0,,1785000.0,280880000.0,,,,,35373000.0,98500000.0,,903000.0,-132291000.0,,12612000.0,-360469000.0,-211976000.0,
2012-03-31,535400000.0,,277102000.0,28667000.0,167641000.0,,,,69308000.0,16981000.0,52327000.0,1.66,1.62,31531915.0,32386924.0,156192000.0,,389118000.0,238176000.0,52362000.0,,,905582000.0,,425746000.0,451678000.0,120454000.0,93901000.0,2113443000.0,131984000.0,98631000.0,,525419000.0,,122983000.0,,213210000.0,1306470000.0,1523075000.0,-66147000.0,806973000.0,2113443000.0,,3303000.0,-2061000.0,-41057000.0,-8300000.0,,1983000.0,,,,20797000.0,,,,,0.0,18529000.0,,0.0,-18442000.0,,276000.0,-83770000.0,-79409000.0,
2012-06-30,1105683000.0,,576110000.0,56633000.0,337626000.0,,,,151034000.0,37003000.0,114031000.0,3.63,3.54,31399788.0,32212927.0,134766000.0,,397238000.0,217231000.0,51491000.0,,,860976000.0,,427666000.0,446280000.0,118439000.0,87614000.0,2055626000.0,129988000.0,98419000.0,,523002000.0,,120664000.0,,205256000.0,1280652000.0,1584074000.0,-90882000.0,774974000.0,2055626000.0,,5954000.0,-4758000.0,-23645000.0,-21832000.0,,-2220000.0,,,,112049000.0,,,,,1541000.0,43233000.0,,0.0,-44621000.0,,340000.0,-168504000.0,-100835000.0,
2012-09-30,1684236000.0,,884267000.0,84529000.0,508647000.0,,,,246639000.0,60425000.0,186214000.0,5.97,5.82,31215212.0,32008311.0,105374000.0,,406570000.0,214893000.0,52646000.0,,,838363000.0,,445024000.0,451016000.0,118431000.0,93607000.0,2061405000.0,129982000.0,103712000.0,,555238000.0,,121863000.0,,207000000.0,1263161000.0,1653715000.0,-74107000.0,798244000.0,2061405000.0,,9224000.0,-6889000.0,-20186000.0,-28204000.0,,-7168000.0,,,,215978000.0,,,,,2098000.0,64292000.0,,0.0,-66046000.0,,502000.0,-282097000.0,-130227000.0,
2012-12-31,2341528000.0,,1241055000.0,112530000.0,684026000.0,,,,382601000.0,91754000.0,290847000.0,9.37,9.14,31044532.0,31824077.0,101702000.0,,437390000.0,198939000.0,29282000.0,,,864920000.0,,469421000.0,452351000.0,,86034000.0,2117400000.0,142362000.0,107834000.0,,562677000.0,,139487000.0,,240886000.0,1290181000.0,1749451000.0,-97461000.0,827219000.0,2117400000.0,,13185000.0,5420000.0,-8760000.0,46831000.0,,3583000.0,-27881000.0,,-49871000.0,327704000.0,,,,,2098000.0,95588000.0,,0.0,-97260000.0,,9365000.0,-366397000.0,-133899000.0,
2013-03-31,524353000.0,,279253000.0,27700000.0,166120000.0,,,,69136000.0,16592000.0,52544000.0,1.73,1.69,30299569.0,31101979.0,93209000.0,,410650000.0,199574000.0,58636000.0,,,828938000.0,,466165000.0,445709000.0,115489000.0,88582000.0,2070606000.0,116678000.0,109463000.0,,478295000.0,,137846000.0,,232330000.0,1270384000.0,1798295000.0,-114576000.0,800222000.0,2070606000.0,,2805000.0,-3354000.0,-20650000.0,5017000.0,,-1282000.0,,,,23672000.0,,,,,,19018000.0,,,-18982000.0,,256000.0,-12833000.0,-8493000.0,
2013-06-30,1103033000.0,,588096000.0,56703000.0,339554000.0,,,,160009000.0,38403000.0,121606000.0,4.03,3.93,30209729.0,30975957.0,120217000.0,,418031000.0,203288000.0,59144000.0,,,875376000.0,,474050000.0,447166000.0,114496000.0,97259000.0,2133437000.0,122755000.0,107806000.0,,509026000.0,,138233000.0,,231349000.0,1322335000.0,1863514000.0,-108741000.0,811102000.0,2133437000.0,,5852000.0,-5687000.0,-12583000.0,8158000.0,,5690000.0,,,,114632000.0,,,,,213000.0,36781000.0,,,-36879000.0,,519000.0,-58164000.0,18515000.0,
2013-09-30,1694719000.0,,906669000.0,85749000.0,513000000.0,,,,257805000.0,61873000.0,195932000.0,6.52,6.35,30063021.0,30836160.0,92222000.0,,402708000.0,219178000.0,60358000.0,,,848875000.0,,497277000.0,452099000.0,114012000.0,105692000.0,2144016000.0,120665000.0,113217000.0,,538975000.0,,139549000.0,,232979000.0,1296374000.0,1935087000.0,-80535000.0,847642000.0,2144016000.0,,8988000.0,-7807000.0,-33841000.0,19350000.0,,3367000.0,,,,237415000.0,,,,,213000.0,57000000.0,,,-57005000.0,,565000.0,-189615000.0,-9480000.0,
2013-12-31,2378972000.0,,1282026000.0,116346000.0,692788000.0,,,,402709000.0,96615000.0,306094000.0,10.22,9.96,29945954.0,30728482.0,111874000.0,,466703000.0,210414000.0,1388000.0,,,913987000.0,,514438000.0,455842000.0,,130013000.0,2152819000.0,145993000.0,116831000.0,,564188000.0,,64449000.0,,193170000.0,1217767000.0,2037420000.0,-35036000.0,935052000.0,2152819000.0,,12639000.0,8816000.0,-28995000.0,-8484000.0,,1606000.0,295000.0,,-458000.0,345928000.0,,,,,2661000.0,82349000.0,,0.0,-84799000.0,,1847000.0,-251116000.0,10172000.0,
2014-03-31,550621000.0,,292641000.0,29497000.0,172191000.0,,,,76384000.0,18333000.0,58051000.0,1.98,1.93,29370232.0,30088245.0,115804000.0,,425161000.0,224420000.0,58705000.0,,,890105000.0,,517686000.0,456942000.0,112919000.0,135281000.0,2135137000.0,119128000.0,117913000.0,,509195000.0,,63122000.0,,189634000.0,1211533000.0,2091943000.0,-33183000.0,923604000.0,2135137000.0,,3201000.0,-695000.0,-41500000.0,13543000.0,,-511000.0,,,,42845000.0,,,,,391000.0,16716000.0,,,-16918000.0,,4495000.0,-22138000.0,3930000.0,
2014-06-30,1159455000.0,,620817000.0,61622000.0,355294000.0,,,,173782000.0,41709000.0,132073000.0,4.52,4.41,29221647.0,29918456.0,111012000.0,,427495000.0,224448000.0,59027000.0,,,886388000.0,,521884000.0,457759000.0,114257000.0,141039000.0,2143420000.0,140105000.0,117763000.0,,640381000.0,,61740000.0,,188221000.0,1235706000.0,2162428000.0,-35573000.0,907714000.0,2143420000.0,,6503000.0,-3442000.0,-39967000.0,13733000.0,,-1990000.0,,,,150977000.0,,,,,3255000.0,37120000.0,,,-40079000.0,,9569000.0,-112051000.0,-862000.0,
2014-09-30,1788555000.0,,964368000.0,91974000.0,541793000.0,,,,285618000.0,68549000.0,217069000.0,7.47,7.3,29056663.0,29747321.0,126311000.0,,410900000.0,219714000.0,59414000.0,,,872912000.0,,512091000.0,449539000.0,111214000.0,140458000.0,2107455000.0,129172000.0,119641000.0,,650884000.0,,64751000.0,,177873000.0,1258515000.0,2243022000.0,-76029000.0,848940000.0,2107455000.0,,9784000.0,-6102000.0,-43313000.0,18024000.0,,-9714000.0,,,,278238000.0,,,,,3385000.0,61408000.0,,,-64360000.0,,10459000.0,-198283000.0,14437000.0,
2014-12-31,2485983000.0,,1358750000.0,123297000.0,728582000.0,,,,445004000.0,106763000.0,338241000.0,11.71,11.44,28890771.0,29571308.0,85263000.0,,435648000.0,204531000.0,17210000.0,,,849430000.0,,511462000.0,444085000.0,112784000.0,61076000.0,2009110000.0,145896000.0,120530000.0,,678890000.0,,56727000.0,,218108000.0,1289515000.0,2357334000.0,-212949000.0,719595000.0,2009110000.0,,13611000.0,13033000.0,7492000.0,-9302000.0,,4392000.0,6298000.0,,-16177000.0,418912000.0,,,,,5784000.0,89388000.0,,,-94444000.0,,3557000.0,-348108000.0,-26611000.0,
2015-03-31,535701000.0,,298805000.0,28461000.0,173038000.0,,,,82963000.0,19912000.0,63051000.0,2.24,2.19,28115220.0,28762935.0,75359000.0,,382385000.0,218663000.0,62802000.0,,,814850000.0,,510518000.0,437704000.0,110476000.0,75492000.0,1975665000.0,131667000.0,123341000.0,,637703000.0,,60636000.0,,202019000.0,1309537000.0,2415802000.0,-219205000.0,666128000.0,1975665000.0,,3496000.0,-1670000.0,-38179000.0,17703000.0,,-183000.0,,,,58596000.0,,,,,200000.0,18539000.0,,,-27081000.0,,441000.0,-40248000.0,-9904000.0,
2015-06-30,1117758000.0,,621717000.0,58255000.0,347846000.0,,,,185010000.0,44402000.0,140608000.0,5.03,4.91,27978814.0,28611637.0,149309000.0,,402404000.0,223275000.0,63038000.0,,,912664000.0,,522195000.0,442482000.0,109656000.0,82715000.0,2096949000.0,138589000.0,122057000.0,,579540000.0,,55198000.0,,202819000.0,1442698000.0,2488992000.0,-197425000.0,654251000.0,2096949000.0,,6981000.0,-2681000.0,-21764000.0,18659000.0,,959000.0,,,,163785000.0,,,,,300000.0,35923000.0,,,-48907000.0,,1278000.0,-49784000.0,64046000.0,
2015-09-30,1721912000.0,,961246000.0,87966000.0,523392000.0,,,,301933000.0,72464000.0,229469000.0,8.24,8.07,27833541.0,28443478.0,123299000.0,,390540000.0,225542000.0,62754000.0,,,868315000.0,,513568000.0,448342000.0,114355000.0,81760000.0,2053546000.0,136565000.0,126684000.0,,593415000.0,,63883000.0,,208165000.0,1467194000.0,2576218000.0,-238038000.0,586352000.0,2053546000.0,,10348000.0,-3245000.0,-26123000.0,27014000.0,,-402000.0,,,,289826000.0,,,,,10969000.0,56756000.0,,,-73007000.0,,1418000.0,-173864000.0,38036000.0,
2015-12-31,2395447000.0,,1351993000.0,119076000.0,700810000.0,,,,463424000.0,110604000.0,352820000.0,12.75,12.48,27680918.0,28269615.0,98887000.0,,411420000.0,214383000.0,175265000.0,,,862815000.0,,517229000.0,446284000.0,115252000.0,54032000.0,2018485000.0,142075000.0,127645000.0,,595127000.0,,71365000.0,,194552000.0,1438028000.0,2692317000.0,-266649000.0,580457000.0,2018485000.0,,14223000.0,7258000.0,-1625000.0,18785000.0,,5119000.0,1698000.0,,19126000.0,426868000.0,,,,,13779000.0,82506000.0,,5415000.0,-100751000.0,,12929000.0,-307032000.0,13624000.0,
2016-03-31,539674000.0,,299907000.0,28973000.0,168921000.0,,,,86413000.0,20739000.0,65674000.0,2.44,2.4,26931293.0,27421019.0,110595000.0,,387296000.0,227323000.0,70039000.0,,,866699000.0,,521496000.0,448183000.0,115990000.0,59630000.0,2035273000.0,120536000.0,126139000.0,,544792000.0,,64089000.0,,201187000.0,1491940000.0,2756453000.0,-259817000.0,543333000.0,2035273000.0,,3656000.0,-3304000.0,-28610000.0,10267000.0,,1453000.0,,,,35700000.0,,,,,4329000.0,14348000.0,,,-16414000.0,,5805000.0,-8465000.0,11708000.0,
2016-06-30,1147960000.0,,647483000.0,59674000.0,356719000.0,,,,189585000.0,44323000.0,145262000.0,5.42,5.32,26781154.0,27283012.0,114646000.0,,407972000.0,234006000.0,70940000.0,,,900260000.0,,514312000.0,444278000.0,114002000.0,65937000.0,2061747000.0,131888000.0,120278000.0,,591108000.0,,78034000.0,,207380000.0,1569785000.0,2834772000.0,-282775000.0,491962000.0,2061747000.0,,7249000.0,-8852000.0,-5189000.0,20029000.0,,3519000.0,,,,151225000.0,,,,,4329000.0,28858000.0,,,-31894000.0,,11152000.0,-102684000.0,15759000.0,
2016-09-30,1798558000.0,,1016977000.0,89813000.0,544399000.0,,,,322909000.0,76315000.0,246594000.0,9.25,9.08,26644938.0,27153450.0,146133000.0,,414607000.0,239985000.0,71629000.0,,,946102000.0,,527477000.0,482144000.0,169117000.0,73406000.0,2220980000.0,129650000.0,126599000.0,,620849000.0,,65341000.0,,208251000.0,1720463000.0,2934167000.0,-266403000.0,500517000.0,2220980000.0,,10861000.0,-11078000.0,-4721000.0,19857000.0,,3558000.0,,,,290147000.0,,,,,109681000.0,51234000.0,,,-158523000.0,,17166000.0,-84246000.0,47246000.0,
2016-12-31,2508257000.0,,1435587000.0,119968000.0,732622000.0,,,,504193000.0,119823000.0,384370000.0,14.49,14.22,26517768.0,27023905.0,158674000.0,,454988000.0,222047000.0,198435000.0,,,896784000.0,,563707000.0,476378000.0,167055000.0,28902000.0,2166777000.0,146593000.0,133167000.0,,587515000.0,,64306000.0,,204957000.0,1731834000.0,3065708000.0,-354998000.0,434943000.0,2166777000.0,,15306000.0,1878000.0,52151000.0,12431000.0,,-291000.0,9633000.0,,39769000.0,443078000.0,,,,,111381000.0,123957000.0,,-3459000.0,-231456000.0,,17680000.0,-145925000.0,59787000.0,
2017-03-31,594567000.0,,342900000.0,31392000.0,184172000.0,,,,113848000.0,21382000.0,92466000.0,3.57,3.48,25932112.0,26586061.0,164893000.0,,439413000.0,242375000.0,,,,912865000.0,,572058000.0,478652000.0,165476000.0,36686000.0,2203764000.0,137827000.0,128671000.0,,561162000.0,,56852000.0,,201687000.0,1763912000.0,3157257000.0,-331120000.0,439852000.0,2203764000.0,,3822000.0,-1470000.0,-23289000.0,15795000.0,,2045000.0,,,,67599000.0,,,,,0.0,21015000.0,,,-10700000.0,,,-53945000.0,6219000.0,
2017-06-30,1248223000.0,,717817000.0,64246000.0,377689000.0,,,,240695000.0,46649000.0,194046000.0,7.51,7.32,25841243.0,26514311.0,146334000.0,,448098000.0,253734000.0,,,,913753000.0,,600900000.0,483757000.0,164134000.0,46080000.0,2247950000.0,143607000.0,124879000.0,,588809000.0,,37106000.0,,212335000.0,1786031000.0,3256684000.0,-298386000.0,461919000.0,2247950000.0,,7793000.0,-3840000.0,-23541000.0,21164000.0,,235000.0,,,,205377000.0,,,,,697000.0,48529000.0,,,-40050000.0,,11200000.0,-182460000.0,-12340000.0,
2017-09-30,1947022000.0,,1118094000.0,96723000.0,582604000.0,,,,380322000.0,81326000.0,298996000.0,11.6,11.31,25764472.0,26446677.0,169086000.0,,483167000.0,263527000.0,,,,986564000.0,,641709000.0,538418000.0,229975000.0,57430000.0,2497199000.0,148521000.0,137672000.0,,652358000.0,,31090000.0,,250091000.0,1984220000.0,3360315000.0,-277637000.0,512979000.0,2497199000.0,,11823000.0,-7754000.0,-1891000.0,23596000.0,,2526000.0,,,,351235000.0,,,,,108445000.0,85826000.0,,,-180118000.0,,17200000.0,-167255000.0,10412000.0,
2017-12-31,2725053000.0,,1573313000.0,129265000.0,787464000.0,,,,574222000.0,198250000.0,375972000.0,14.62,14.24,25713575.0,26393783.0,148687000.0,,528615000.0,255390000.0,162988000.0,,,1006723000.0,,668271000.0,539838000.0,226718000.0,66830000.0,2549805000.0,167627000.0,152834000.0,,689673000.0,,51230000.0,,301452000.0,2002525000.0,3433282000.0,-265406000.0,547280000.0,2549805000.0,,16582000.0,-2745000.0,38985000.0,13680000.0,,6251000.0,11885000.0,,14972000.0,516325000.0,,,,,108445000.0,127426000.0,,-6554000.0,-217344000.0,,,-319530000.0,-9987000.0,
2018-03-31,660821000.0,,374933000.0,34713000.0,200674000.0,,,,117439000.0,24135000.0,93304000.0,3.66,3.58,25468323.0,26095647.0,98949000.0,,483919000.0,278318000.0,,,,927372000.0,,696890000.0,544784000.0,224727000.0,76417000.0,2511907000.0,164639000.0,159846000.0,,636882000.0,,46689000.0,,288874000.0,1951160000.0,3526355000.0,-236516000.0,560747000.0,2511907000.0,,4354000.0,-6416000.0,-54302000.0,15707000.0,,-2419000.0,,,,76564000.0,,,,,500000.0,29774000.0,,,-22463000.0,,,-107683000.0,-49738000.0,
2018-06-30,1382817000.0,,787558000.0,70028000.0,408698000.0,,,,261041000.0,56269000.0,204772000.0,8.07,7.88,25383402.0,25979508.0,183190000.0,,486203000.0,270047000.0,,,,1003307000.0,,678706000.0,536407000.0,219858000.0,83058000.0,2558216000.0,170865000.0,145892000.0,,688817000.0,,46138000.0,,270407000.0,2025782000.0,3637629000.0,-265721000.0,532434000.0,2558216000.0,,8236000.0,-10109000.0,-34509000.0,19959000.0,,-844000.0,,,,216759000.0,,,,,500000.0,61586000.0,,,-50514000.0,,,-128518000.0,34503000.0,
2018-09-30,2117663000.0,,1206812000.0,104866000.0,611149000.0,,,,421404000.0,89979000.0,331425000.0,13.1,12.81,25296680.0,25877979.0,137448000.0,,494887000.0,277266000.0,,,,971499000.0,,697689000.0,537862000.0,220904000.0,93287000.0,2557664000.0,156447000.0,128760000.0,,697469000.0,,50216000.0,,289470000.0,2026049000.0,3763858000.0,-283529000.0,531615000.0,2557664000.0,,12505000.0,-11901000.0,-26017000.0,26224000.0,,-863000.0,,,,366433000.0,,,,,4962000.0,96665000.0,,,-94598000.0,,,-274566000.0,-11239000.0,
2018-12-31,2935586000.0,,1684378000.0,141071000.0,812802000.0,,,,651858000.0,139247000.0,512611000.0,20.33,19.88,25215674.0,25781324.0,178110000.0,,535528000.0,268821000.0,164462000.0,,,1045860000.0,,717526000.0,534780000.0,217308000.0,68307000.0,2618847000.0,196641000.0,156449000.0,,734434000.0,,48818000.0,,260511000.0,2028784000.0,3941916000.0,-302414000.0,590063000.0,2618847000.0,,17579000.0,2302000.0,19540000.0,21195000.0,,-622000.0,33671000.0,,-26572000.0,565005000.0,,,,,5527000.0,142726000.0,,-1119000.0,-138944000.0,,,-388022000.0,29423000.0,
2019-03-31,679452000.0,,388319000.0,36053000.0,204425000.0,,,,125676000.0,13871000.0,111805000.0,4.5,4.42,24851340.0,25310525.0,126480000.0,,489281000.0,282087000.0,,,,969384000.0,,722926000.0,535517000.0,213977000.0,160398000.0,2636697000.0,174639000.0,161438000.0,,707964000.0,,39648000.0,,318850000.0,2074947000.0,4053703000.0,-289754000.0,561750000.0,2636697000.0,,4482000.0,-14939000.0,-45410000.0,13092000.0,,6678000.0,,,,98795000.0,,,,,0.0,22404000.0,,,-17530000.0,,,-136199000.0,-51630000.0,
2019-06-30,1410818000.0,,807857000.0,72635000.0,409640000.0,,,,280892000.0,41927000.0,238965000.0,9.65,9.48,24774262.0,25217359.0,124439000.0,,498723000.0,286347000.0,,,,981446000.0,,728007000.0,534557000.0,211211000.0,169915000.0,2660858000.0,160584000.0,162777000.0,,707251000.0,,40282000.0,,321365000.0,2156772000.0,4180323000.0,-301433000.0,504086000.0,2660858000.0,,8820000.0,-14881000.0,-36674000.0,16848000.0,,9748000.0,,,,225865000.0,,,,,504000.0,44699000.0,,,-45213000.0,,,-236889000.0,-53671000.0,
2019-09-30,2164684000.0,,1242913000.0,108650000.0,612466000.0,,,,450251000.0,81891000.0,368360000.0,14.93,14.67,24677546.0,25103173.0,120534000.0,,503247000.0,280978000.0,,,,963808000.0,,722592000.0,531224000.0,209371000.0,174275000.0,2635869000.0,148220000.0,158009000.0,,719255000.0,,39954000.0,,314080000.0,2197568000.0,4309718000.0,-314986000.0,438301000.0,2635869000.0,,13283000.0,-17963000.0,-23096000.0,17494000.0,,7713000.0,,,,401741000.0,,,,,2004000.0,71627000.0,,,-76482000.0,,,-382164000.0,-57576000.0,
2019-12-31,3008652000.0,,1741211000.0,143950000.0,819183000.0,,,,681394000.0,120285000.0,561109000.0,22.84,22.47,24567609.0,24974457.0,207785000.0,,566256000.0,274285000.0,194198000.0,,,1109647000.0,,748657000.0,535979000.0,206242000.0,151818000.0,2789321000.0,185592000.0,166118000.0,,754512000.0,,45267000.0,,333412000.0,2368541000.0,4499288000.0,-323673000.0,420780000.0,2789321000.0,,18285000.0,-4630000.0,31408000.0,4603000.0,,335000.0,-12221000.0,,-5385000.0,603450000.0,,,,,2004000.0,97341000.0,,1160000.0,-99083000.0,,,-477368000.0,29675000.0,
2020-03-31,649162000.0,,374409000.0,34387000.0,198744000.0,,,,118499000.0,20384000.0,98115000.0,4.08,4.03,24027833.0,24353477.0,323600000.0,,518556000.0,292110000.0,,,,1200865000.0,,742651000.0,536895000.0,205695000.0,164136000.0,2885780000.0,168515000.0,158089000.0,,679838000.0,,,,341624000.0,2579383000.0,4595183000.0,-347701000.0,306397000.0,2885780000.0,,4395000.0,-3718000.0,-39906000.0,20674000.0,,4211000.0,,,,65515000.0,,,,,5610000.0,18835000.0,,,-34453000.0,,,87284000.0,115800000.0,
2020-06-30,1339835000.0,,772379000.0,65580000.0,388878000.0,,,,273754000.0,49077000.0,224677000.0,9.37,9.25,23984055.0,24291321.0,127300000.0,,490429000.0,299746000.0,,,,989808000.0,,743393000.0,537624000.0,202131000.0,170914000.0,2679647000.0,155901000.0,162355000.0,,702829000.0,,,,335209000.0,2229554000.0,4720523000.0,-345605000.0,450093000.0,2679647000.0,,8818000.0,-4570000.0,-71081000.0,26081000.0,,10050000.0,,,,248752000.0,,,,,6242000.0,37089000.0,,,-50587000.0,,,-275077000.0,-80508000.0,
2020-09-30,2147192000.0,,1241987000.0,100236000.0,593852000.0,,,,479563000.0,93119000.0,386444000.0,16.13,15.92,23963311.0,24272354.0,153700000.0,,521777000.0,292329000.0,,,,1046320000.0,,758010000.0,541722000.0,199151000.0,184218000.0,2766536000.0,146646000.0,180139000.0,,764081000.0,,,,348273000.0,2323469000.0,4882287000.0,-327273000.0,443067000.0,2766536000.0,,13248000.0,-6990000.0,-49084000.0,11421000.0,,8733000.0,,,,473830000.0,,,,,6242000.0,57428000.0,,,-70045000.0,,,-457436000.0,-54099000.0,
2020-12-31,3085177000.0,,1801031000.0,140102000.0,820221000.0,,,,748743000.0,146004000.0,602739000.0,25.24,24.91,23882648.0,24199230.0,94254000.0,,593809000.0,297611000.0,210397000.0,,,1056904000.0,,798868000.0,550270000.0,196785000.0,169886000.0,2814549000.0,175801000.0,196834000.0,,840327000.0,,,,372925000.0,2531874000.0,5095596000.0,-334925000.0,282675000.0,2814549000.0,,18687000.0,-12784000.0,4495000.0,3836000.0,,4763000.0,-17803000.0,,36595000.0,724699000.0,,,,,6242000.0,92494000.0,,4730000.0,-100360000.0,,,-743908000.0,-113531000.0,
2021-03-31,804390000.0,,471696000.0,39272000.0,221752000.0,,,,185414000.0,35751000.0,149663000.0,6.41,6.32,23365077.0,23685665.0,106700000.0,,574418000.0,321341000.0,,,,1080208000.0,,780166000.0,640687000.0,298645000.0,189422000.0,3028368000.0,189289000.0,195123000.0,,841809000.0,,,,388165000.0,2825725000.0,5244387000.0,-311744000.0,202643000.0,3028368000.0,,4575000.0,-5068000.0,-12232000.0,28029000.0,,4175000.0,,,,158877000.0,,,,,185074000.0,24605000.0,,,-191453000.0,,,46680000.0,12400000.0,
2021-06-30,1728741000.0,,1008600000.0,81875000.0,460797000.0,,,,415798000.0,81372000.0,334426000.0,14.37,14.17,23277636.0,23603805.0,142300000.0,,600191000.0,350159000.0,,,,1172611000.0,,790512000.0,642186000.0,293719000.0,202636000.0,3142904000.0,210811000.0,195816000.0,,938369000.0,,,,375519000.0,2951480000.0,5429085000.0,-302592000.0,191424000.0,3142904000.0,,9156000.0,-7423000.0,9551000.0,52794000.0,,3893000.0,,,,404412000.0,,,,,185534000.0,47363000.0,,,-226045000.0,,,-130611000.0,47998000.0,
2021-09-30,2680691000.0,,1564420000.0,124151000.0,701531000.0,,,,663385000.0,125271000.0,538114000.0,23.19,22.86,23203257.0,23536615.0,183700000.0,,603364000.0,381457000.0,,,,1246224000.0,,783813000.0,639184000.0,288593000.0,210075000.0,3207161000.0,219294000.0,196520000.0,,1001561000.0,,,,364190000.0,3047990000.0,5631965000.0,-297852000.0,159171000.0,3207161000.0,,13893000.0,-6072000.0,19153000.0,87568000.0,,3596000.0,,,,667719000.0,,,,,193387000.0,69796000.0,,,-251225000.0,,,-326304000.0,89418000.0,
2021-12-31,3717930000.0,,2171553000.0,169766000.0,943976000.0,,,,949361000.0,180376000.0,768985000.0,33.25,32.78,23129862.0,23457630.0,98564000.0,,647335000.0,414543000.0,205563000.0,,,1269358000.0,,799365000.0,648622000.0,307450000.0,262507000.0,3326798000.0,272911000.0,208811000.0,,1146538000.0,,,,365801000.0,3155377000.0,5859272000.0,-255224000.0,171421000.0,3326798000.0,,19595000.0,563000.0,66468000.0,118718000.0,,5040000.0,93973000.0,,80960000.0,908825000.0,,,,,220862000.0,107580000.0,,-10682000.0,-314108000.0,,,-590549000.0,4310000.0,
2022-03-31,897791000.0,,519585000.0,43028000.0,235312000.0,,,,213001000.0,39000000.0,174001000.0,7.64,7.55,22768298.0,23040231.0,,,617880000.0,446490000.0,,,,1309886000.0,,787472000.0,650118000.0,305079000.0,264708000.0,3356183000.0,259352000.0,214558000.0,,1087413000.0,,,,352194000.0,3271613000.0,6030873000.0,-250874000.0,84570000.0,3356183000.0,,4509000.0,-1096000.0,-23293000.0,37643000.0,,15031000.0,,,,90837000.0,,,,,9704000.0,19151000.0,,,-7112000.0,,,-64485000.0,18385000.0,
2022-06-30,1876178000.0,,1091246000.0,87051000.0,477518000.0,,,,469693000.0,83622000.0,386071000.0,17.02,16.84,22680353.0,22928933.0,109449000.0,,626593000.0,463321000.0,,,,1324701000.0,,760856000.0,643449000.0,298362000.0,272063000.0,3336430000.0,267523000.0,203319000.0,,1118581000.0,,,,320551000.0,3329168000.0,6242943000.0,-282365000.0,7262000.0,3336430000.0,,9200000.0,-3237000.0,4235000.0,70353000.0,,15629000.0,,,,309993000.0,,,,,10765000.0,62391000.0,,,-40653000.0,,,-253329000.0,10885000.0,
2022-09-30,2862024000.0,,1675902000.0,131180000.0,710875000.0,,,,745578000.0,138910000.0,606668000.0,26.86,26.58,22587026.0,22821408.0,122136000.0,,611399000.0,451320000.0,,,,1315902000.0,,728602000.0,636089000.0,297435000.0,281446000.0,3294460000.0,226681000.0,202039000.0,,1164937000.0,,,,310547000.0,3377269000.0,6463349000.0,-324514000.0,-82809000.0,3294460000.0,,13931000.0,-4881000.0,16239000.0,78574000.0,,14509000.0,,,,555424000.0,,,,,25588000.0,89213000.0,,,-89358000.0,,,-430606000.0,23572000.0,
2022-12-31,3919709000.0,,2308042000.0,177122000.0,938461000.0,,,,1070592000.0,198090000.0,872502000.0,38.79,38.41,22491790.0,22718290.0,95966000.0,,709321000.0,441694000.0,181054000.0,,,1375089000.0,,778600000.0,660170000.0,306054000.0,345402000.0,3492395000.0,252538000.0,205253000.0,,1147731000.0,,,,300031000.0,3467602000.0,6726866000.0,-227233000.0,24793000.0,3492395000.0,,19661000.0,26517000.0,83417000.0,43392000.0,,16263000.0,-13826000.0,,-71597000.0,859067000.0,,,,,37951000.0,121241000.0,,10272000.0,-139395000.0,,,-716039000.0,-2598000.0,
2023-03-31,928738000.0,,546566000.0,45477000.0,234638000.0,,,,226610000.0,38184000.0,188426000.0,8.53,8.47,22083456.0,22253435.0,,,640050000.0,427549000.0,,,,1286767000.0,,780013000.0,661742000.0,300134000.0,353135000.0,3409907000.0,176733000.0,189324000.0,,1004249000.0,,,,300951000.0,3434376000.0,6912767000.0,-228516000.0,-24469000.0,3409907000.0,,4027000.0,602000.0,-72109000.0,-15559000.0,,3720000.0,,,,153262000.0,,,,,613000.0,23196000.0,,,-22386000.0,,,-137635000.0,-6881000.0,
2023-06-30,1910855000.0,,1130109000.0,92722000.0,463232000.0,,,,490013000.0,87660000.0,402353000.0,18.28,18.15,22013662.0,22164394.0,83600000.0,,648002000.0,394959000.0,,,,1246506000.0,,780723000.0,665100000.0,294594000.0,355636000.0,3370395000.0,170230000.0,177590000.0,,1008003000.0,,,,290626000.0,3460100000.0,7126687000.0,-267216000.0,-89705000.0,3370395000.0,,8222000.0,-1766000.0,-60460000.0,-47746000.0,,-4057000.0,,,,420073000.0,,,,,613000.0,51947000.0,,,-65298000.0,,,-365062000.0,-12392000.0,
2023-09-30,2853317000.0,,1689648000.0,138849000.0,680679000.0,,,,741172000.0,137188000.0,603984000.0,27.54,27.37,21933889.0,22067398.0,69700000.0,,634967000.0,375959000.0,,,,1196912000.0,,763209000.0,660638000.0,287197000.0,353087000.0,3288730000.0,173970000.0,172871000.0,,1070423000.0,,,,282569000.0,3394602000.0,7328292000.0,-263153000.0,-105872000.0,3288730000.0,,12450000.0,-4455000.0,-61978000.0,-59409000.0,,-14679000.0,,,,684369000.0,,,,,613000.0,72907000.0,,,-96193000.0,,,-610612000.0,-26291000.0,
2023-12-31,3788309000.0,,2241286000.0,185284000.0,904106000.0,,,,973728000.0,184950000.0,788778000.0,36.1,35.9,21848122.0,21971528.0,69807000.0,,663893000.0,385865000.0,183654000.0,,,1230203000.0,,803374000.0,670108000.0,285429000.0,335242000.0,3355555000.0,210411000.0,196138000.0,,1181082000.0,,,,327112000.0,3505493000.0,7510756000.0,-319815000.0,-149938000.0,3355555000.0,,17928000.0,-13373000.0,-50296000.0,-71021000.0,,-20666000.0,-40554000.0,,-62312000.0,965874000.0,,,,,5811000.0,105323000.0,,27489000.0,-131694000.0,,,-859585000.0,-26159000.0,
2024-03-31,925949000.0,,548133000.0,46415000.0,234390000.0,,,,220547000.0,43038000.0,177509000.0,8.28,8.24,21437673.0,21543313.0,,,650333000.0,373670000.0,,,,1211114000.0,,773495000.0,665816000.0,274375000.0,326839000.0,3283117000.0,189449000.0,190023000.0,,1131932000.0,,,,306213000.0,3441834000.0,7688105000.0,-298074000.0,-158717000.0,3283117000.0,,4722000.0,-2063000.0,1708000.0,3954000.0,,7469000.0,,,,189987000.0,,,,,1000000.0,17391000.0,,,-8935000.0,,,-179085000.0,384000.0,
2024-06-30,1872699000.0,,1113801000.0,92186000.0,470186000.0,,,,463724000.0,64401000.0,399323000.0,18.7,18.6,21358339.0,21468995.0,70810000.0,,634710000.0,366395000.0,,,,1178307000.0,,768664000.0,665359000.0,268154000.0,338126000.0,3249164000.0,199462000.0,180881000.0,,1281182000.0,,,,272365000.0,3401926000.0,7909919000.0,-310367000.0,-152762000.0,3249164000.0,,9263000.0,-3837000.0,-7404000.0,-3083000.0,,6190000.0,,,,447493000.0,,,,,2473000.0,41201000.0,,,-30767000.0,,,-413386000.0,1003000.0,
2024-09-30,2827234000.0,,1686268000.0,139303000.0,698963000.0,,,,722676000.0,111837000.0,610839000.0,28.69,28.55,21288202.0,21396456.0,71600000.0,,637202000.0,375813000.0,,,,1198232000.0,,790447000.0,672404000.0,262519000.0,364497000.0,3319828000.0,202859000.0,190361000.0,,1184968000.0,,,,289810000.0,3474181000.0,8121425000.0,-327782000.0,-154353000.0,3319828000.0,,13622000.0,-5061000.0,-22616000.0,-8834000.0,,1775000.0,,,,702159000.0,,,,,2473000.0,62622000.0,,,-68410000.0,,,-632284000.0,1767000.0,
,,,,,,,,,,,,,,,,,,,,,,,,,,,,,,,,,,,,,,,,,,,,,,,,,,,,,,,,,,,,,,,,,,,
,,,,,,,,,,,,,,,,,,,,,,,,,,,,,,,,,,,,,,,,,,,,,,,,,,,,,,,,,,,,,,,,,,,
