Date,Net sales,Cost of sales,Gross margin,Research and development,"Selling, general and administrative",Total operating expenses,Operating income,"Other income/(expense), net",Income before provision for income taxes,Provision for income taxes,Net income,Earnings per share basic,Earnings per share diluted,Weighted-average basic,Weighted-average diluted,Cash and cash equivalents,Short-term marketable securities,"Accounts receivable, net",Inventories,Deferred tax assets,Vendor non-trade receivables,Other current assets,Total current assets,Long-term marketable securities,"Property, Plant and Equipment, Net",Goodwill,"Acquired intangible assets, net","Other Assets, Noncurrent",Total assets,accounts payable,Accrued expenses,Deferred revenue,Total current liabilities,Deferred revenue - non-current,deferred tax liabilities,long term taxes payable,Total other non-current liabilities,Total liabilities,Retained Earnings (Accumulated Deficit),Accumulated other comprehensive (loss)/income,Total shareholders equity,Total liabilities and shareholders' equity,"Depreciation, amortization and accretion",Stock-based compensation expense,Deferred income tax expense,"Increase (Decrease) in Accounts receivable, net",Increase (Decrease) in Inventories,Increase (Decrease) in Other Receivables,Increase (Decrease) in Other Operating Assets,Increase (Decrease) in Accounts Payable,Increase (Decrease) in Deferred Revenue,Increase (Decrease) Other liabilities,Cash generated by operating activities,Purchases of marketable securities,Proceeds from maturities of marketable securities,Proceeds from sales of marketable securities,Purchases of other long-term investments,"Business acquisitions, net of cash acquired",Cash payments for capital asset purchases,Payments for acquisition of intangible assets,Payments for (Proceeds from) Other Investing Activities,Cash used in investing activities,Proceeds from issuance of common stock,Excess tax benefits from stock-based compensation,Cash generated/used in financing activities,Increase/(decrease) in cash and cash equivalents,"Cash paid for income taxes, net"
2009-12-31,,,,135000000.0,,4760000000.0,,,2913000000.0,788000000.0,1297000000.0,,,,,3215000000.0,,438000000.0,493000000.0,215000000.0,,900000000.0,5822000000.0,1186000000.0,12370000000.0,,,482000000.0,22299000000.0,396000000.0,1317000000.0,,2320000000.0,,1341000000.0,,174000000.0,9686000000.0,1149000000.0,626000000.0,10703000000.0,22299000000.0,,,1000000.0,,,,,,,,2947000000.0,,,,,1007000000.0,1769000000.0,,17000000.0,-2781000000.0,1278000000.0,,2570000000.0,2780000000.0,
2010-03-31,,,,46000000.0,,1335000000.0,,,880000000.0,135000000.0,546000000.0,,,,,3364000000.0,,491000000.0,501000000.0,229000000.0,,723000000.0,5961000000.0,1232000000.0,12456000000.0,,,447000000.0,22645000000.0,356000000.0,1120000000.0,,2013000000.0,,1370000000.0,,156000000.0,9240000000.0,1646000000.0,743000000.0,11350000000.0,22645000000.0,,,-102000000.0,,,,,,,,715000000.0,,,,,,309000000.0,,11000000.0,-285000000.0,3000000.0,,-280000000.0,149000000.0,
2010-06-30,,,,103000000.0,,2651000000.0,,,1692000000.0,408000000.0,928000000.0,1.89,1.87,492000000.0,499000000.0,3602000000.0,,358000000.0,510000000.0,202000000.0,,702000000.0,6071000000.0,1146000000.0,12399000000.0,188000000.0,91000000.0,463000000.0,22769000000.0,366000000.0,205000000.0,,2195000000.0,,1320000000.0,51000000.0,215000000.0,9214000000.0,1979000000.0,526000000.0,11515000000.0,22769000000.0,,29000000.0,-86000000.0,74000000.0,-187000000.0,,-30000000.0,,,,1468000000.0,,,,,0.0,628000000.0,,22000000.0,-605000000.0,30000000.0,,-470000000.0,387000000.0,
2010-09-30,,,,149000000.0,,4022000000.0,,,2857000000.0,756000000.0,1465000000.0,2.98,2.94,493000000.0,502000000.0,3951000000.0,,489000000.0,526000000.0,195000000.0,,1218000000.0,7056000000.0,1278000000.0,12532000000.0,188000000.0,92000000.0,702000000.0,24376000000.0,396000000.0,203000000.0,,2798000000.0,,1432000000.0,23000000.0,169000000.0,9857000000.0,2442000000.0,768000000.0,12248000000.0,24376000000.0,,40000000.0,-52000000.0,-63000000.0,-297000000.0,,-50000000.0,,,,2322000000.0,,,,,2000000.0,972000000.0,,72000000.0,-1002000000.0,56000000.0,,-584000000.0,736000000.0,
2010-12-31,,,,216000000.0,,5373000000.0,,,3997000000.0,856000000.0,2277000000.0,4.63,4.55,492000000.0,500000000.0,4056000000.0,,582000000.0,658000000.0,72000000.0,,962000000.0,7253000000.0,1568000000.0,12907000000.0,188000000.0,91000000.0,741000000.0,25663000000.0,427000000.0,217000000.0,,2747000000.0,,1488000000.0,36000000.0,221000000.0,9947000000.0,3180000000.0,1108000000.0,13345000000.0,25663000000.0,,52000000.0,-380000000.0,-153000000.0,-501000000.0,,-87000000.0,,,,3167000000.0,,,,,4000000.0,1402000000.0,,44000000.0,-1419000000.0,60000000.0,,-915000000.0,841000000.0,1185000000.0
2011-03-31,,,,68000000.0,,1458000000.0,,,973000000.0,305000000.0,514000000.0,1.04,1.03,493000000.0,501000000.0,4533000000.0,,439000000.0,607000000.0,178000000.0,,1228000000.0,7884000000.0,1779000000.0,13074000000.0,188000000.0,154000000.0,815000000.0,26854000000.0,420000000.0,240000000.0,,3501000000.0,,1531000000.0,29000000.0,196000000.0,10233000000.0,3620000000.0,1389000000.0,14092000000.0,26854000000.0,,15000000.0,-33000000.0,119000000.0,-56000000.0,,-38000000.0,,,,989000000.0,,,,,7000000.0,402000000.0,,3000000.0,-418000000.0,3000000.0,,-117000000.0,477000000.0,278000000.0
2011-06-30,,,,154000000.0,,2980000000.0,,,1820000000.0,492000000.0,901000000.0,1.82,1.8,494000000.0,501000000.0,1855000000.0,,418000000.0,671000000.0,308000000.0,,1613000000.0,5899000000.0,1675000000.0,16663000000.0,188000000.0,151000000.0,946000000.0,28638000000.0,490000000.0,249000000.0,,3440000000.0,,2735000000.0,29000000.0,314000000.0,11645000000.0,3908000000.0,1310000000.0,14328000000.0,28638000000.0,,34000000.0,-38000000.0,121000000.0,-230000000.0,,-67000000.0,,,,1401000000.0,,,,,2291000000.0,1020000000.0,,15000000.0,-3280000000.0,8000000.0,,-380000000.0,-2201000000.0,892000000.0
2011-09-30,,,,247000000.0,,4547000000.0,,,2856000000.0,863000000.0,1394000000.0,2.82,2.78,494000000.0,504000000.0,2135000000.0,,312000000.0,720000000.0,425000000.0,,1788000000.0,6360000000.0,1254000000.0,17019000000.0,188000000.0,149000000.0,781000000.0,29139000000.0,542000000.0,245000000.0,,4475000000.0,,2592000000.0,34000000.0,328000000.0,12435000000.0,4253000000.0,462000000.0,13860000000.0,29139000000.0,,46000000.0,-106000000.0,125000000.0,-332000000.0,,-109000000.0,,,,2662000000.0,,,,,2301000000.0,1781000000.0,,9000000.0,-4028000000.0,35000000.0,,-588000000.0,-1921000000.0,1301000000.0
2011-12-31,,,,373000000.0,,8316000000.0,,,1810000000.0,713000000.0,366000000.0,0.74,0.73,494000000.0,504000000.0,1760000000.0,,300000000.0,714000000.0,-196000000.0,,1133000000.0,5388000000.0,1472000000.0,15881000000.0,188000000.0,147000000.0,857000000.0,27474000000.0,561000000.0,231000000.0,,3940000000.0,,2147000000.0,88000000.0,364000000.0,11703000000.0,3052000000.0,652000000.0,12896000000.0,27474000000.0,,58000000.0,-671000000.0,52000000.0,-495000000.0,,-51000000.0,,,,3584000000.0,,,,,2309000000.0,2787000000.0,,40000000.0,-5067000000.0,40000000.0,,-854000000.0,-2296000000.0,1526000000.0
2012-03-31,,,,102000000.0,,1628000000.0,,,1036000000.0,343000000.0,490000000.0,0.99,0.97,495000000.0,504000000.0,2612000000.0,,349000000.0,699000000.0,263000000.0,,884000000.0,6092000000.0,1479000000.0,16364000000.0,188000000.0,144000000.0,904000000.0,28961000000.0,497000000.0,256000000.0,,2571000000.0,,2100000000.0,86000000.0,397000000.0,12896000000.0,3369000000.0,658000000.0,13075000000.0,28961000000.0,,12000000.0,-55000000.0,-21000000.0,-201000000.0,,-74000000.0,,,,609000000.0,,,,,11000000.0,696000000.0,,17000000.0,-855000000.0,2000000.0,,1094000000.0,852000000.0,296000000.0
2012-06-30,,,,184000000.0,,3265000000.0,,,1593000000.0,518000000.0,769000000.0,1.55,1.53,496000000.0,502000000.0,1897000000.0,,290000000.0,803000000.0,255000000.0,,738000000.0,5272000000.0,1185000000.0,16936000000.0,188000000.0,142000000.0,1002000000.0,28660000000.0,574000000.0,231000000.0,,2367000000.0,,2056000000.0,75000000.0,403000000.0,12671000000.0,3474000000.0,361000000.0,12912000000.0,28660000000.0,,25000000.0,12000000.0,-14000000.0,-443000000.0,,-43000000.0,,,,956000000.0,,,,,22000000.0,1578000000.0,,37000000.0,-1714000000.0,15000000.0,,894000000.0,137000000.0,746000000.0
2012-09-30,,,,258000000.0,,5013000000.0,,,2310000000.0,746000000.0,1136000000.0,2.29,2.27,496000000.0,500000000.0,1549000000.0,,314000000.0,842000000.0,251000000.0,,1089000000.0,5324000000.0,1397000000.0,17472000000.0,188000000.0,139000000.0,896000000.0,29523000000.0,612000000.0,194000000.0,,2571000000.0,,2186000000.0,71000000.0,396000000.0,13007000000.0,3667000000.0,595000000.0,13355000000.0,29523000000.0,,40000000.0,25000000.0,-7000000.0,-603000000.0,,-81000000.0,,,,1530000000.0,,,,,22000000.0,2394000000.0,,48000000.0,-2451000000.0,20000000.0,,709000000.0,-211000000.0,1041000000.0
2012-12-31,,,,348000000.0,,6783000000.0,,,3114000000.0,869000000.0,1809000000.0,3.65,3.63,496000000.0,499000000.0,1561000000.0,,283000000.0,796000000.0,-245000000.0,,1661000000.0,5945000000.0,1446000000.0,18010000000.0,188000000.0,136000000.0,872000000.0,29650000000.0,657000000.0,336000000.0,,3141000000.0,,858000000.0,65000000.0,372000000.0,12702000000.0,4166000000.0,490000000.0,13773000000.0,29650000000.0,,51000000.0,15000000.0,19000000.0,-729000000.0,,-80000000.0,,,,2372000000.0,,,,,25000000.0,3210000000.0,,60000000.0,-3264000000.0,24000000.0,,689000000.0,-199000000.0,1261000000.0
2013-03-31,,,,52000000.0,,1596000000.0,,,542000000.0,181000000.0,315000000.0,0.63,0.63,497000000.0,498000000.0,1378000000.0,,212000000.0,846000000.0,297000000.0,,1309000000.0,5626000000.0,1361000000.0,18151000000.0,188000000.0,138000000.0,888000000.0,29451000000.0,590000000.0,261000000.0,,2652000000.0,,862000000.0,70000000.0,370000000.0,12326000000.0,4270000000.0,429000000.0,13894000000.0,29451000000.0,,14000000.0,-11000000.0,115000000.0,-230000000.0,,-20000000.0,,,,433000000.0,,,,,8000000.0,510000000.0,,14000000.0,-507000000.0,1000000.0,,-105000000.0,-183000000.0,
2013-06-30,,,,98000000.0,,6196000000.0,,,-2627000000.0,-325000000.0,-2019000000.0,-4.06,-4.06,497000000.0,497000000.0,1248000000.0,,257000000.0,803000000.0,215000000.0,,844000000.0,5022000000.0,485000000.0,16244000000.0,132000000.0,104000000.0,808000000.0,26476000000.0,551000000.0,169000000.0,,2198000000.0,,806000000.0,71000000.0,439000000.0,12238000000.0,2077000000.0,-71000000.0,11226000000.0,26476000000.0,,28000000.0,-519000000.0,-187000000.0,405000000.0,,-8000000.0,,,,721000000.0,,,,,13000000.0,1120000000.0,,21000000.0,-1105000000.0,2000000.0,,87000000.0,-313000000.0,
2013-09-30,,,,165000000.0,,7813000000.0,,,-1505000000.0,154000000.0,-1296000000.0,-2.61,-2.61,498000000.0,498000000.0,1475000000.0,,215000000.0,793000000.0,213000000.0,,1383000000.0,5221000000.0,540000000.0,16322000000.0,132000000.0,101000000.0,827000000.0,26799000000.0,545000000.0,213000000.0,,3258000000.0,,758000000.0,72000000.0,429000000.0,12257000000.0,2361000000.0,-56000000.0,11533000000.0,26799000000.0,,43000000.0,-570000000.0,-255000000.0,609000000.0,,52000000.0,,,,1161000000.0,,,,,13000000.0,1528000000.0,,38000000.0,-937000000.0,2000000.0,,-292000000.0,-86000000.0,
2013-12-31,,,,222000000.0,,11953000000.0,,,-3585000000.0,-813000000.0,-2462000000.0,-4.94,-4.94,498000000.0,498000000.0,1555000000.0,,230000000.0,717000000.0,1151000000.0,,1006000000.0,4874000000.0,439000000.0,14277000000.0,132000000.0,98000000.0,844000000.0,24764000000.0,478000000.0,157000000.0,,2740000000.0,,635000000.0,70000000.0,342000000.0,11700000000.0,1093000000.0,-182000000.0,10141000000.0,24764000000.0,,51000000.0,-1314000000.0,-245000000.0,777000000.0,,38000000.0,,,,1543000000.0,,,,,13000000.0,1900000000.0,,51000000.0,-1313000000.0,2000000.0,,-212000000.0,-6000000.0,361000000.0
2014-03-31,,,,42000000.0,,1574000000.0,,,143000000.0,78000000.0,100000000.0,0.2,0.2,498000000.0,499000000.0,1475000000.0,,206000000.0,814000000.0,239000000.0,,1351000000.0,5247000000.0,393000000.0,14138000000.0,132000000.0,117000000.0,881000000.0,24798000000.0,463000000.0,156000000.0,,2884000000.0,,696000000.0,71000000.0,339000000.0,11917000000.0,968000000.0,-205000000.0,10019000000.0,24798000000.0,,14000000.0,35000000.0,16000000.0,182000000.0,,50000000.0,,,,180000000.0,,,,,28000000.0,235000000.0,,9000000.0,-178000000.0,,,-80000000.0,-80000000.0,
2014-06-30,,,,84000000.0,,3156000000.0,,,235000000.0,-53000000.0,280000000.0,0.56,0.56,499000000.0,499000000.0,1653000000.0,,147000000.0,863000000.0,287000000.0,,1246000000.0,5354000000.0,347000000.0,14043000000.0,132000000.0,114000000.0,848000000.0,24976000000.0,435000000.0,135000000.0,,2252000000.0,,730000000.0,105000000.0,354000000.0,11885000000.0,1039000000.0,-242000000.0,10231000000.0,24976000000.0,,27000000.0,-92000000.0,-68000000.0,359000000.0,,47000000.0,,,,555000000.0,,,,,28000000.0,489000000.0,,11000000.0,-428000000.0,,,-27000000.0,98000000.0,
2014-09-30,,,,120000000.0,,4867000000.0,,,260000000.0,-47000000.0,493000000.0,0.99,0.99,499000000.0,500000000.0,1778000000.0,,127000000.0,846000000.0,323000000.0,,1379000000.0,5488000000.0,323000000.0,13901000000.0,105000000.0,111000000.0,891000000.0,25121000000.0,440000000.0,126000000.0,,2511000000.0,,734000000.0,77000000.0,334000000.0,12022000000.0,1239000000.0,-310000000.0,10381000000.0,25121000000.0,,42000000.0,-183000000.0,-147000000.0,493000000.0,,46000000.0,,,,879000000.0,,,,,28000000.0,766000000.0,,13000000.0,-592000000.0,,,-53000000.0,223000000.0,
2014-12-31,7292000000.0,,,161000000.0,,6582000000.0,,-204000000.0,506000000.0,133000000.0,508000000.0,1.02,1.02,499000000.0,499000000.0,2403000000.0,,186000000.0,700000000.0,1242000000.0,,881000000.0,5439000000.0,334000000.0,13650000000.0,105000000.0,109000000.0,883000000.0,24916000000.0,406000000.0,99000000.0,,2198000000.0,,656000000.0,79000000.0,395000000.0,11827000000.0,1242000000.0,-478000000.0,10274000000.0,24916000000.0,,51000000.0,-149000000.0,-86000000.0,525000000.0,,2000000.0,,,,1438000000.0,,,,,28000000.0,1110000000.0,,29000000.0,-507000000.0,,,-65000000.0,848000000.0,187000000.0
2015-03-31,,,,28000000.0,,1475000000.0,,-74000000.0,423000000.0,193000000.0,183000000.0,0.37,0.37,499000000.0,500000000.0,2598000000.0,,237000000.0,684000000.0,223000000.0,,1438000000.0,6151000000.0,272000000.0,13612000000.0,105000000.0,107000000.0,934000000.0,25602000000.0,376000000.0,94000000.0,,2834000000.0,,707000000.0,63000000.0,362000000.0,12239000000.0,1413000000.0,-492000000.0,10462000000.0,25602000000.0,,20000000.0,61000000.0,-38000000.0,60000000.0,,-85000000.0,,,,625000000.0,,,,,,284000000.0,,3000000.0,-214000000.0,,,-196000000.0,195000000.0,
2015-06-30,,,,61000000.0,,2980000000.0,,-179000000.0,721000000.0,345000000.0,255000000.0,0.51,0.51,505000000.0,506000000.0,3308000000.0,,369000000.0,,212000000.0,,909000000.0,6556000000.0,,13646000000.0,105000000.0,104000000.0,910000000.0,25961000000.0,397000000.0,1331000000.0,,2356000000.0,,759000000.0,63000000.0,333000000.0,11693000000.0,1474000000.0,-440000000.0,11271000000.0,25961000000.0,565000000.0,,130000000.0,89000000.0,179000000.0,,-78000000.0,,,,1063000000.0,,,,,,606000000.0,,6000000.0,-539000000.0,,,400000000.0,905000000.0,
2015-09-30,,,,93000000.0,,4635000000.0,,-120000000.0,1158000000.0,496000000.0,474000000.0,0.93,0.93,529000000.0,530000000.0,2964000000.0,,175000000.0,,193000000.0,,116000000.0,5195000000.0,,14335000000.0,105000000.0,102000000.0,928000000.0,25554000000.0,435000000.0,617000000.0,,1691000000.0,,763000000.0,77000000.0,315000000.0,10985000000.0,1678000000.0,-389000000.0,11544000000.0,25554000000.0,896000000.0,,212000000.0,-93000000.0,225000000.0,,-61000000.0,,,,1873000000.0,,,,,819000000.0,941000000.0,,47000000.0,-1652000000.0,,,361000000.0,561000000.0,
2015-12-31,7729000000.0,,,133000000.0,,6566000000.0,,-197000000.0,966000000.0,644000000.0,220000000.0,0.43,0.43,516000000.0,516000000.0,2782000000.0,,260000000.0,,878000000.0,,131000000.0,4983000000.0,,14303000000.0,58000000.0,94000000.0,776000000.0,25182000000.0,396000000.0,540000000.0,,1416000000.0,,840000000.0,78000000.0,310000000.0,10890000000.0,1410000000.0,-334000000.0,11350000000.0,25182000000.0,1239000000.0,,317000000.0,16000000.0,270000000.0,,-56000000.0,,,,2145000000.0,,,,,823000000.0,1401000000.0,,49000000.0,-2041000000.0,,0.0,296000000.0,379000000.0,223000000.0
2016-03-31,,,,28000000.0,,1561000000.0,,19000000.0,490000000.0,324000000.0,52000000.0,0.1,0.1,530000000.0,531000000.0,2461000000.0,,273000000.0,,,,223000000.0,4780000000.0,,14284000000.0,,,695000000.0,24553000000.0,367000000.0,485000000.0,,1458000000.0,,865000000.0,79000000.0,333000000.0,10300000000.0,1449000000.0,-386000000.0,11349000000.0,24553000000.0,322000000.0,,153000000.0,31000000.0,37000000.0,,5000000.0,,,,522000000.0,,,,,,297000000.0,,4000000.0,-111000000.0,,,-738000000.0,-321000000.0,
2016-06-30,,,,72000000.0,,3124000000.0,,-71000000.0,894000000.0,634000000.0,75000000.0,0.14,0.14,531000000.0,533000000.0,2902000000.0,,315000000.0,,,,156000000.0,5294000000.0,,14234000000.0,,,718000000.0,24703000000.0,348000000.0,479000000.0,,1360000000.0,,926000000.0,80000000.0,361000000.0,10320000000.0,1458000000.0,-341000000.0,11423000000.0,24703000000.0,636000000.0,,441000000.0,-13000000.0,120000000.0,,32000000.0,,,,1299000000.0,,,,,,591000000.0,,6000000.0,-405000000.0,,,-778000000.0,120000000.0,
2016-09-30,,,,105000000.0,,4139000000.0,,-111000000.0,672000000.0,555000000.0,-358000000.0,-0.67,-0.67,531000000.0,533000000.0,2099000000.0,23000000.0,141000000.0,,,,123000000.0,7113000000.0,,13170000000.0,,,387000000.0,24081000000.0,304000000.0,456000000.0,,2536000000.0,,563000000.0,58000000.0,356000000.0,9972000000.0,1086000000.0,-302000000.0,11102000000.0,24081000000.0,892000000.0,,456000000.0,-34000000.0,243000000.0,,63000000.0,,,,2153000000.0,,,,,,832000000.0,,21000000.0,-702000000.0,,,-1245000000.0,210000000.0,
2016-12-31,6711000000.0,,,134000000.0,,6721000000.0,,-204000000.0,-214000000.0,563000000.0,-627000000.0,-1.18,-1.18,530000000.0,532000000.0,2756000000.0,,127000000.0,,739000000.0,,142000000.0,4677000000.0,,12485000000.0,,,447000000.0,21031000000.0,320000000.0,407000000.0,,1750000000.0,,592000000.0,50000000.0,326000000.0,9157000000.0,716000000.0,-334000000.0,10721000000.0,21031000000.0,1220000000.0,,434000000.0,130000000.0,302000000.0,,83000000.0,,,,2786000000.0,,,,,6000000.0,1133000000.0,,19000000.0,-80000000.0,,0.0,-1801000000.0,906000000.0,85000000.0
2017-03-31,,,,26000000.0,,1390000000.0,,-76000000.0,193000000.0,110000000.0,46000000.0,0.09,0.09,532000000.0,533000000.0,2919000000.0,,102000000.0,,,,145000000.0,4838000000.0,,12378000000.0,,,443000000.0,20969000000.0,305000000.0,332000000.0,,1565000000.0,,,53000000.0,361000000.0,9053000000.0,735000000.0,-322000000.0,10755000000.0,20969000000.0,293000000.0,,56000000.0,-70000000.0,72000000.0,,2000000.0,-19000000.0,,,373000000.0,,,,,2000000.0,180000000.0,,-1000000.0,-160000000.0,,,-52000000.0,163000000.0,
2017-06-30,,,,58000000.0,,2896000000.0,,-109000000.0,529000000.0,277000000.0,223000000.0,0.42,0.42,533000000.0,535000000.0,3105000000.0,,158000000.0,,,,109000000.0,5098000000.0,,12262000000.0,,,450000000.0,21142000000.0,304000000.0,341000000.0,,1572000000.0,,,52000000.0,376000000.0,9102000000.0,885000000.0,-318000000.0,10928000000.0,21142000000.0,601000000.0,,76000000.0,-9000000.0,135000000.0,,,-21000000.0,,,899000000.0,,,,,,363000000.0,,-11000000.0,-446000000.0,,,-107000000.0,349000000.0,
2017-09-30,,,,99000000.0,,4453000000.0,,-155000000.0,805000000.0,349000000.0,429000000.0,0.8,0.8,533000000.0,536000000.0,2969000000.0,,131000000.0,,,,110000000.0,4808000000.0,,12173000000.0,,,479000000.0,20836000000.0,315000000.0,378000000.0,,1150000000.0,,,48000000.0,357000000.0,8605000000.0,1051000000.0,-292000000.0,11138000000.0,20836000000.0,928000000.0,,97000000.0,-77000000.0,162000000.0,,11000000.0,-8000000.0,,,1584000000.0,,,,,,557000000.0,,-9000000.0,-627000000.0,,,-748000000.0,213000000.0,
2017-12-31,,,,143000000.0,,6069000000.0,,-187000000.0,1092000000.0,1125000000.0,-98000000.0,-0.18,-0.18,533000000.0,535000000.0,3259000000.0,,124000000.0,,906000000.0,,153000000.0,5066000000.0,,12267000000.0,,,565000000.0,20563000000.0,375000000.0,459000000.0,,1395000000.0,,,47000000.0,342000000.0,8933000000.0,484000000.0,-292000000.0,10609000000.0,20563000000.0,1249000000.0,,795000000.0,-66000000.0,221000000.0,,52000000.0,18000000.0,,,2335000000.0,,,,,15000000.0,866000000.0,,-10000000.0,-961000000.0,,5000000.0,-864000000.0,516000000.0,214000000.0
2018-03-31,1817000000.0,,,34000000.0,,1502000000.0,,-32000000.0,283000000.0,105000000.0,192000000.0,0.36,0.36,534000000.0,535000000.0,3111000000.0,,211000000.0,,,,141000000.0,4938000000.0,,12311000000.0,,,564000000.0,20483000000.0,331000000.0,407000000.0,,1181000000.0,,,47000000.0,311000000.0,8928000000.0,380000000.0,-169000000.0,10575000000.0,20483000000.0,301000000.0,,10000000.0,77000000.0,89000000.0,,4000000.0,,,,263000000.0,,,,,,231000000.0,,5000000.0,-236000000.0,,,-179000000.0,-152000000.0,
2018-06-30,3479000000.0,,,70000000.0,,2949000000.0,,90000000.0,588000000.0,123000000.0,484000000.0,0.91,0.9,534000000.0,535000000.0,3127000000.0,,133000000.0,,,,142000000.0,4967000000.0,,12351000000.0,,,610000000.0,20655000000.0,360000000.0,396000000.0,,1080000000.0,,,43000000.0,284000000.0,8822000000.0,592000000.0,-162000000.0,10813000000.0,20655000000.0,580000000.0,,-19000000.0,-37000000.0,211000000.0,,17000000.0,,,,662000000.0,,,,,,489000000.0,,-2000000.0,-517000000.0,,,-231000000.0,-88000000.0,
2018-09-30,5205000000.0,,,107000000.0,,4789000000.0,,44000000.0,460000000.0,126000000.0,339000000.0,0.64,0.63,533000000.0,535000000.0,3068000000.0,,176000000.0,,,,156000000.0,4935000000.0,,12209000000.0,,,606000000.0,20559000000.0,293000000.0,420000000.0,,1051000000.0,,,45000000.0,348000000.0,8936000000.0,361000000.0,-150000000.0,10597000000.0,20559000000.0,879000000.0,,-100000000.0,18000000.0,274000000.0,,23000000.0,-78000000.0,,,1087000000.0,,,,,,763000000.0,,5000000.0,-884000000.0,,,-346000000.0,-147000000.0,
2018-12-31,7253000000.0,,,153000000.0,,6463000000.0,,-52000000.0,738000000.0,386000000.0,341000000.0,0.64,0.64,533000000.0,535000000.0,3397000000.0,,254000000.0,,698000000.0,,159000000.0,5277000000.0,,12258000000.0,,,642000000.0,20715000000.0,303000000.0,455000000.0,,1787000000.0,,,17000000.0,314000000.0,9203000000.0,383000000.0,-284000000.0,10502000000.0,20715000000.0,1215000000.0,,150000000.0,109000000.0,250000000.0,,49000000.0,,,,1827000000.0,,,,,,1032000000.0,,8000000.0,-1177000000.0,,3000000.0,-455000000.0,191000000.0,429000000.0
2019-03-31,1803000000.0,,,27000000.0,,1515000000.0,,-13000000.0,275000000.0,125000000.0,87000000.0,0.16,0.16,534000000.0,534000000.0,3545000000.0,,209000000.0,,,,134000000.0,5397000000.0,,12264000000.0,,,670000000.0,20880000000.0,287000000.0,517000000.0,,1815000000.0,,,12000000.0,330000000.0,9361000000.0,385000000.0,-269000000.0,10499000000.0,20880000000.0,312000000.0,,21000000.0,-51000000.0,50000000.0,,-18000000.0,-18000000.0,,,571000000.0,,,,,,225000000.0,,-3000000.0,-275000000.0,,,-143000000.0,150000000.0,
2019-06-30,4060000000.0,,,59000000.0,,3760000000.0,,8000000.0,295000000.0,145000000.0,62000000.0,0.1,0.1,766000000.0,768000000.0,1827000000.0,,330000000.0,,,,538000000.0,4638000000.0,,23377000000.0,2156000000.0,75000000.0,743000000.0,36987000000.0,460000000.0,899000000.0,,2538000000.0,,,373000000.0,985000000.0,16614000000.0,-25000000.0,-257000000.0,19354000000.0,36987000000.0,799000000.0,,-13000000.0,94000000.0,57000000.0,,-59000000.0,-80000000.0,,,870000000.0,,,,,,605000000.0,,-26000000.0,-379000000.0,,,-2036000000.0,-1547000000.0,
2019-09-30,6773000000.0,,,102000000.0,,6015000000.0,,2320000000.0,3073000000.0,703000000.0,2240000000.0,3.16,3.16,820000000.0,822000000.0,2712000000.0,,383000000.0,,,,584000000.0,5698000000.0,,26197000000.0,3078000000.0,62000000.0,534000000.0,40763000000.0,532000000.0,868000000.0,,2611000000.0,,,372000000.0,1000000000.0,18279000000.0,2036000000.0,-265000000.0,21430000000.0,40763000000.0,1347000000.0,,422000000.0,217000000.0,90000000.0,,-45000000.0,-3000000.0,,,1661000000.0,,,,,,1033000000.0,,-12000000.0,-817000000.0,,,-1506000000.0,-666000000.0,
2019-12-31,9740000000.0,,,150000000.0,,8463000000.0,,2416000000.0,3693000000.0,832000000.0,2805000000.0,3.82,3.81,735000000.0,737000000.0,2243000000.0,,373000000.0,,1432000000.0,,570000000.0,6272000000.0,,25276000000.0,2674000000.0,,520000000.0,39974000000.0,539000000.0,880000000.0,,2385000000.0,,,445000000.0,1061000000.0,17557000000.0,2291000000.0,-265000000.0,21420000000.0,39974000000.0,1960000000.0,,334000000.0,193000000.0,132000000.0,,-29000000.0,144000000.0,,,2866000000.0,,,,,-127000000.0,1463000000.0,,7000000.0,-1226000000.0,,3000000.0,-2777000000.0,-1140000000.0,437000000.0
2020-03-31,2581000000.0,,,27000000.0,,2124000000.0,,322000000.0,779000000.0,-23000000.0,822000000.0,1.02,1.02,807000000.0,809000000.0,3709000000.0,,220000000.0,,,,494000000.0,6455000000.0,,24952000000.0,2763000000.0,,603000000.0,39699000000.0,509000000.0,843000000.0,,1952000000.0,,,422000000.0,1111000000.0,16919000000.0,2846000000.0,-252000000.0,21806000000.0,39699000000.0,565000000.0,,-118000000.0,-300000000.0,87000000.0,,-5000000.0,-53000000.0,,,936000000.0,,,,,,328000000.0,,-35000000.0,1123000000.0,,,-586000000.0,1469000000.0,
2020-06-30,4946000000.0,,,53000000.0,,4058000000.0,,441000000.0,1329000000.0,164000000.0,1166000000.0,1.45,1.45,805000000.0,806000000.0,3808000000.0,,255000000.0,,,,514000000.0,6684000000.0,,24676000000.0,2771000000.0,,596000000.0,39885000000.0,473000000.0,763000000.0,,2378000000.0,,,449000000.0,1195000000.0,16914000000.0,2989000000.0,-247000000.0,22004000000.0,39885000000.0,1093000000.0,,-144000000.0,-190000000.0,121000000.0,,22000000.0,-54000000.0,,,1600000000.0,,,,,0.0,608000000.0,,-32000000.0,839000000.0,,,-877000000.0,1562000000.0,
2020-09-30,8116000000.0,,,92000000.0,,6230000000.0,,323000000.0,2209000000.0,446000000.0,2005000000.0,2.49,2.49,804000000.0,806000000.0,4828000000.0,,324000000.0,,,,407000000.0,7660000000.0,,24333000000.0,2771000000.0,,562000000.0,40551000000.0,418000000.0,974000000.0,,2703000000.0,,,435000000.0,752000000.0,16931000000.0,3623000000.0,-245000000.0,22661000000.0,40551000000.0,1685000000.0,,-72000000.0,-203000000.0,146000000.0,,-19000000.0,-94000000.0,,,3196000000.0,,,,,0.0,904000000.0,,-29000000.0,502000000.0,,,-1119000000.0,2583000000.0,
2020-12-31,11497000000.0,,,122000000.0,,8691000000.0,,337000000.0,3143000000.0,704000000.0,2829000000.0,3.52,3.51,804000000.0,806000000.0,5540000000.0,,449000000.0,,1445000000.0,,436000000.0,8505000000.0,,,2771000000.0,,573000000.0,41369000000.0,493000000.0,1182000000.0,,3369000000.0,,,,699000000.0,17490000000.0,4002000000.0,-216000000.0,23008000000.0,41369000000.0,2300000000.0,,-222000000.0,-29000000.0,139000000.0,,-34000000.0,-50000000.0,,,4882000000.0,,,,,0.0,1302000000.0,,-44000000.0,91000000.0,,1000000.0,-1680000000.0,3299000000.0,400000000.0
2021-03-31,2872000000.0,,,31000000.0,,2016000000.0,,-113000000.0,743000000.0,235000000.0,559000000.0,0.7,0.7,801000000.0,802000000.0,5518000000.0,,263000000.0,,,,482000000.0,8364000000.0,,24081000000.0,2771000000.0,,604000000.0,41063000000.0,446000000.0,1167000000.0,,3480000000.0,,,381000000.0,686000000.0,17071000000.0,4120000000.0,-205000000.0,23127000000.0,41063000000.0,553000000.0,,-25000000.0,-228000000.0,97000000.0,,38000000.0,-86000000.0,,,841000000.0,,,,,,399000000.0,,1000000.0,-350000000.0,,,-511000000.0,-22000000.0,
2021-06-30,5937000000.0,,,68000000.0,,4120000000.0,,-131000000.0,1686000000.0,576000000.0,1209000000.0,1.51,1.51,801000000.0,803000000.0,4583000000.0,,341000000.0,,,,402000000.0,7445000000.0,,24500000000.0,2771000000.0,,612000000.0,40677000000.0,503000000.0,1054000000.0,,2787000000.0,,,397000000.0,696000000.0,16583000000.0,4242000000.0,-198000000.0,23239000000.0,40677000000.0,1114000000.0,,14000000.0,46000000.0,169000000.0,,-108000000.0,-39000000.0,,,1836000000.0,,,,,328000000.0,814000000.0,,0.0,-1127000000.0,,,-1666000000.0,-957000000.0,
2021-09-30,8832000000.0,,,108000000.0,,6949000000.0,,-268000000.0,1615000000.0,798000000.0,1212000000.0,1.52,1.51,800000000.0,802000000.0,4636000000.0,,334000000.0,,,,406000000.0,7472000000.0,,23711000000.0,2771000000.0,,634000000.0,39865000000.0,498000000.0,1053000000.0,,2799000000.0,,,380000000.0,661000000.0,16579000000.0,3739000000.0,-190000000.0,22712000000.0,39865000000.0,1684000000.0,,-10000000.0,-216000000.0,218000000.0,,189000000.0,-32000000.0,,,2980000000.0,,,,,328000000.0,1212000000.0,,-26000000.0,-1517000000.0,,,-2363000000.0,-903000000.0,
2021-12-31,12222000000.0,,,154000000.0,,10965000000.0,,-149000000.0,1108000000.0,1098000000.0,1166000000.0,1.46,1.46,799000000.0,801000000.0,4992000000.0,,337000000.0,,1375000000.0,,498000000.0,7696000000.0,,,2771000000.0,,686000000.0,40564000000.0,518000000.0,1173000000.0,,2654000000.0,,,,608000000.0,18703000000.0,3098000000.0,-133000000.0,22022000000.0,40564000000.0,2323000000.0,,-109000000.0,-142000000.0,136000000.0,,-36000000.0,-11000000.0,,,4279000000.0,,,,,328000000.0,1653000000.0,,-26000000.0,-1868000000.0,,,-2958000000.0,-555000000.0,1534000000.0
2022-03-31,3023000000.0,,,44000000.0,,2224000000.0,,-171000000.0,628000000.0,214000000.0,448000000.0,0.56,0.56,793000000.0,794000000.0,4272000000.0,,413000000.0,,,,546000000.0,7059000000.0,,24070000000.0,2771000000.0,,661000000.0,39913000000.0,491000000.0,1183000000.0,,2417000000.0,,,316000000.0,599000000.0,18282000000.0,3107000000.0,-12000000.0,21449000000.0,39913000000.0,547000000.0,,-41000000.0,21000000.0,44000000.0,,3000000.0,-46000000.0,,,694000000.0,,,,,,437000000.0,,3000000.0,-519000000.0,,,-895000000.0,-717000000.0,
2022-06-30,6081000000.0,,,89000000.0,,4742000000.0,,-303000000.0,1036000000.0,247000000.0,835000000.0,1.05,1.05,794000000.0,795000000.0,4307000000.0,,364000000.0,,,,511000000.0,6907000000.0,,24131000000.0,2771000000.0,,681000000.0,39690000000.0,583000000.0,1121000000.0,,2451000000.0,,,217000000.0,506000000.0,18091000000.0,3056000000.0,-11000000.0,21421000000.0,39690000000.0,1106000000.0,,-111000000.0,-45000000.0,47000000.0,,72000000.0,55000000.0,,,1737000000.0,,,,,15000000.0,956000000.0,,-1000000.0,-1034000000.0,,,-1417000000.0,-723000000.0,
2022-09-30,8715000000.0,,,169000000.0,,7081000000.0,,-302000000.0,1332000000.0,343000000.0,1048000000.0,1.32,1.32,794000000.0,795000000.0,3058000000.0,,289000000.0,,,,524000000.0,6320000000.0,,24150000000.0,2771000000.0,,657000000.0,39143000000.0,570000000.0,1149000000.0,,2324000000.0,,,216000000.0,483000000.0,17743000000.0,2831000000.0,-7000000.0,21219000000.0,39143000000.0,1614000000.0,,-145000000.0,-133000000.0,148000000.0,,176000000.0,52000000.0,,,2210000000.0,,,,,15000000.0,1485000000.0,,4000000.0,-2257000000.0,,,-1877000000.0,-1953000000.0,
2022-12-31,11915000000.0,,,229000000.0,,11712000000.0,,-254000000.0,-51000000.0,455000000.0,-429000000.0,-0.54,-0.54,794000000.0,795000000.0,2877000000.0,,366000000.0,,1311000000.0,,639000000.0,6515000000.0,,,1971000000.0,,756000000.0,38482000000.0,633000000.0,1599000000.0,,2926000000.0,,,,430000000.0,18949000000.0,916000000.0,29000000.0,19354000000.0,38482000000.0,2185000000.0,,-278000000.0,-5000000.0,161000000.0,,84000000.0,102000000.0,,,3220000000.0,,,,,15000000.0,2131000000.0,,45000000.0,-2983000000.0,,,-2356000000.0,-2149000000.0,1122000000.0
2023-03-31,2679000000.0,,,35000000.0,,2174000000.0,,34000000.0,539000000.0,213000000.0,351000000.0,0.44,0.44,794000000.0,795000000.0,2657000000.0,,348000000.0,,,,735000000.0,6559000000.0,,24097000000.0,1971000000.0,,670000000.0,38374000000.0,648000000.0,1493000000.0,,2752000000.0,,,217000000.0,437000000.0,18815000000.0,948000000.0,23000000.0,19377000000.0,38374000000.0,461000000.0,,15000000.0,25000000.0,171000000.0,,-19000000.0,19000000.0,,,481000000.0,,,,,,526000000.0,,-12000000.0,-342000000.0,,,-350000000.0,-219000000.0,
2023-06-30,5362000000.0,,,79000000.0,,4491000000.0,,-66000000.0,839000000.0,376000000.0,506000000.0,0.64,0.64,795000000.0,795000000.0,2829000000.0,,185000000.0,,,,742000000.0,6134000000.0,,24284000000.0,1971000000.0,,669000000.0,38133000000.0,565000000.0,1564000000.0,,2693000000.0,,,220000000.0,426000000.0,18718000000.0,785000000.0,13000000.0,19225000000.0,38133000000.0,947000000.0,,21000000.0,-175000000.0,261000000.0,,-15000000.0,-84000000.0,,,1144000000.0,,,,,,1142000000.0,,-23000000.0,-500000000.0,,,-684000000.0,-44000000.0,
2023-09-30,7855000000.0,,,132000000.0,,6746000000.0,,-38000000.0,1071000000.0,449000000.0,664000000.0,0.84,0.84,795000000.0,796000000.0,3190000000.0,,78000000.0,,,,707000000.0,5955000000.0,,24474000000.0,1971000000.0,,673000000.0,38084000000.0,651000000.0,1575000000.0,,2808000000.0,,,224000000.0,429000000.0,18824000000.0,623000000.0,8000000.0,19074000000.0,38084000000.0,1427000000.0,,-3000000.0,-291000000.0,263000000.0,,-45000000.0,11000000.0,,,2147000000.0,,,,,,1746000000.0,,-24000000.0,-753000000.0,,,-1065000000.0,320000000.0,
2023-12-31,11812000000.0,,,200000000.0,,13512000000.0,,-331000000.0,-2031000000.0,526000000.0,-2494000000.0,-2.97,-2.97,841000000.0,841000000.0,3002000000.0,,734000000.0,,2658000000.0,,420000000.0,7512000000.0,,,3001000000.0,,640000000.0,55506000000.0,960000000.0,2362000000.0,,5998000000.0,,,,316000000.0,26301000000.0,-2996000000.0,14000000.0,29027000000.0,55506000000.0,2108000000.0,,-104000000.0,240000000.0,187000000.0,,-50000000.0,-42000000.0,,,2763000000.0,,,,,-668000000.0,2666000000.0,,-22000000.0,-1002000000.0,,,-1603000000.0,156000000.0,794000000.0
2024-03-31,4023000000.0,,,53000000.0,,3623000000.0,,28000000.0,428000000.0,260000000.0,170000000.0,0.15,0.15,1153000000.0,1153000000.0,2336000000.0,,782000000.0,,,,765000000.0,11806000000.0,,33564000000.0,2792000000.0,,576000000.0,55335000000.0,698000000.0,1784000000.0,,5482000000.0,,,175000000.0,300000000.0,26260000000.0,-3111000000.0,-16000000.0,28890000000.0,55335000000.0,654000000.0,,53000000.0,84000000.0,193000000.0,,7000000.0,-91000000.0,,,776000000.0,,,,,,850000000.0,,-30000000.0,-798000000.0,,,-299000000.0,-324000000.0,
2024-06-30,8425000000.0,,,102000000.0,,6986000000.0,,25000000.0,1464000000.0,451000000.0,1023000000.0,0.89,0.89,1153000000.0,1155000000.0,2602000000.0,,955000000.0,,,,874000000.0,12070000000.0,,33655000000.0,2792000000.0,,564000000.0,55678000000.0,683000000.0,1819000000.0,,5732000000.0,,,123000000.0,247000000.0,26115000000.0,-2585000000.0,-7000000.0,29379000000.0,55678000000.0,1256000000.0,,-42000000.0,224000000.0,378000000.0,,-56000000.0,-123000000.0,,,2204000000.0,,,,,,1650000000.0,,-44000000.0,-1439000000.0,,,-957000000.0,-206000000.0,
2024-09-30,13030000000.0,,,149000000.0,,10463000000.0,,-69000000.0,2523000000.0,695000000.0,1945000000.0,1.69,1.69,1151000000.0,1152000000.0,3016000000.0,,974000000.0,,,,753000000.0,12577000000.0,,33697000000.0,2721000000.0,,526000000.0,56175000000.0,772000000.0,2081000000.0,,6408000000.0,,,121000000.0,238000000.0,26279000000.0,-2101000000.0,21000000.0,29712000000.0,56175000000.0,1887000000.0,,-35000000.0,307000000.0,580000000.0,,-63000000.0,-54000000.0,,,3852000000.0,,,,,,2527000000.0,,-42000000.0,-2001000000.0,,,-1746000000.0,-50000000.0,
