Date,Net sales,Cost of sales,Gross margin,Research and development,"Selling, general and administrative",Total operating expenses,Operating income,"Other income/(expense), net",Income before provision for income taxes,Provision for income taxes,Net income,Earnings per share basic,Earnings per share diluted,Weighted-average basic,Weighted-average diluted,Cash and cash equivalents,Short-term marketable securities,"Accounts receivable, net",Inventories,Deferred tax assets,Vendor non-trade receivables,Other current assets,Total current assets,Long-term marketable securities,"Property, Plant and Equipment, Net",Goodwill,"Acquired intangible assets, net","Other Assets, Noncurrent",Total assets,accounts payable,Accrued expenses,Deferred revenue,Total current liabilities,Deferred revenue - non-current,deferred tax liabilities,long term taxes payable,Total other non-current liabilities,Total liabilities,Retained Earnings (Accumulated Deficit),Accumulated other comprehensive (loss)/income,Total shareholders equity,Total liabilities and shareholders' equity,"Depreciation, amortization and accretion",Stock-based compensation expense,Deferred income tax expense,"Increase (Decrease) in Accounts receivable, net",Increase (Decrease) in Inventories,Increase (Decrease) in Other Receivables,Increase (Decrease) in Other Operating Assets,Increase (Decrease) in Accounts Payable,Increase (Decrease) in Deferred Revenue,Increase (Decrease) Other liabilities,Cash generated by operating activities,Purchases of marketable securities,Proceeds from maturities of marketable securities,Proceeds from sales of marketable securities,Purchases of other long-term investments,"Business acquisitions, net of cash acquired",Cash payments for capital asset purchases,Payments for acquisition of intangible assets,Payments for (Proceeds from) Other Investing Activities,Cash used in investing activities,Proceeds from issuance of common stock,Excess tax benefits from stock-based compensation,Cash generated/used in financing activities,Increase/(decrease) in cash and cash equivalents,"Cash paid for income taxes, net"
2009-12-31,1670269000.0,1079271000.0,590998000.0,114542000.0,,399059000.0,191939000.0,,192192000.0,76332000.0,115860000.0,2.05,1.98,56560000.0,58416000.0,134224000.0,186018000.0,,,,,23818000.0,411013000.0,,131653000.0,,,12300000.0,679734000.0,91475000.0,33387000.0,100097000.0,226369000.0,,,,17650000.0,480591000.0,198817000.0,,199143000.0,679734000.0,,12618000.0,6328000.0,,,,,-2256000.0,16970000.0,,325063000.0,228000000.0,35673000.0,166706000.0,0.0,,45932000.0,200000.0,,-246079000.0,35274000.0,12683000.0,-84641000.0,-5657000.0,
2010-03-31,493665000.0,307162000.0,186503000.0,37399000.0,,128158000.0,58345000.0,,54358000.0,22086000.0,32272000.0,0.61,0.59,52911000.0,54775000.0,79861000.0,186469000.0,,,,,,379538000.0,,127165000.0,,,13368000.0,648293000.0,102703000.0,38718000.0,100109000.0,243447000.0,,,,22407000.0,501558000.0,146196000.0,,146735000.0,648293000.0,,5502000.0,-2761000.0,,,,,16878000.0,12000.0,,75412000.0,34202000.0,4013000.0,30770000.0,,,6393000.0,130000.0,,-39032000.0,9918000.0,7424000.0,-90743000.0,-54363000.0,
2010-06-30,1013484000.0,622096000.0,391388000.0,75262000.0,,255701000.0,135687000.0,,127728000.0,51937000.0,75791000.0,1.44,1.39,52697000.0,54548000.0,107327000.0,171758000.0,,,,,35173000.0,441218000.0,,123292000.0,,,12845000.0,693972000.0,120031000.0,34746000.0,101419000.0,258167000.0,,,,23980000.0,517332000.0,175786000.0,,176640000.0,693972000.0,,12430000.0,-6155000.0,,,,9211000.0,36141000.0,1322000.0,,137457000.0,57790000.0,8323000.0,62825000.0,,,12064000.0,130000.0,,-52292000.0,23027000.0,18606000.0,-112062000.0,27466000.0,
2010-09-30,1566703000.0,966565000.0,600138000.0,117370000.0,,394950000.0,205188000.0,,193137000.0,79379000.0,113758000.0,2.17,2.09,52510000.0,54341000.0,113108000.0,143705000.0,,,,,37723000.0,492247000.0,,125057000.0,,,13713000.0,770283000.0,170120000.0,36974000.0,102986000.0,312107000.0,,,,31542000.0,578308000.0,190644000.0,,191975000.0,770283000.0,,19726000.0,3194000.0,,,,12037000.0,78738000.0,2889000.0,,179684000.0,73169000.0,10318000.0,105063000.0,,,19406000.0,,,-57898000.0,33954000.0,34699000.0,-142902000.0,-21116000.0,
2010-12-31,2162625000.0,1357355000.0,805270000.0,163329000.0,,521629000.0,283641000.0,,267696000.0,106843000.0,160853000.0,3.06,2.96,52529000.0,54304000.0,194499000.0,155888000.0,,,,,47357000.0,640967000.0,,128570000.0,,,14090000.0,982067000.0,222824000.0,36489000.0,127183000.0,388579000.0,,,,69201000.0,691903000.0,237739000.0,,290164000.0,982067000.0,,27996000.0,-962000.0,,,,21763000.0,139983000.0,27086000.0,,276401000.0,107362000.0,15818000.0,120857000.0,,,33837000.0,505000.0,,-116081000.0,49776000.0,62214000.0,-100045000.0,60275000.0,
2011-03-31,718553000.0,438151000.0,280402000.0,50905000.0,,178162000.0,102240000.0,,98240000.0,38007000.0,60233000.0,1.14,1.11,52759000.0,54246000.0,150419000.0,192302000.0,,,,,38351000.0,721602000.0,,134800000.0,,,13780000.0,1090188000.0,301009000.0,44123000.0,143045000.0,490318000.0,,,,90584000.0,814466000.0,275080000.0,,275722000.0,1090188000.0,,12264000.0,-4982000.0,,,,-9084000.0,77963000.0,15862000.0,,116323000.0,52266000.0,650000.0,14961000.0,,,16320000.0,,,-73675000.0,6762000.0,15654000.0,-86728000.0,-44080000.0,
2011-06-30,1507163000.0,928129000.0,579034000.0,108770000.0,,1127371000.0,217354000.0,-8290000.0,209064000.0,80617000.0,128447000.0,2.44,2.37,52614000.0,54077000.0,175207000.0,201200000.0,,,,,33792000.0,969444000.0,,136948000.0,,,13172000.0,1570693000.0,533436000.0,44137000.0,146937000.0,726709000.0,,,,276964000.0,1236659000.0,333097000.0,,334034000.0,1570693000.0,,27800000.0,-8909000.0,,,,-13744000.0,10370000.0,19754000.0,,202715000.0,92863000.0,16635000.0,31471000.0,,,24946000.0,,-2263000.0,-108624000.0,14180000.0,33522000.0,-113383000.0,24788000.0,
2011-09-30,2329002000.0,1464746000.0,864256000.0,178250000.0,,550060000.0,314196000.0,-11509000.0,302687000.0,111780000.0,190907000.0,3.63,3.53,52599000.0,54008000.0,159199000.0,206573000.0,,,,,41797000.0,1190113000.0,,143993000.0,,,28499000.0,1961558000.0,750107000.0,54671000.0,160929000.0,967966000.0,,,,372840000.0,1573206000.0,387711000.0,,388352000.0,1961558000.0,,43505000.0,-14190000.0,,,,8578000.0,-5422000.0,33746000.0,,252246000.0,100536000.0,18440000.0,31508000.0,,,39026000.0,,-1419000.0,-150205000.0,18589000.0,45283000.0,-137341000.0,-35300000.0,
2011-12-31,3204577000.0,2039901000.0,1164676000.0,259033000.0,,788608000.0,376068000.0,,359522000.0,133396000.0,226126000.0,4.28,4.16,52847000.0,54369000.0,508053000.0,289758000.0,,,38328000.0,,57330000.0,1830857000.0,,136353000.0,,,55052000.0,3069196000.0,87860000.0,63693000.0,148796000.0,1225055000.0,,,,61703000.0,2426386000.0,422930000.0,706000.0,642810000.0,3069196000.0,,61582000.0,-18597000.0,,,,4775000.0,24314000.0,21613000.0,,317712000.0,223750000.0,38105000.0,50993000.0,,,49682000.0,,-3674000.0,-265814000.0,199947000.0,45784000.0,261656000.0,313554000.0,
2012-03-31,869791000.0,623933000.0,245858000.0,82801000.0,,247793000.0,-1935000.0,-5090000.0,-7025000.0,-2441000.0,-4584000.0,-0.08,-0.08,55456000.0,55456000.0,395992000.0,408534000.0,,,9800000.0,,45759000.0,2058741000.0,,128197000.0,,,67247000.0,3480459000.0,83119000.0,49106000.0,150602000.0,1446666000.0,,,,62203000.0,2817057000.0,418346000.0,1577000.0,663402000.0,3480459000.0,,19332000.0,-10843000.0,,,,-11741000.0,-1756000.0,1806000.0,,19109000.0,299467000.0,8275000.0,172335000.0,,,4766000.0,,-1334000.0,-135817000.0,1224000.0,3755000.0,4032000.0,-112061000.0,
2012-06-30,1758954000.0,1267361000.0,491593000.0,164348000.0,,477374000.0,16154000.0,-10589000.0,10655000.0,4491000.0,6164000.0,0.11,0.11,55526000.0,58878000.0,402251000.0,411092000.0,,,9000000.0,,52294000.0,2137785000.0,,124644000.0,,,68056000.0,3478290000.0,90961000.0,50884000.0,152790000.0,1498844000.0,,,,62057000.0,2790064000.0,424510000.0,961000.0,688226000.0,3478290000.0,,37782000.0,-10843000.0,,,,8077000.0,-1155000.0,3994000.0,,38801000.0,362770000.0,20990000.0,220508000.0,,,8410000.0,,-4466000.0,-146756000.0,1748000.0,4062000.0,3915000.0,-105802000.0,
2012-09-30,2664043000.0,1929999000.0,734044000.0,246869000.0,,703690000.0,30354000.0,-14778000.0,15576000.0,6321000.0,9255000.0,0.17,0.16,55541000.0,58829000.0,370298000.0,428057000.0,,,8400000.0,,57742000.0,2225018000.0,,133603000.0,,,83646000.0,3808833000.0,91511000.0,70681000.0,155146000.0,1598223000.0,,,,62791000.0,3091993000.0,432185000.0,3006000.0,716840000.0,3808833000.0,,56254000.0,-26449000.0,,,,3476000.0,-7807000.0,6350000.0,,38951000.0,430549000.0,23685000.0,272680000.0,,,22293000.0,,-6323000.0,-180280000.0,2066000.0,4173000.0,3757000.0,-137755000.0,
2012-12-31,3609282000.0,2625866000.0,,329008000.0,,,49992000.0,-19512000.0,30480000.0,13328000.0,17152000.0,0.31,0.29,55521000.0,58904000.0,290291000.0,457787000.0,,,67862000.0,,64622000.0,2240791000.0,,131681000.0,,,89410000.0,3967890000.0,86468000.0,53139000.0,169472000.0,1675926000.0,,,,70669000.0,3223217000.0,440082000.0,2919000.0,744673000.0,3967890000.0,,73948000.0,-30071000.0,,,,1510000.0,-3764000.0,20676000.0,,22765000.0,477321000.0,29365000.0,282953000.0,,,41457000.0,,-8816000.0,-245919000.0,-464000.0,4543000.0,5589000.0,-217762000.0,
2013-03-31,1023961000.0,726863000.0,167923000.0,91975000.0,,,31822000.0,-30892000.0,930000.0,-1759000.0,2689000.0,0.05,0.05,55972000.0,60146000.0,418051000.0,607821000.0,,,,,82469000.0,2557100000.0,,129319000.0,,,100196000.0,4363289000.0,102822000.0,52004000.0,178878000.0,1688714000.0,,,,78229000.0,3550370000.0,442771000.0,291000.0,812919000.0,4363289000.0,,17746000.0,-6748000.0,,,,8402000.0,17104000.0,9406000.0,,-12165000.0,235623000.0,4420000.0,81228000.0,,,12203000.0,,-4050000.0,-179321000.0,,11615000.0,321582000.0,127760000.0,
2013-06-30,2093333000.0,1480388000.0,362010000.0,185101000.0,,,88939000.0,-2940000.0,47579000.0,17178000.0,32160000.0,0.56,0.53,58192000.0,60590000.0,370678000.0,709432000.0,,,11600000.0,,94539000.0,2570322000.0,,127931000.0,,,100296000.0,4480751000.0,103441000.0,59035000.0,186571000.0,1670264000.0,,,,80616000.0,3375129000.0,472242000.0,-1664000.0,1105622000.0,4480751000.0,24077000.0,35701000.0,-8788000.0,,,,,11881000.0,17099000.0,,33943000.0,381673000.0,9830000.0,115207000.0,,,20206000.0,,-5137000.0,-306921000.0,,31983000.0,370541000.0,80387000.0,
2013-09-30,3199332000.0,2271407000.0,,280641000.0,,,146059000.0,-2156000.0,97070000.0,33088000.0,63982000.0,1.11,1.06,59108000.0,60990000.0,439056000.0,695931000.0,,,11400000.0,,106255000.0,2849278000.0,,127263000.0,,,116397000.0,4901325000.0,100899000.0,46433000.0,195823000.0,1935136000.0,,,,82764000.0,3696955000.0,504064000.0,1570000.0,1204370000.0,4901325000.0,35529000.0,54178000.0,-11212000.0,,,,,6004000.0,26351000.0,,56386000.0,497789000.0,58720000.0,196392000.0,,,31034000.0,,-3808000.0,-320590000.0,,52475000.0,416336000.0,148765000.0,
2013-12-31,4374562000.0,3083256000.0,,378769000.0,,,228347000.0,-3002000.0,171074000.0,58671000.0,112403000.0,1.93,1.85,58198000.0,60761000.0,604965000.0,595440000.0,,,90603000.0,,151937000.0,3058763000.0,,133605000.0,,,129124000.0,5412563000.0,108435000.0,54018000.0,215767000.0,2154203000.0,,,,79209000.0,4079002000.0,552485000.0,3575000.0,1333561000.0,5412563000.0,48374000.0,73100000.0,-22044000.0,,,,,18374000.0,46295000.0,,97831000.0,550264000.0,60925000.0,347502000.0,,,54143000.0,,-5939000.0,-255968000.0,124557000.0,81663000.0,476264000.0,314674000.0,
2014-03-31,1270089000.0,869186000.0,,110310000.0,,,97595000.0,1401000.0,88944000.0,35829000.0,53115000.0,0.89,0.86,59817000.0,61548000.0,1157450000.0,510793000.0,,,19900000.0,,147131000.0,3586784000.0,,133473000.0,,,148375000.0,6048106000.0,133883000.0,54858000.0,230015000.0,2263653000.0,,,,84216000.0,4569748000.0,605600000.0,4503000.0,1478358000.0,6048106000.0,12382000.0,25825000.0,-13103000.0,,,,,22812000.0,14248000.0,,36359000.0,60546000.0,3090000.0,143048000.0,,,13334000.0,,-295000.0,57639000.0,,32732000.0,458186000.0,552485000.0,
2014-06-30,2610496000.0,1784034000.0,,225492000.0,,,227195000.0,2501000.0,206316000.0,82183000.0,124133000.0,2.07,2.02,59996000.0,61634000.0,1214244000.0,500121000.0,,,19000000.0,,167674000.0,3668380000.0,,141715000.0,,,166931000.0,6325822000.0,137226000.0,98548000.0,241330000.0,2335124000.0,,,,90223000.0,4716117000.0,676618000.0,6502000.0,1609705000.0,6325822000.0,25359000.0,55110000.0,-29672000.0,,,,,19726000.0,25563000.0,,92383000.0,231454000.0,95104000.0,232710000.0,,,33203000.0,,-1424000.0,-28953000.0,,47360000.0,486659000.0,609279000.0,
2014-09-30,4019928000.0,2738428000.0,,346445000.0,,,337602000.0,3117000.0,303853000.0,120425000.0,183428000.0,3.06,2.97,60171000.0,61820000.0,1183217000.0,483602000.0,,,14900000.0,,149682000.0,3823482000.0,,144147000.0,,,178818000.0,6778329000.0,150374000.0,70559000.0,252956000.0,2548655000.0,,,,94397000.0,5053455000.0,735913000.0,1645000.0,1724874000.0,6778329000.0,39716000.0,84988000.0,-37564000.0,,,,,32729000.0,37189000.0,,54944000.0,355337000.0,127229000.0,340278000.0,,,54235000.0,,-1765000.0,-20411000.0,,68420000.0,517321000.0,578252000.0,
2014-12-31,5504656000.0,3752760000.0,,472321000.0,,,402648000.0,-3060000.0,349369000.0,82570000.0,266799000.0,4.44,4.32,60078000.0,61699000.0,1113608000.0,494888000.0,,,120340000.0,,206271000.0,3940469000.0,,149875000.0,,,192981000.0,7056651000.0,201581000.0,69746000.0,274586000.0,2663154000.0,,,,59957000.0,5198943000.0,819284000.0,-4446000.0,1857708000.0,7056651000.0,54028000.0,115239000.0,-30063000.0,,,,,83812000.0,58819000.0,,16483000.0,,141950000.0,385300000.0,,,69726000.0,,-1334000.0,-42866000.0,60544000.0,89341000.0,541712000.0,508643000.0,
2015-03-31,1573129000.0,1046401000.0,,143106000.0,,,97456000.0,-32293000.0,38426000.0,14730000.0,23696000.0,0.39,0.38,60518000.0,61973000.0,2454777000.0,502931000.0,,,14000000.0,,210901000.0,5539056000.0,,145816000.0,,,243401000.0,9240626000.0,190567000.0,107323000.0,285340000.0,3008849000.0,,,,60772000.0,7331412000.0,842980000.0,-43154000.0,1909214000.0,9240626000.0,15167000.0,27441000.0,-37042000.0,,,,,-10625000.0,10754000.0,,-127382000.0,90940000.0,31887000.0,51948000.0,,,13036000.0,,-225000.0,-42822000.0,,29001000.0,1522434000.0,1341169000.0,
2015-06-30,3217823000.0,2168153000.0,,298167000.0,,,172291000.0,-31421000.0,78916000.0,28885000.0,50031000.0,0.12,0.12,425340000.0,436097000.0,2293872000.0,502886000.0,,,15800000.0,,292806000.0,5600510000.0,,171396000.0,,,242188000.0,9654861000.0,211729000.0,150406000.0,301754000.0,3220069000.0,,,,60093000.0,7622786000.0,869315000.0,-38120000.0,2032075000.0,9654861000.0,30748000.0,56031000.0,-41274000.0,,,,,6447000.0,27168000.0,,-308725000.0,158889000.0,51057000.0,100360000.0,,,40574000.0,,639000.0,-91152000.0,,68428000.0,1584981000.0,1180264000.0,
2015-09-30,4956178000.0,3342111000.0,,469929000.0,,,245932000.0,-27491000.0,121154000.0,41691000.0,79463000.0,0.19,0.18,426869000.0,437606000.0,2115437000.0,494205000.0,,,20200000.0,,264887000.0,5569713000.0,,181268000.0,,,273496000.0,9916267000.0,209365000.0,179350000.0,329739000.0,3341418000.0,,,,40677000.0,7748949000.0,898747000.0,-37890000.0,2167318000.0,9916267000.0,46795000.0,88865000.0,-70691000.0,,,,,6762000.0,55153000.0,,-504694000.0,225333000.0,82182000.0,144247000.0,,,78394000.0,,4174000.0,-138631000.0,,106154000.0,1657735000.0,1001829000.0,
2015-12-31,6779511000.0,4591476000.0,,650788000.0,,,305826000.0,-31225000.0,141885000.0,19244000.0,122641000.0,0.29,0.28,425889000.0,436456000.0,1809330000.0,501385000.0,,,,,215127000.0,5431840000.0,,173412000.0,,,284802000.0,10202871000.0,253491000.0,140389000.0,346721000.0,3529624000.0,,,,52099000.0,7979445000.0,941925000.0,-43308000.0,2223426000.0,10202871000.0,62283000.0,124725000.0,-58655000.0,,,,,51615000.0,72135000.0,,-749439000.0,,104762000.0,259079000.0,,,91248000.0,,1912000.0,-179192000.0,77980000.0,80471000.0,1640277000.0,695722000.0,
2016-03-31,1957736000.0,1369540000.0,,203508000.0,,,49453000.0,25963000.0,39879000.0,12221000.0,27658000.0,0.06,0.06,428117000.0,437993000.0,1605244000.0,467227000.0,,,,,212724000.0,5543836000.0,,166254000.0,,,292024000.0,11262274000.0,231914000.0,181634000.0,374223000.0,3933632000.0,,,,53093000.0,8945041000.0,969583000.0,-34401000.0,2317233000.0,11262274000.0,14798000.0,42422000.0,-16603000.0,,,,,-19898000.0,27502000.0,,-228590000.0,34962000.0,63025000.0,8188000.0,,,8425000.0,,356000.0,4263000.0,,11316000.0,14907000.0,-204086000.0,
2016-06-30,4062940000.0,2842638000.0,,410808000.0,,,119823000.0,42280000.0,91111000.0,22698000.0,68413000.0,0.16,0.16,428483000.0,438154000.0,1390925000.0,443303000.0,,,,,203428000.0,5386918000.0,,162864000.0,,,300787000.0,11593507000.0,240458000.0,172073000.0,396976000.0,4051837000.0,,,,54231000.0,9177673000.0,1010338000.0,-38211000.0,2415834000.0,11593507000.0,28929000.0,86534000.0,-34479000.0,,,,,-11103000.0,50255000.0,,-454883000.0,53454000.0,87700000.0,26940000.0,,,19239000.0,,-907000.0,-2896000.0,,24639000.0,32519000.0,-418405000.0,
2016-09-30,6353128000.0,4375482000.0,,626907000.0,,,225859000.0,50907000.0,170238000.0,50308000.0,119930000.0,0.28,0.27,428937000.0,438389000.0,969158000.0,374098000.0,,,,,218238000.0,5193893000.0,,191876000.0,,,283895000.0,12347338000.0,285753000.0,201232000.0,427206000.0,4411405000.0,,,,57812000.0,9818372000.0,1061855000.0,-36530000.0,2528966000.0,12347338000.0,43339000.0,130029000.0,-20141000.0,,,,,27810000.0,80485000.0,,-916824000.0,181590000.0,112555000.0,198687000.0,,,46605000.0,,-676000.0,25343000.0,,37401000.0,49158000.0,-840172000.0,
2016-12-31,8830669000.0,6029901000.0,,768300000.0,,,379793000.0,30828000.0,260507000.0,73829000.0,186678000.0,0.44,0.43,428822000.0,438652000.0,1467576000.0,266206000.0,,,227248000.0,,260202000.0,5720291000.0,,250395000.0,,,341423000.0,13586610000.0,312842000.0,197632000.0,443472000.0,4586657000.0,,,,61188000.0,10906810000.0,1128603000.0,-48565000.0,2679800000.0,13586610000.0,57528000.0,173675000.0,-46847000.0,,,,,32247000.0,96751000.0,,-1473984000.0,,140245000.0,282484000.0,,,107653000.0,,941000.0,49765000.0,36979000.0,65121000.0,1091630000.0,-341754000.0,
2017-03-31,2636635000.0,1657024000.0,,257108000.0,,,256942000.0,13592000.0,223792000.0,45570000.0,178222000.0,0.41,0.4,430600000.0,445458000.0,1077824000.0,263405000.0,,,,,292486000.0,5660330000.0,,275083000.0,,,394571000.0,14359096000.0,294831000.0,296258000.0,458693000.0,4911229000.0,,,,73323000.0,11385413000.0,1350410000.0,-45859000.0,2973683000.0,14359096000.0,15049000.0,44888000.0,-26764000.0,,,,,-11000000.0,15221000.0,,-343856000.0,57774000.0,5100000.0,55748000.0,,,52523000.0,,769000.0,-75590000.0,,0.0,24239000.0,-389752000.0,
2017-06-30,5422099000.0,3559332000.0,,524191000.0,,,384749000.0,-58363000.0,237754000.0,-51638000.0,243822000.0,0.57,0.55,431396000.0,446262000.0,1918777000.0,246125000.0,,,,,386772000.0,6700785000.0,,309831000.0,,,428133000.0,16517223000.0,273398000.0,248871000.0,505302000.0,5122945000.0,,,,89186000.0,13404723000.0,1416010000.0,-31368000.0,3112500000.0,16517223000.0,33600000.0,88916000.0,-47466000.0,,,,,-23439000.0,61830000.0,,-878384000.0,72020000.0,22705000.0,69876000.0,,,117754000.0,,1833000.0,-132022000.0,,0.0,1444625000.0,840953000.0,
2017-09-30,8406958000.0,5552312000.0,,779427000.0,,,593376000.0,-76473000.0,353991000.0,-19421000.0,373412000.0,0.87,0.84,432404000.0,447362000.0,1746469000.0,0.0,,,,,415492000.0,6385348000.0,,322421000.0,,,504067000.0,16951540000.0,301443000.0,331723000.0,535425000.0,5310677000.0,,,,128215000.0,13624179000.0,1545600000.0,-25362000.0,3327361000.0,16951540000.0,52838000.0,133679000.0,-104556000.0,,,,,34029000.0,94777000.0,,-1297991000.0,74819000.0,22705000.0,320154000.0,,,151717000.0,,2940000.0,202192000.0,,0.0,1479047000.0,278893000.0,
2017-12-31,11692713000.0,7659666000.0,,981300000.0,,,838679000.0,-115154000.0,485321000.0,-73608000.0,558929000.0,1.29,1.25,431885000.0,446814000.0,2822795000.0,0.0,,,478266000.0,,536245000.0,7669974000.0,,319404000.0,,,652309000.0,19012742000.0,359555000.0,315094000.0,618622000.0,5466312000.0,,,,135246000.0,15430786000.0,1731117000.0,-20557000.0,3581956000.0,19012742000.0,71911000.0,182209000.0,-208688000.0,,,,,74559000.0,177974000.0,,-1785948000.0,,22705000.0,320154000.0,,,173302000.0,,6689000.0,34329000.0,88378000.0,0.0,3076990000.0,1355219000.0,
2018-03-31,3700856000.0,2196075000.0,,300730000.0,,,446578000.0,-65743000.0,299616000.0,9492000.0,290124000.0,0.67,0.64,434174000.0,450359000.0,2593666000.0,,,,,,597388000.0,7817576000.0,,341932000.0,,,678486000.0,20152797000.0,436183000.0,429431000.0,673892000.0,6005587000.0,,,,139631000.0,16132067000.0,2021241000.0,4264000.0,4020730000.0,20152797000.0,19041000.0,68395000.0,-22049000.0,,,,,74083000.0,55270000.0,,-236757000.0,0.0,0.0,0.0,,,37170000.0,,1786000.0,-49752000.0,,,56014000.0,,
2018-06-30,7608126000.0,4485942000.0,,617943000.0,,,908791000.0,68028000.0,728252000.0,53779000.0,674473000.0,1.55,1.5,435097000.0,451552000.0,3906357000.0,,,,,,636869000.0,9346889000.0,,349646000.0,,,674932000.0,22663537000.0,448219000.0,392595000.0,697740000.0,6079641000.0,,,,141071000.0,18166937000.0,2405590000.0,-12427000.0,4496600000.0,22663537000.0,38777000.0,149627000.0,-31588000.0,,,,,81816000.0,79118000.0,,-754996000.0,0.0,0.0,0.0,,,64493000.0,,2227000.0,-90068000.0,,,1965426000.0,,
2018-09-30,11607500000.0,6898288000.0,,944969000.0,,,1389459000.0,9289000.0,1107062000.0,29754000.0,1077308000.0,2.48,2.39,435809000.0,451919000.0,3067534000.0,,,,,,674531000.0,8729981000.0,,371152000.0,,,856653000.0,23366229000.0,441427000.0,527079000.0,716723000.0,6298240000.0,,,,127927000.0,18356576000.0,2808425000.0,-14508000.0,5009653000.0,23366229000.0,59938000.0,231943000.0,-71041000.0,,,,,77367000.0,98101000.0,,-1445407000.0,0.0,0.0,0.0,,,103826000.0,,123857000.0,-258762000.0,,,1994663000.0,,
2018-12-31,15794341000.0,9967538000.0,,1210000000.0,,,1605226000.0,41725000.0,1226458000.0,15216000.0,1211242000.0,2.78,2.68,435374000.0,451244000.0,3794483000.0,,,,564425000.0,,748466000.0,9694135000.0,,418281000.0,,,901030000.0,25974400000.0,562985000.0,477417000.0,760899000.0,6487320000.0,,,,129231000.0,20735635000.0,2942359000.0,-19582000.0,5238765000.0,25974400000.0,83157000.0,320657000.0,-85520000.0,,,,,199198000.0,142277000.0,,-2680479000.0,0.0,0.0,0.0,,,173946000.0,,126588000.0,-339120000.0,124502000.0,0.0,4048527000.0,989246000.0,
2019-03-31,4520992000.0,2870614000.0,,372764000.0,,,459084000.0,76104000.0,399659000.0,55607000.0,344052000.0,0.79,0.76,436947000.0,451922000.0,3348557000.0,,,,,,820350000.0,4168907000.0,,434372000.0,,,1726568000.0,27218632000.0,439496000.0,746268000.0,808692000.0,6857807000.0,,,,792380000.0,21515574000.0,3288885000.0,-25600000.0,5703058000.0,27218632000.0,23561000.0,101200000.0,6627000.0,,,,,-124467000.0,47793000.0,,-379799000.0,,,,,,60381000.0,,10552000.0,-80103000.0,,,22972000.0,-441944000.0,
2019-06-30,9444108000.0,5876271000.0,,755997000.0,,,1165503000.0,-53470000.0,900575000.0,285873000.0,614702000.0,1.41,1.36,437587000.0,452195000.0,5004247000.0,,,,,,872910000.0,5877157000.0,,452399000.0,,,1896043000.0,30171339000.0,442194000.0,750812000.0,892777000.0,6933984000.0,,,,973232000.0,24065791000.0,3559535000.0,-20352000.0,6105548000.0,30171339000.0,49057000.0,205048000.0,42146000.0,,,,,-127141000.0,131878000.0,,-923553000.0,,,,,,99965000.0,,13206000.0,-130139000.0,,,2269872000.0,1658108000.0,
2019-09-30,14689013000.0,8974190000.0,,1135773000.0,,,2145742000.0,215378000.0,1912898000.0,632952000.0,1279946000.0,2.93,2.83,438090000.0,451896000.0,4435018000.0,,,,,,892740000.0,5327758000.0,,481992000.0,,,1896967000.0,30941711000.0,444129000.0,1037723000.0,915506000.0,7257900000.0,,,,977008000.0,24080206000.0,4224779000.0,-41246000.0,6861505000.0,30941711000.0,75761000.0,305310000.0,94251000.0,,,,,-134784000.0,154607000.0,,-1425347000.0,,,,,,145298000.0,,12593000.0,-179493000.0,,,2281861000.0,647680000.0,
2019-12-31,20156447000.0,12440213000.0,,1673000000.0,,,2604254000.0,84000000.0,2062231000.0,195315000.0,1866916000.0,4.26,4.13,437799000.0,451765000.0,5018437000.0,,,,658206000.0,,1160067000.0,6178504000.0,,565221000.0,,,2727420000.0,33975712000.0,674347000.0,843043000.0,925000000.0,6855696000.0,,,,1444276000.0,26393555000.0,4811749000.0,-23521000.0,7582157000.0,33975712000.0,103579000.0,405376000.0,-94739000.0,,,,,96063000.0,164000000.0,,-2887322000.0,0.0,0.0,0.0,,,253035000.0,,134029000.0,-387064000.0,72490000.0,,4505662000.0,1231745000.0,
2020-03-31,5767691000.0,3599701000.0,,453817000.0,,,958256000.0,21697000.0,795870000.0,86803000.0,709067000.0,1.61,1.57,439352000.0,452494000.0,5151884000.0,,,,,,1295897000.0,6447781000.0,,650455000.0,,,2694785000.0,35059910000.0,545488000.0,1061090000.0,987000000.0,7853725000.0,,,,1420148000.0,26650616000.0,5520816000.0,-47054000.0,8409294000.0,35059910000.0,28517000.0,97019000.0,46619000.0,,,,,-149153000.0,62008000.0,,259912000.0,,,,,,98015000.0,,288000.0,-98303000.0,,,43694000.0,134401000.0,
2020-06-30,11915977000.0,7243408000.0,,888862000.0,,,2316184000.0,-133175000.0,1831472000.0,402209000.0,1429263000.0,3.25,3.15,440569000.0,453945000.0,7153248000.0,,,,,,1410891000.0,8564139000.0,,751941000.0,,,2704084000.0,37175281000.0,446668000.0,986595000.0,1029261000.0,7626418000.0,,,,1710948000.0,27840528000.0,6241012000.0,-34072000.0,9334753000.0,37175281000.0,55178000.0,201229000.0,269927000.0,,,,,-261180000.0,104516000.0,,1300988000.0,,,,,,239756000.0,,548000.0,-240304000.0,,,1134659000.0,2136260000.0,
2020-09-30,18351614000.0,11111159000.0,,1342664000.0,,,3631047000.0,-367802000.0,2692932000.0,473693000.0,2219239000.0,5.04,4.89,441526000.0,455088000.0,8392391000.0,,,,,,1434089000.0,9826480000.0,,828118000.0,,,2900312000.0,38622543000.0,541298000.0,1259124000.0,1040202000.0,7939795000.0,,,,1875235000.0,28289220000.0,7030988000.0,-1147000.0,10333323000.0,38622543000.0,83767000.0,307586000.0,229650000.0,,,,,-149503000.0,115457000.0,,2564749000.0,,,,,,349567000.0,,9388000.0,-358955000.0,,,1203324000.0,3378494000.0,
2020-12-31,24996056000.0,15276319000.0,,1984000000.0,,,4585289000.0,-618441000.0,3199349000.0,437954000.0,2761395000.0,6.26,6.08,440922000.0,454208000.0,8205550000.0,,,,589091000.0,,1556030000.0,9761580000.0,,960183000.0,,,3174646000.0,39280359000.0,656183000.0,1102196000.0,1118000000.0,7805785000.0,,,,1982155000.0,28215119000.0,7573144000.0,44398000.0,11065240000.0,39280359000.0,115710000.0,415180000.0,70066000.0,,,,,-41605000.0,193247000.0,,2427077000.0,,,,,,497923000.0,,7431000.0,-505354000.0,235406000.0,,1237311000.0,3195084000.0,
2021-03-31,7163282000.0,3868511000.0,,525207000.0,,,1959856000.0,269086000.0,2034502000.0,327787000.0,1706715000.0,3.85,3.75,443224000.0,455641000.0,8403705000.0,,,,,,1703803000.0,10107508000.0,,1015419000.0,,,2956096000.0,40123014000.0,532942000.0,1291812000.0,1140271000.0,7961770000.0,,,,1950986000.0,27238934000.0,9279859000.0,4137000.0,12884080000.0,40123014000.0,35741000.0,107230000.0,159733000.0,,,,,-137313000.0,22279000.0,,777266000.0,,,,,,81001000.0,,4615000.0,-85616000.0,,,-451929000.0,197583000.0,
2021-06-30,14505059000.0,7886519000.0,,1062528000.0,,,3807486000.0,206567000.0,3628291000.0,568563000.0,3059728000.0,6.9,6.72,443192000.0,455385000.0,7777530000.0,,,,,,1826746000.0,9604276000.0,,1107437000.0,,,2967616000.0,40970969000.0,622931000.0,1125591000.0,1187364000.0,7832888000.0,,,,2082035000.0,27107098000.0,10632872000.0,9775000.0,13863871000.0,40970969000.0,74175000.0,208813000.0,210860000.0,,,,,72313000.0,69372000.0,,713505000.0,,,,,,191279000.0,,5615000.0,-196894000.0,,,-932202000.0,-631835000.0,
2021-09-30,21988526000.0,12093108000.0,,1626415000.0,,,5562739000.0,302702000.0,5289250000.0,780451000.0,4508799000.0,10.18,9.9,443052000.0,455230000.0,7526681000.0,,,,,,1889106000.0,9415787000.0,,1220114000.0,,,3129911000.0,42739857000.0,643059000.0,1413120000.0,1183000000.0,8049246000.0,,,,2281277000.0,27425240000.0,12081943000.0,-19835000.0,15314617000.0,42739857000.0,144428000.0,303891000.0,261827000.0,,,,,-40164000.0,65000000.0,,795884000.0,,,,,,358606000.0,,26919000.0,-385525000.0,,,-1013757000.0,-685902000.0,
2021-12-31,29697844000.0,17332683000.0,,,,,6194509000.0,411214000.0,5840103000.0,723875000.0,5116228000.0,11.55,11.24,443155000.0,455372000.0,6027804000.0,,,,148095000.0,,2042021000.0,8069825000.0,,1323453000.0,,,4271846000.0,44584663000.0,837483000.0,1449351000.0,1209342000.0,8488966000.0,,,,2459164000.0,28735415000.0,12689372000.0,-40495000.0,15849248000.0,44584663000.0,208412000.0,403220000.0,199519000.0,,,,,145115000.0,91350000.0,,392610000.0,,,,,788349000.0,524585000.0,,26919000.0,-1339853000.0,174414000.0,,-1149776000.0,-2183759000.0,
2022-03-31,7867767000.0,4284705000.0,,657530000.0,,,1971626000.0,195645000.0,1979692000.0,382245000.0,1597447000.0,3.6,3.53,444146000.0,452984000.0,6008946000.0,,,,,,2089069000.0,8098015000.0,,1383763000.0,,,4657206000.0,45330904000.0,617202000.0,1817117000.0,1239048000.0,7739656000.0,,,,2567427000.0,27786865000.0,14286819000.0,-74170000.0,17544039000.0,45330904000.0,74602000.0,119209000.0,-68906000.0,,,,,-215444000.0,16743000.0,,922839000.0,,,,,124521000.0,121158000.0,,0.0,-245679000.0,,,-686322000.0,-20610000.0,
2022-06-30,15837908000.0,8975460000.0,,1374376000.0,,,3549909000.0,415871000.0,3602746000.0,564348000.0,3038398000.0,6.84,6.73,444557000.0,451578000.0,5819449000.0,,,,,,2021329000.0,7840778000.0,,1361920000.0,,,4615038000.0,46350935000.0,504278000.0,1596035000.0,1225000000.0,7500022000.0,,,,2551675000.0,27274961000.0,15727770000.0,-144476000.0,19075974000.0,46350935000.0,158107000.0,269601000.0,-184726000.0,,,,,-337492000.0,-10376000.0,,1025589000.0,,,,,193397000.0,211176000.0,,0.0,-404573000.0,,,-675072000.0,-210702000.0,
2022-09-30,23763497000.0,13764125000.0,,2037115000.0,,,5082927000.0,677275000.0,5224593000.0,787953000.0,4436640000.0,9.98,9.83,444878000.0,451168000.0,6113733000.0,,,,,,2703170000.0,8816903000.0,,1372754000.0,,,4595190000.0,47562187000.0,560156000.0,1803555000.0,1176323000.0,7765924000.0,,,,2424637000.0,27034046000.0,17126012000.0,-247643000.0,20528141000.0,47562187000.0,243295000.0,421663000.0,-242523000.0,,,,,-283617000.0,-48420000.0,,1582399000.0,,,,,193397000.0,296136000.0,,0.0,-489533000.0,,,-670959000.0,295905000.0,
2022-12-31,31615550000.0,19168285000.0,,2711041000.0,,,5632831000.0,337310000.0,5263929000.0,772005000.0,4491924000.0,10.1,9.95,444698000.0,451290000.0,5147176000.0,,,,261541000.0,,3208021000.0,9266473000.0,,1398257000.0,,,5193325000.0,48594768000.0,671513000.0,1514650000.0,1265000000.0,7930974000.0,,,,2452040000.0,27817367000.0,17181296000.0,-217306000.0,20777401000.0,48594768000.0,336682000.0,575452000.0,-134527000.0,,,,,-158543000.0,27356000.0,,2026257000.0,,,,,757387000.0,407729000.0,,0.0,-2076392000.0,,,-664254000.0,-884529000.0,
2023-03-31,8161503000.0,4803625000.0,,687275000.0,,,1714317000.0,-71204000.0,1468874000.0,163754000.0,1305120000.0,2.93,2.88,445244000.0,452417000.0,6714594000.0,,,,,,2655119000.0,10482623000.0,,1413094000.0,,,5245444000.0,49490345000.0,591987000.0,1718069000.0,1262271000.0,8316070000.0,,,,2400085000.0,27662149000.0,18486416000.0,-191695000.0,21828196000.0,49490345000.0,90335000.0,99099000.0,,,,,,-89668000.0,-2390000.0,,2178740000.0,,,,,0.0,62019000.0,,,-263653000.0,,,-374073000.0,1567437000.0,
2023-06-30,16348804000.0,9477095000.0,,1345258000.0,,,3541500000.0,-44243000.0,3148206000.0,355476000.0,2792730000.0,6.28,6.18,444559000.0,451990000.0,7662788000.0,,,,,,2929347000.0,11506336000.0,,1471968000.0,,,5318395000.0,50817473000.0,615374000.0,1908714000.0,1312000000.0,8675805000.0,,,,2389915000.0,27985258000.0,19974026000.0,-139266000.0,22832215000.0,50817473000.0,179720000.0,177129000.0,,,,,,-51336000.0,49647000.0,,3618972000.0,,,,,0.0,162991000.0,,,-165916000.0,,,-1023422000.0,2495683000.0,
2023-09-30,24890472000.0,14407883000.0,,2002417000.0,,,5457894000.0,168218000.0,5057255000.0,587103000.0,4470152000.0,10.08,9.9,443540000.0,451319000.0,7353245000.0,,,,,,2912028000.0,10779474000.0,,1498391000.0,,,5474060000.0,49501786000.0,534429000.0,1838908000.0,1306185000.0,8338718000.0,,,,2486215000.0,27394159000.0,21651448000.0,-155571000.0,22107627000.0,49501786000.0,270380000.0,256849000.0,,,,,,-119726000.0,41524000.0,,5611287000.0,,,,,0.0,266920000.0,,,296071000.0,,,-3498530000.0,2186254000.0,
2023-12-31,33723297000.0,19715368000.0,,2675758000.0,,,6954003000.0,-48772000.0,6205405000.0,797415000.0,5407990000.0,12.25,12.03,441571000.0,449498000.0,7116913000.0,,,,874550000.0,,2780247000.0,9918133000.0,,1491444000.0,,,5664359000.0,48731992000.0,747412000.0,1803960000.0,1443000000.0,8860655000.0,,,,2561434000.0,28143679000.0,22589286000.0,-223945000.0,20588313000.0,48731992000.0,356947000.0,339368000.0,-542978000.0,,,,,93502000.0,178708000.0,,7274301000.0,,,,,0.0,348552000.0,,0.0,541751000.0,,,-5950803000.0,1947933000.0,
2024-03-31,9370440000.0,4977073000.0,,702473000.0,,,2632534000.0,155359000.0,2614579000.0,282370000.0,2332209000.0,5.4,5.28,432090000.0,441654000.0,7024766000.0,,,,,,2875574000.0,9921313000.0,,1501168000.0,,,5743140000.0,48827721000.0,607348000.0,1977428000.0,1469484000.0,9289217000.0,,,,2585364000.0,27462311000.0,24921495000.0,-111879000.0,21365410000.0,48827721000.0,87234000.0,76345000.0,,,,,,-145265000.0,26515000.0,,2212522000.0,,,,,,75714000.0,,,-75714000.0,,,-2132944000.0,-91926000.0,
2024-06-30,18929750000.0,10151216000.0,,1413727000.0,,,5235371000.0,234364000.0,5128435000.0,648920000.0,4479515000.0,10.39,10.16,431078000.0,440697000.0,6624939000.0,,,,,,2959641000.0,9615553000.0,,1510958000.0,,,6045029000.0,49098895000.0,598557000.0,1876244000.0,1474000000.0,10139999000.0,,,,2637397000.0,26986202000.0,27068801000.0,-89114000.0,22112693000.0,49098895000.0,168461000.0,145111000.0,,,,,,-164623000.0,30751000.0,,3503369000.0,,,,,,154001000.0,,,-154001000.0,,,-3622325000.0,-491470000.0,
2024-09-30,28754453000.0,15271100000.0,,2148790000.0,,,8144848000.0,212671000.0,7831389000.0,988365000.0,6843024000.0,15.91,15.56,430125000.0,439757000.0,7457025000.0,,,,,,2905172000.0,12129099000.0,,1568212000.0,,,6409151000.0,52281844000.0,641953000.0,2241758000.0,1513048000.0,10707126000.0,,,,2774961000.0,29561108000.0,29432310000.0,-344622000.0,22720736000.0,52281844000.0,249375000.0,211000000.0,,,,,,-134026000.0,70079000.0,,5824470000.0,,,,,,280864000.0,,,-2023110000.0,,,-3395729000.0,832040000.0,
