Date,Net sales,Cost of sales,Gross margin,Research and development,"Selling, general and administrative",Total operating expenses,Operating income,"Other income/(expense), net",Income before provision for income taxes,Provision for income taxes,Net income,Earnings per share basic,Earnings per share diluted,Weighted-average basic,Weighted-average diluted,Cash and cash equivalents,Short-term marketable securities,"Accounts receivable, net",Inventories,Deferred tax assets,Vendor non-trade receivables,Other current assets,Total current assets,Long-term marketable securities,"Property, Plant and Equipment, Net",Goodwill,"Acquired intangible assets, net","Other Assets, Noncurrent",Total assets,accounts payable,Accrued expenses,Deferred revenue,Total current liabilities,Deferred revenue - non-current,deferred tax liabilities,long term taxes payable,Total other non-current liabilities,Total liabilities,Retained Earnings (Accumulated Deficit),Accumulated other comprehensive (loss)/income,Total shareholders equity,Total liabilities and shareholders' equity,"Depreciation, amortization and accretion",Stock-based compensation expense,Deferred income tax expense,"Increase (Decrease) in Accounts receivable, net",Increase (Decrease) in Inventories,Increase (Decrease) in Other Receivables,Increase (Decrease) in Other Operating Assets,Increase (Decrease) in Accounts Payable,Increase (Decrease) in Deferred Revenue,Increase (Decrease) Other liabilities,Cash generated by operating activities,Purchases of marketable securities,Proceeds from maturities of marketable securities,Proceeds from sales of marketable securities,Purchases of other long-term investments,"Business acquisitions, net of cash acquired",Cash payments for capital asset purchases,Payments for acquisition of intangible assets,Payments for (Proceeds from) Other Investing Activities,Cash used in investing activities,Proceeds from issuance of common stock,Excess tax benefits from stock-based compensation,Cash generated/used in financing activities,Increase/(decrease) in cash and cash equivalents,"Cash paid for income taxes, net"
2010-06-30,3529800000.0,,1804400000.0,,,1269600000.0,542600000.0,-192000000.0,,125200000.0,225400000.0,0.81,0.81,277600000.0,278400000.0,7400000.0,,568900000.0,,,,118600000.0,1893400000.0,,10800000000.0,3677300000.0,,6076100000.0,19048100000.0,278900000.0,244200000.0,10100000.0,2717400000.0,200000.0,2074300000.0,,175000000.0,,899500000.0,-60400000.0,4894900000.0,19048100000.0,301400000.0,6000000.0,,-245100000.0,-147600000.0,,,-235400000.0,,2900000.0,402500000.0,,,,,,336900000.0,,19900000.0,-393900000.0,6800000.0,,-17600000.0,,
2010-09-30,4667900000.0,,2522500000.0,,,1867900000.0,665900000.0,-287500000.0,,119600000.0,258600000.0,0.93,0.93,278100000.0,279900000.0,10900000.0,,517800000.0,,,,103000000.0,2195500000.0,,10921500000.0,3677300000.0,,6053900000.0,19525400000.0,242900000.0,270300000.0,4500000.0,3251200000.0,200000.0,2207700000.0,,167500000.0,,868500000.0,-57400000.0,4877900000.0,19525400000.0,454500000.0,23200000.0,,-299200000.0,32800000.0,,,-266800000.0,,-9700000.0,332500000.0,,,,,,553700000.0,,45900000.0,-761100000.0,10600000.0,,423100000.0,,
2010-12-31,6422000000.0,,3447900000.0,,,2541600000.0,921300000.0,-485200000.0,,141500000.0,292000000.0,1.05,1.04,277800000.0,280100000.0,9200000.0,,1079300000.0,,,,120800000.0,2448900000.0,,11097000000.0,3677300000.0,,6044400000.0,19938800000.0,581800000.0,336400000.0,6800000.0,3649400000.0,300000.0,2209700000.0,,162000000.0,,901800000.0,-57900000.0,4923200000.0,19938800000.0,596300000.0,30900000.0,,243900000.0,-103300000.0,,,37700000.0,,-13200000.0,725400000.0,,,,,,803800000.0,,53100000.0,-943300000.0,14400000.0,,210700000.0,,
2011-03-31,2232200000.0,,1061300000.0,,,665100000.0,399200000.0,-86500000.0,,107900000.0,205200000.0,0.73,0.72,279300000.0,285000000.0,62500000.0,,1063200000.0,,,,119700000.0,1985200000.0,,11140600000.0,3677300000.0,,6011800000.0,19478800000.0,429600000.0,249200000.0,7800000.0,3096100000.0,0.0,2340200000.0,,163400000.0,,978300000.0,-56700000.0,5014300000.0,19478800000.0,138900000.0,7800000.0,,-16000000.0,-208500000.0,,,-119900000.0,,900000.0,422100000.0,,,,,,209400000.0,,9200000.0,-175100000.0,3700000.0,,-193700000.0,,
2011-06-30,3460500000.0,1633400000.0,1827100000.0,,,1269900000.0,562500000.0,-180300000.0,,137900000.0,244100000.0,0.87,0.85,280200000.0,287100000.0,59900000.0,,638300000.0,,,,100400000.0,1745100000.0,,,3677300000.0,,5955900000.0,19346300000.0,316200000.0,230000000.0,5000000.0,2558100000.0,,2369100000.0,,157800000.0,,952600000.0,-54500000.0,5003400000.0,19346300000.0,273400000.0,17200000.0,,-434600000.0,-13700000.0,,,-250400000.0,,-4800000.0,736000000.0,,,,,,445000000.0,,36000000.0,-423400000.0,7900000.0,,-261900000.0,,
2011-09-30,4529200000.0,1956500000.0,2572700000.0,,,1871500000.0,710000000.0,-274400000.0,,155000000.0,278800000.0,0.99,0.97,280765000.0,289010000.0,22200000.0,,512500000.0,,,,119700000.0,1860500000.0,,,3677300000.0,,5966100000.0,19742100000.0,244400000.0,254500000.0,3500000.0,2887200000.0,,2430200000.0,,193100000.0,,922600000.0,-54400000.0,4990000000.0,19742100000.0,408300000.0,27400000.0,,-561400000.0,171400000.0,,,-325100000.0,,32600000.0,794100000.0,,,,,,774200000.0,,59700000.0,-801900000.0,15100000.0,,20800000.0,,
2011-12-31,6019100000.0,2556400000.0,3462700000.0,,,2572200000.0,905100000.0,-438000000.0,,163300000.0,299100000.0,1.06,1.03,280400000.0,288500000.0,11500000.0,,854800000.0,,2411100000.0,,261800000.0,2248200000.0,,11800100000.0,3677300000.0,297600000.0,6304200000.0,20708300000.0,434800000.0,301000000.0,10100000.0,3646400000.0,,2541900000.0,,244700000.0,,917000000.0,-59700000.0,4997300000.0,20708300000.0,538200000.0,39200000.0,183200000.0,-219600000.0,141800000.0,,,-154800000.0,,82000000.0,870200000.0,,,,,,1125200000.0,,69400000.0,-1149300000.0,24400000.0,,281400000.0,,
2012-03-31,1658700000.0,630300000.0,1028400000.0,,,636700000.0,399400000.0,-103000000.0,,102900000.0,193400000.0,0.68,0.66,282900000.0,293100000.0,38500000.0,,730300000.0,,,,277400000.0,1970300000.0,,,3677300000.0,,6212100000.0,20445900000.0,380700000.0,239700000.0,10600000.0,3718400000.0,,2650700000.0,,247800000.0,,980000000.0,-60900000.0,5080500000.0,20445900000.0,146100000.0,8900000.0,,-127900000.0,-211200000.0,,,-41300000.0,,4000000.0,480000000.0,,,,,,292600000.0,,10400000.0,-294700000.0,17400000.0,,-158300000.0,,
2012-06-30,2707400000.0,871400000.0,1836000000.0,,,1244200000.0,608000000.0,-203400000.0,,140600000.0,262800000.0,0.93,0.89,284370400.0,295766800.0,52800000.0,,553300000.0,,,,274200000.0,1751600000.0,,,3677300000.0,,6140300000.0,20409400000.0,292100000.0,219800000.0,10000000.0,2662300000.0,,2730500000.0,,242100000.0,,980900000.0,-59000000.0,5105300000.0,20409400000.0,294100000.0,19700000.0,,-305200000.0,-133600000.0,,,-147500000.0,,-1100000.0,771800000.0,,,,,,619500000.0,,19900000.0,-568900000.0,30000000.0,,-161600000.0,,
2012-09-30,3680900000.0,1105100000.0,2575800000.0,,,1854800000.0,745200000.0,-309100000.0,,152100000.0,282100000.0,0.99,0.95,290328000.0,300012000.0,12300000.0,,526200000.0,,,,280800000.0,1838700000.0,,,3677300000.0,,6045300000.0,20838600000.0,300100000.0,232700000.0,30900000.0,2727100000.0,22800000.0,2758500000.0,,246200000.0,,925700000.0,-56800000.0,5410800000.0,20838600000.0,420100000.0,33000000.0,,-333900000.0,-19600000.0,,,-151000000.0,,4100000.0,941800000.0,,,,,,1024300000.0,,38100000.0,-951300000.0,376400000.0,,10300000.0,,
2012-12-31,5061200000.0,1541500000.0,3519700000.0,,,2509200000.0,1042700000.0,-416600000.0,,215500000.0,416100000.0,1.43,1.39,,,36300000.0,,907300000.0,,2734200000.0,,357200000.0,2352400000.0,,12915900000.0,3677300000.0,286600000.0,6138700000.0,21844700000.0,538900000.0,309700000.0,42800000.0,3301600000.0,,2953300000.0,,226200000.0,,1059600000.0,-65500000.0,5554300000.0,21844700000.0,561900000.0,45000000.0,308700000.0,51300000.0,-62400000.0,,,57300000.0,,-14100000.0,1275500000.0,,,,,,1498800000.0,,49000000.0,-1425200000.0,383500000.0,,174500000.0,,
2013-03-31,1794300000.0,687700000.0,1106600000.0,,,685600000.0,428100000.0,-94500000.0,,118200000.0,260500000.0,0.84,0.83,311120000.0,312075000.0,101400000.0,,1070300000.0,,,,228100000.0,2031800000.0,,,3666200000.0,,6034500000.0,21636400000.0,527400000.0,269700000.0,42400000.0,2974400000.0,,2980100000.0,,225000000.0,,1170500000.0,-62300000.0,5690700000.0,21636400000.0,143600000.0,10600000.0,,161300000.0,-254700000.0,,,25400000.0,,-1900000.0,449100000.0,,,,,,369300000.0,,5300000.0,-246100000.0,17200000.0,,-137900000.0,,
2013-06-30,3006600000.0,1047600000.0,1959000000.0,,,1352500000.0,621600000.0,-183200000.0,,150900000.0,332200000.0,1.06,1.06,312177000.0,313169000.0,44500000.0,,716500000.0,,,,224400000.0,1707600000.0,,,3666200000.0,,5971600000.0,21621600000.0,393000000.0,283800000.0,5100000.0,2068000000.0,37200000.0,3062700000.0,,216400000.0,,1164100000.0,-62000000.0,5702700000.0,21621600000.0,286900000.0,23000000.0,,-194500000.0,-73200000.0,,,-119200000.0,,-9400000.0,894500000.0,,,,,,801700000.0,,23600000.0,-718100000.0,24100000.0,,-168200000.0,,
2013-09-30,4060500000.0,1268300000.0,2792200000.0,,,2018500000.0,799300000.0,-282200000.0,,179200000.0,380300000.0,1.22,1.22,312842000.0,313813000.0,14900000.0,,591000000.0,,,,246100000.0,1745500000.0,,,3666200000.0,,5896800000.0,22084100000.0,369600000.0,308700000.0,21300000.0,3005600000.0,23100000.0,3133500000.0,,219100000.0,,1133800000.0,-60400000.0,5700900000.0,22084100000.0,431400000.0,39700000.0,,-318400000.0,103700000.0,,,-177700000.0,,-6300000.0,1078600000.0,,,,,,1297300000.0,,48400000.0,-1251300000.0,36100000.0,,151300000.0,,
2013-12-31,5657300000.0,1815500000.0,3841800000.0,,,2734300000.0,1143400000.0,-390600000.0,,261900000.0,532100000.0,1.7,1.7,312402000.0,313646000.0,26800000.0,,1005800000.0,,-175300000.0,,330600000.0,2159200000.0,,14365100000.0,3666200000.0,275700000.0,5551900000.0,22653900000.0,619000000.0,327600000.0,18500000.0,3178400000.0,17100000.0,3277800000.0,,216000000.0,,1285500000.0,-43600000.0,5886600000.0,22653900000.0,577300000.0,50700000.0,291300000.0,94800000.0,9200000.0,,,67800000.0,,-9500000.0,1436800000.0,,,,,,1879900000.0,,67900000.0,-1891400000.0,43700000.0,,445100000.0,,
2014-03-31,2320500000.0,1061300000.0,1259200000.0,,,735300000.0,533700000.0,-104600000.0,,162700000.0,266200000.0,0.85,0.85,314222000.0,315122000.0,38000000.0,,1271200000.0,,,,321100000.0,2320100000.0,,,3666200000.0,,5519300000.0,23107300000.0,714400000.0,323800000.0,7900000.0,3340800000.0,21800000.0,3392300000.0,,219400000.0,,1394400000.0,-42500000.0,6012100000.0,23107300000.0,148700000.0,13900000.0,,265100000.0,-274000000.0,,,126500000.0,,4000000.0,394000000.0,,,,,,386300000.0,,-7000000.0,-407900000.0,8900000.0,,25100000.0,,
2014-06-30,3655600000.0,1433000000.0,2222600000.0,,,1490200000.0,753300000.0,-206200000.0,,202200000.0,344400000.0,1.1,1.09,315013000.0,316101000.0,18000000.0,,824000000.0,,,,320900000.0,2054500000.0,,,3666200000.0,,5475500000.0,23257800000.0,459600000.0,347400000.0,8700000.0,3431400000.0,20300000.0,3471900000.0,,224300000.0,,1390600000.0,-41400000.0,6028300000.0,23257800000.0,297800000.0,27900000.0,,-176400000.0,-28200000.0,,,-170300000.0,,7800000.0,651000000.0,,,,,,852900000.0,,1100000.0,-897600000.0,16100000.0,,237800000.0,,
2014-09-30,4779500000.0,1663500000.0,3116000000.0,,,2237800000.0,911100000.0,-306600000.0,,228100000.0,375800000.0,1.19,1.19,315418000.0,316626000.0,17700000.0,,639300000.0,,231700000.0,,103600000.0,2011600000.0,,,3666200000.0,,5456800000.0,23710100000.0,427700000.0,408600000.0,6500000.0,3048500000.0,20900000.0,3540800000.0,,297700000.0,,1339900000.0,-41600000.0,6007300000.0,23710100000.0,450800000.0,54600000.0,,-362600000.0,170800000.0,,,-218100000.0,,6300000.0,886500000.0,,,,,,1441700000.0,,13000000.0,-1512200000.0,22400000.0,,616600000.0,,
2014-12-31,6470600000.0,2224200000.0,4246400000.0,,,3030600000.0,1262400000.0,-421300000.0,,310400000.0,530000000.0,1.68,1.67,,,25400000.0,,1070100000.0,,272100000.0,,169500000.0,2466500000.0,,16017100000.0,3666200000.0,264700000.0,5719700000.0,24866300000.0,670600000.0,378100000.0,25600000.0,3954900000.0,0.0,3661600000.0,,291100000.0,,1494000000.0,-50600000.0,6175300000.0,24866300000.0,605500000.0,72300000.0,302700000.0,63100000.0,119900000.0,,,37600000.0,,-3100000.0,1319600000.0,,,,,,2028500000.0,,25900000.0,-2116600000.0,30300000.0,,795600000.0,,
2015-03-31,2149700000.0,806000000.0,1343700000.0,,,829000000.0,530100000.0,-103900000.0,,150900000.0,268400000.0,0.85,0.85,316587000.0,317390000.0,42000000.0,,1152000000.0,,277200000.0,,187300000.0,2261000000.0,,,3666200000.0,,5697900000.0,24898900000.0,563900000.0,317100000.0,25500000.0,2758400000.0,,3803500000.0,,294000000.0,,1597500000.0,-46600000.0,6523500000.0,24898900000.0,157500000.0,19400000.0,,93800000.0,-297200000.0,,,-84200000.0,,4300000.0,604300000.0,,,,,,407500000.0,,-2400000.0,-388900000.0,5900000.0,,-198800000.0,,
2015-06-30,3318700000.0,1024600000.0,2294100000.0,,,1628000000.0,695200000.0,-311700000.0,,135600000.0,232000000.0,0.73,0.73,317477000.0,318031000.0,496600000.0,,672700000.0,,303800000.0,,133200000.0,2335700000.0,,,3666200000.0,,5709900000.0,25606900000.0,429200000.0,313800000.0,21600000.0,2524300000.0,,3822600000.0,,270600000.0,,1561100000.0,-44400000.0,6505900000.0,25606900000.0,324900000.0,33400000.0,,-385600000.0,-146800000.0,,,-249600000.0,,12000000.0,1115600000.0,,,,,,991100000.0,,23400000.0,-993800000.0,12400000.0,,349400000.0,,
2015-09-30,3554000000.0,1307300000.0,2246700000.0,,,1666300000.0,580400000.0,-371500000.0,,74700000.0,227100000.0,0.72,0.71,318090000.0,321465000.0,31700000.0,,500500000.0,,227100000.0,,75900000.0,1637800000.0,,,1690700000.0,,3524900000.0,17055900000.0,349200000.0,121700000.0,9300000.0,2073300000.0,,2513900000.0,,186600000.0,,-1182700000.0,-19600000.0,3800300000.0,17055900000.0,391000000.0,38600000.0,,-420300000.0,-19800000.0,,,-287500000.0,,-13600000.0,1193900000.0,,,,,,923400000.0,,39900000.0,2406200000.0,17900000.0,,-3593800000.0,,
2015-12-31,4651800000.0,1643700000.0,3008100000.0,,,2208200000.0,799900000.0,-460000000.0,,141300000.0,286500000.0,0.9,0.9,317746000.0,319836000.0,15500000.0,,660000000.0,,-2365300000.0,,107500000.0,1577200000.0,,12111500000.0,1690700000.0,253700000.0,3609200000.0,17492500000.0,433400000.0,114700000.0,6600000.0,2657500000.0,,2365300000.0,,208100000.0,,-1123300000.0,-35100000.0,3843500000.0,17492500000.0,524400000.0,50700000.0,137700000.0,-262200000.0,-46900000.0,,,-190500000.0,,-20300000.0,1456800000.0,,,,,,1360700000.0,,62200000.0,1944900000.0,22500000.0,,-3411600000.0,,
2016-03-31,1436600000.0,496500000.0,940100000.0,,,558700000.0,381400000.0,-89800000.0,,111900000.0,179700000.0,0.56,0.56,320281000.0,322020000.0,23700000.0,,647900000.0,,,,133500000.0,1395400000.0,,,1690700000.0,,3607300000.0,17471400000.0,392700000.0,103100000.0,5500000.0,2495900000.0,,2426900000.0,,188400000.0,,-1042900000.0,-103800000.0,3872300000.0,17471400000.0,132800000.0,10900000.0,,-11200000.0,-218300000.0,,,-35200000.0,,2500000.0,302900000.0,,,,,,301000000.0,,25600000.0,-315300000.0,4300000.0,,20600000.0,,
2016-06-30,2334200000.0,731400000.0,1602800000.0,,,1083200000.0,519600000.0,-181900000.0,,129300000.0,208300000.0,0.65,0.65,321725000.0,322894000.0,15700000.0,,474100000.0,,,,89800000.0,1259600000.0,,,1690700000.0,,3604800000.0,17617200000.0,371200000.0,68200000.0,,2696200000.0,,2413300000.0,,187000000.0,,-1067400000.0,-156300000.0,3810600000.0,17617200000.0,269700000.0,21800000.0,,-185000000.0,-120400000.0,,,-83500000.0,,-100000.0,487100000.0,,,,,,672500000.0,,63000000.0,-715000000.0,10000000.0,,228100000.0,,
2016-09-30,3195500000.0,949600000.0,2245900000.0,,,1612600000.0,633300000.0,-263400000.0,,130600000.0,242700000.0,0.76,0.75,322318000.0,323918000.0,16100000.0,,471000000.0,,,,64100000.0,1378500000.0,,,1690700000.0,,3627900000.0,18067200000.0,352200000.0,67500000.0,,2911600000.0,,2384200000.0,,182800000.0,,-1060900000.0,-179000000.0,3811600000.0,18067200000.0,406000000.0,33600000.0,,-188200000.0,700000.0,,,-83200000.0,,-4600000.0,532000000.0,,,,,,1083400000.0,,24600000.0,-1168200000.0,16800000.0,,636800000.0,,
2016-12-31,4492500000.0,1390200000.0,3102300000.0,,,2244100000.0,858200000.0,-348000000.0,,182100000.0,331500000.0,1.03,1.02,321805000.0,323524000.0,26400000.0,,847000000.0,,-2528000000.0,,130600000.0,1762100000.0,,13068000000.0,1690700000.0,242700000.0,3661900000.0,18691900000.0,539400000.0,82700000.0,,3452200000.0,,2528000000.0,,200500000.0,,-972200000.0,-25100000.0,4071200000.0,18691900000.0,547100000.0,46500000.0,183600000.0,188000000.0,-38900000.0,,,108800000.0,,500000.0,803300000.0,,,,,,1475200000.0,,17700000.0,-1582900000.0,23100000.0,,790500000.0,,
2017-03-31,1598600000.0,552300000.0,1046300000.0,,,629800000.0,416500000.0,-84000000.0,,121200000.0,211300000.0,0.65,0.65,323681000.0,325306000.0,28400000.0,,813800000.0,,,,139100000.0,1471200000.0,,,1690700000.0,,3675200000.0,18635900000.0,461600000.0,76200000.0,,3664100000.0,,2644300000.0,,199200000.0,,-874200000.0,-19600000.0,4191100000.0,18635900000.0,143300000.0,,,,,,,,,-14500000.0,411100000.0,,,,,,312000000.0,,800000.0,-344200000.0,6400000.0,,-64900000.0,,
2017-06-30,2589300000.0,829100000.0,1760200000.0,,,1219200000.0,541000000.0,-279400000.0,,94600000.0,166900000.0,0.51,0.51,325084000.0,325813000.0,17900000.0,,545200000.0,,,,91300000.0,1280800000.0,,,1690700000.0,,3671500000.0,18822700000.0,451100000.0,78700000.0,,2778300000.0,,2617000000.0,,188900000.0,,-975600000.0,-35600000.0,4122800000.0,18822700000.0,285500000.0,,,,,,,,,-38900000.0,651400000.0,105600000.0,,106600000.0,,,732200000.0,,4400000.0,-791200000.0,46200000.0,,131300000.0,,
2017-09-30,3506300000.0,1062700000.0,2443600000.0,,,1803000000.0,640600000.0,-362500000.0,,97100000.0,180900000.0,0.55,0.55,331139000.0,332396000.0,19300000.0,,480000000.0,,,,65800000.0,1332400000.0,,,1690700000.0,,3681700000.0,19269500000.0,447400000.0,119200000.0,,2566800000.0,,2619400000.0,,187800000.0,,-1020600000.0,-43700000.0,4363000000.0,19269500000.0,428500000.0,,,,,,,,,-17700000.0,529600000.0,139400000.0,,129400000.0,,,1216400000.0,,800000.0,-1306100000.0,332600000.0,,769400000.0,,
2017-12-31,4874600000.0,1518700000.0,4874600000.0,,,3964000000.0,910600000.0,-467500000.0,,314500000.0,128500000.0,0.39,0.39,329388000.0,330756000.0,29000000.0,,898900000.0,,,,132800000.0,1763300000.0,,14359500000.0,1690700000.0,231700000.0,3629300000.0,19961700000.0,625600000.0,90800000.0,,3178400000.0,,1292900000.0,,194400000.0,,-1073100000.0,-43400000.0,4320100000.0,19961700000.0,570300000.0,40100000.0,307700000.0,52300000.0,-19000000.0,,,49000000.0,,-34500000.0,742200000.0,168400000.0,,163100000.0,,,1695800000.0,,-1600000.0,-1808500000.0,336700000.0,,1068700000.0,,
2018-03-31,1717200000.0,724400000.0,,,,1350200000.0,400600000.0,-61800000.0,,62700000.0,276100000.0,0.82,0.81,338012000.0,339000000.0,35000000.0,,973800000.0,,,,155500000.0,1633800000.0,,,1690700000.0,,3801800000.0,20098500000.0,497300000.0,109500000.0,,3226200000.0,,1384800000.0,,191700000.0,,-919200000.0,-19000000.0,4506200000.0,20098500000.0,144700000.0,,,,,,,,,-14400000.0,388200000.0,,,,,,370000000.0,,9900000.0,-398900000.0,3700000.0,,17000000.0,,
2018-06-30,2699300000.0,1037700000.0,,,,2238800000.0,519000000.0,-150200000.0,,68200000.0,300600000.0,0.86,0.86,354229000.0,355200000.0,68200000.0,,584800000.0,,,,109100000.0,1315700000.0,,,1690700000.0,,3940500000.0,20307900000.0,455000000.0,75600000.0,,2560400000.0,,1396700000.0,,184800000.0,,-965500000.0,-20900000.0,5463000000.0,20307900000.0,289300000.0,,,,,,,,,-25800000.0,809500000.0,46800000.0,,47500000.0,,,832500000.0,,-6800000.0,-871100000.0,607700000.0,,104300000.0,,
2018-09-30,3555100000.0,1259700000.0,,,,3449700000.0,-315900000.0,-268300000.0,,-94500000.0,-38900000.0,-0.95,-0.95,363900000.0,363900000.0,41800000.0,,500400000.0,,,,89700000.0,1369100000.0,,,1690700000.0,,3938800000.0,20699400000.0,433700000.0,54500000.0,,3411200000.0,,1291700000.0,,215000000.0,,-1387500000.0,2500000.0,5073700000.0,20699400000.0,437800000.0,,,,,,,,,30000000.0,927200000.0,71400000.0,,58500000.0,,,1296600000.0,,-5600000.0,-1376500000.0,611600000.0,,464700000.0,,
2018-12-31,4991100000.0,1761300000.0,5114500000.0,,,4989800000.0,124700000.0,-355300000.0,,-180000000.0,-50600000.0,-0.18,-0.18,356491000.0,356491000.0,112800000.0,,1058500000.0,,,,129500000.0,2055400000.0,,15542500000.0,1690700000.0,220700000.0,4000000000.0,21804000000.0,883800000.0,58800000.0,,4036800000.0,,1330500000.0,,177900000.0,,-1399300000.0,-37200000.0,5750900000.0,21804000000.0,599600000.0,28600000.0,-187200000.0,186200000.0,-41400000.0,,,268400000.0,,-2800000.0,540100000.0,90000000.0,,82300000.0,,,1818200000.0,,-4100000.0,-1926100000.0,848200000.0,,1468700000.0,,
2019-03-31,1834500000.0,680300000.0,,,,1495600000.0,374200000.0,-96300000.0,,59000000.0,218900000.0,0.55,0.55,373400000.0,374700000.0,151000000.0,,1132100000.0,,,,144200000.0,1915800000.0,,,1690700000.0,,4022100000.0,21889900000.0,675200000.0,79500000.0,,4015200000.0,,1391600000.0,,218300000.0,,-1358000000.0,-52800000.0,5779600000.0,21889900000.0,175100000.0,,,,,,,,,32100000.0,399100000.0,,,,,,353700000.0,,-3600000.0,-375400000.0,3100000.0,,16000000.0,,
2019-06-30,2803700000.0,933800000.0,,,,2042500000.0,837700000.0,-190700000.0,,131200000.0,,1.31,1.3,373900000.0,375232000.0,23700000.0,,870200000.0,,,,103100000.0,1578000000.0,,,1690700000.0,,4044800000.0,21974200000.0,552200000.0,86200000.0,,3813700000.0,,1472900000.0,,222800000.0,,-1144000000.0,-80800000.0,5976200000.0,21974200000.0,353000000.0,,,,,,,,,35600000.0,926200000.0,,,,,,843500000.0,,-1200000.0,-898000000.0,7100000.0,,-116900000.0,,
2019-09-30,3694700000.0,1130500000.0,,,,2883000000.0,928700000.0,-285300000.0,,121000000.0,,1.29,1.28,374100000.0,375200000.0,28000000.0,,539300000.0,,,,85400000.0,1378300000.0,,,1690700000.0,,4053400000.0,22132300000.0,494900000.0,120700000.0,,3339700000.0,,1466600000.0,,224700000.0,,-1231600000.0,-130300000.0,5848500000.0,22132300000.0,535200000.0,,,,,,,,,34600000.0,1231800000.0,104000000.0,,104100000.0,,,1310000000.0,,-600000.0,-1393800000.0,10900000.0,,77900000.0,,
2019-12-31,5053400000.0,1534800000.0,5208900000.0,,,4318200000.0,890700000.0,-384100000.0,,123500000.0,,0.88,0.87,374650000.0,376000000.0,139300000.0,,856900000.0,,,,149700000.0,1853900000.0,,16912200000.0,1485900000.0,0.0,3663500000.0,22659800000.0,666000000.0,144100000.0,,3745800000.0,,1485300000.0,,218500000.0,,-1370800000.0,-92600000.0,5986700000.0,22659800000.0,717400000.0,25900000.0,119700000.0,-187800000.0,2000000.0,,,-299900000.0,,61600000.0,1583300000.0,140400000.0,,132100000.0,,,1802400000.0,,-1500000.0,-1922400000.0,244400000.0,,366400000.0,,
2020-03-31,1525900000.0,,,,,,148200000.0,-87500000.0,,-14900000.0,,0.16,0.16,383100000.0,384114000.0,203800000.0,,716500000.0,,,,182800000.0,3225400000.0,144600000.0,,1485900000.0,,3568100000.0,22592700000.0,505600000.0,180900000.0,163200000.0,4161800000.0,,,,187300000.0,,-1483400000.0,-230600000.0,5741400000.0,22592700000.0,184300000.0,,,,,,,,,-11900000.0,369900000.0,43500000.0,,45400000.0,,,452100000.0,,-100000.0,-484600000.0,3700000.0,,179300000.0,,
2020-06-30,2458600000.0,,,,,,239900000.0,-178000000.0,,-9000000.0,,0.11,0.11,383500000.0,384215000.0,142200000.0,,545700000.0,,,,142600000.0,2859600000.0,155200000.0,,1485900000.0,,3575300000.0,22436500000.0,402500000.0,140500000.0,163100000.0,3227700000.0,,,,198800000.0,,-1576700000.0,-221900000.0,5661800000.0,22436500000.0,361800000.0,,,,,,,,,-9600000.0,707700000.0,,,,,,819300000.0,,600000.0,-886600000.0,7500000.0,,184100000.0,,
2020-09-30,3320100000.0,,,,,,332700000.0,-508600000.0,,-73900000.0,,-0.49,-0.49,383800000.0,383800000.0,58600000.0,,521400000.0,,,,112600000.0,2820800000.0,161800000.0,,1485900000.0,,3563700000.0,22701500000.0,410300000.0,119100000.0,229200000.0,3446800000.0,,,,214700000.0,,-1849600000.0,-193600000.0,5424900000.0,22701500000.0,542400000.0,,,,,,,,,-4600000.0,858600000.0,94800000.0,,88900000.0,,,1292200000.0,,-300000.0,-1399900000.0,11200000.0,,460500000.0,,
2020-12-31,4473200000.0,,,,,,550800000.0,-582100000.0,,-17100000.0,-17600000.0,-0.19,-0.19,384347000.0,384347000.0,116500000.0,,791300000.0,,,,86000000.0,1659400000.0,170900000.0,16619500000.0,1485900000.0,0.0,3509600000.0,22040500000.0,589000000.0,113600000.0,243300000.0,2279400000.0,,,,286100000.0,,-1765200000.0,-156700000.0,5752200000.0,22040500000.0,725900000.0,17400000.0,-27800000.0,3900000.0,1500000.0,,,-29700000.0,10000000.0,21700000.0,1104000000.0,144700000.0,,131400000.0,,,1758100000.0,,100000.0,-879100000.0,211400000.0,,-247700000.0,,-1000000.0
2021-03-31,1506500000.0,,,,,,433200000.0,-74100000.0,,62600000.0,295500000.0,0.72,0.72,392700000.0,393912000.0,89100000.0,,794500000.0,,,,109300000.0,1593500000.0,167900000.0,,1485900000.0,,3514900000.0,22194500000.0,554900000.0,164700000.0,146700000.0,2258800000.0,,,,444500000.0,,-1669800000.0,-75500000.0,5931600000.0,22194500000.0,185000000.0,,,,,,,,,-8400000.0,448300000.0,16600000.0,,16900000.0,,,367000000.0,,800000.0,-401800000.0,2800000.0,,-75400000.0,,
2021-06-30,2458900000.0,,,,,,575400000.0,-146200000.0,,75800000.0,355800000.0,0.84,0.8,393000000.0,422900000.0,77500000.0,,563700000.0,,,,187400000.0,1384200000.0,166300000.0,,1485900000.0,,3523000000.0,22313800000.0,480400000.0,262800000.0,148100000.0,1706900000.0,,,,566800000.0,,-1704100000.0,-123600000.0,6523100000.0,22313800000.0,371300000.0,,,,,,,,,-22200000.0,703000000.0,,,,,,798100000.0,,-2200000.0,-862400000.0,6000000.0,,124200000.0,,
2021-09-30,3377700000.0,,,,,,722500000.0,-216300000.0,,90600000.0,419000000.0,0.96,0.91,393200000.0,430300000.0,38500000.0,,526800000.0,,,,159300000.0,1471400000.0,168900000.0,,1485900000.0,,3532800000.0,22778600000.0,487200000.0,266900000.0,232500000.0,2246600000.0,,,,527400000.0,,-1746800000.0,-117400000.0,6494900000.0,22778600000.0,560200000.0,,,,,,,,,-49600000.0,939300000.0,,,,,,1292800000.0,,0.0,-1394200000.0,8800000.0,,385600000.0,,
2021-12-31,4731300000.0,,,,,,1006900000.0,-300300000.0,,117800000.0,584900000.0,1.35,1.27,393600000.0,417300000.0,84200000.0,,825600000.0,,1103600000.0,,104800000.0,1920800000.0,171800000.0,17881800000.0,1485900000.0,0.0,4094600000.0,24156900000.0,697800000.0,382000000.0,237900000.0,2746200000.0,,,,690200000.0,,-1580900000.0,-126800000.0,6947300000.0,24156900000.0,748400000.0,24300000.0,113000000.0,40300000.0,112900000.0,,,54900000.0,,-30000000.0,1217900000.0,102900000.0,,97800000.0,,,1838000000.0,,1000000.0,-2204900000.0,299600000.0,,956300000.0,,5400000.0
2022-03-31,1840300000.0,,,,,,600300000.0,-72800000.0,,96200000.0,426800000.0,1.02,0.94,406000000.0,441400000.0,114500000.0,,961100000.0,,,,263900000.0,1871900000.0,156700000.0,,1485900000.0,,4133000000.0,24365500000.0,628500000.0,313100000.0,155200000.0,2594600000.0,,,,669500000.0,,-1372300000.0,-85400000.0,7201900000.0,24365500000.0,192700000.0,,,,,,,,,,579800000.0,,,,,,450100000.0,,25300000.0,-370400000.0,2800000.0,,-173900000.0,,
2022-06-30,2996800000.0,,,,,,743600000.0,-148300000.0,,108200000.0,493800000.0,1.15,1.06,406400000.0,440800000.0,77800000.0,,714600000.0,,,,291700000.0,1911700000.0,149800000.0,,1485900000.0,,4166300000.0,24813800000.0,650300000.0,592900000.0,184700000.0,3015000000.0,,,,329700000.0,,-1408900000.0,-35800000.0,7224600000.0,24813800000.0,401400000.0,,,,,,,,,,907200000.0,,,,,,917000000.0,,60100000.0,-951100000.0,5900000.0,,48500000.0,,
2022-09-30,4055000000.0,,,,,,900300000.0,-229800000.0,,119900000.0,559600000.0,1.28,1.18,406500000.0,443400000.0,35800000.0,,586700000.0,,,,332800000.0,2228600000.0,157800000.0,,1485900000.0,,4128600000.0,25576400000.0,666500000.0,588200000.0,314500000.0,3911100000.0,,,,288500000.0,,-1458100000.0,-23500000.0,7193900000.0,25576400000.0,604600000.0,,,,,,,,,,1036200000.0,,,,,,1523000000.0,,5200000.0,-1682700000.0,9100000.0,,630200000.0,,
2022-12-31,5738600000.0,,,,,,1265800000.0,-309400000.0,,164600000.0,804100000.0,1.84,1.7,407100000.0,442700000.0,40800000.0,,1041900000.0,,1021800000.0,,210000000.0,2584300000.0,151600000.0,19842600000.0,1485900000.0,,4085500000.0,26736600000.0,899500000.0,360700000.0,324700000.0,4660500000.0,,,,296800000.0,,-1213600000.0,-37100000.0,7575400000.0,26736600000.0,820800000.0,24900000.0,158000000.0,216300000.0,258900000.0,,,165000000.0,,-47800000.0,1409400000.0,73500000.0,,75700000.0,,,2203100000.0,,-1300000.0,-2570200000.0,154300000.0,,1141300000.0,,7200000.0
2023-03-31,1896100000.0,,,,,,531000000.0,-107400000.0,,85800000.0,333000000.0,0.77,0.71,412800000.0,447100000.0,106400000.0,,922800000.0,,,,278200000.0,2336500000.0,150400000.0,,1485900000.0,,4062700000.0,26853700000.0,642200000.0,298100000.0,225500000.0,3906900000.0,,,,298500000.0,,-1114800000.0,-34700000.0,7674200000.0,26853700000.0,206900000.0,,,,,,,,,,683400000.0,,,,,,557100000.0,,33400000.0,-727800000.0,3000000.0,,117300000.0,,
2023-06-30,2963300000.0,,,,,,699900000.0,-215900000.0,,99900000.0,391800000.0,0.87,0.8,413300000.0,446900000.0,151300000.0,,603600000.0,,,,218700000.0,1856900000.0,154900000.0,,1485900000.0,,4074400000.0,27343700000.0,718400000.0,503200000.0,207600000.0,4091200000.0,,,,294600000.0,,-1173800000.0,-35800000.0,7230400000.0,27343700000.0,440000000.0,,,,,,,,,,1191000000.0,,,,,,1161900000.0,,76300000.0,-1375600000.0,6300000.0,,300300000.0,,
2023-09-30,3965900000.0,,,,,,932900000.0,-346700000.0,,103700000.0,476900000.0,1.05,0.98,413500000.0,448300000.0,56000000.0,,569600000.0,,,,162600000.0,1815400000.0,161900000.0,,1485900000.0,,4057300000.0,27828200000.0,648200000.0,170800000.0,286600000.0,4395400000.0,,,,291500000.0,,-1200600000.0,-36900000.0,7212400000.0,27828200000.0,650900000.0,,,,,,,,,,1535900000.0,,,,,,1885600000.0,,12300000.0,-2503300000.0,9600000.0,,998600000.0,,
2023-12-31,5347800000.0,,,,,,1295500000.0,-481600000.0,,139500000.0,714300000.0,1.59,1.48,416100000.0,447900000.0,2245400000.0,,862000000.0,,758400000.0,,118600000.0,4499400000.0,159100000.0,22274900000.0,1485900000.0,,4055800000.0,31077200000.0,749400000.0,217400000.0,294400000.0,5265100000.0,,,,298600000.0,,-967000000.0,-33600000.0,8269600000.0,31077200000.0,908200000.0,33500000.0,135200000.0,-184100000.0,-233900000.0,,,-171800000.0,,-48300000.0,1935100000.0,42800000.0,,39900000.0,,,2645800000.0,,3700000.0,-3571600000.0,12900000.0,,3842200000.0,,9400000.0
2024-03-31,1643000000.0,,,,,,583400000.0,-107100000.0,,76000000.0,365000000.0,0.77,0.77,447900000.0,449400000.0,102200000.0,,845600000.0,,,,161100000.0,2060200000.0,150100000.0,,1485900000.0,,4089500000.0,29338100000.0,612500000.0,170900000.0,189500000.0,3125000000.0,,,,297700000.0,,-861700000.0,-33800000.0,7895900000.0,29338100000.0,242100000.0,,,,,,,,,,456200000.0,,,,,,589500000.0,,22900000.0,-723000000.0,2700000.0,,-1873800000.0,,
2024-06-30,2697100000.0,,,,,,820400000.0,-223400000.0,,93600000.0,450800000.0,0.96,0.95,448500000.0,450200000.0,101200000.0,,624000000.0,,,,138200000.0,1943800000.0,145500000.0,,1485900000.0,,4105400000.0,29897600000.0,584000000.0,167100000.0,187700000.0,2508000000.0,,,,308300000.0,,-896200000.0,-33600000.0,7869000000.0,29897600000.0,495600000.0,,,,,,,,,,901700000.0,,,,,,1219300000.0,,53900000.0,-1594000000.0,5600000.0,,-1452900000.0,,
2024-09-30,3743200000.0,,,,,,1038700000.0,-328800000.0,,109500000.0,536500000.0,1.15,1.14,451900000.0,454500000.0,126200000.0,,572000000.0,,,,141700000.0,1616000000.0,137900000.0,,1485900000.0,,4097300000.0,30828100000.0,614600000.0,151700000.0,261600000.0,3485500000.0,,,,311800000.0,,-934900000.0,-29600000.0,8345000000.0,30828100000.0,765100000.0,,,,,,,,,,1241700000.0,,,,,,1854000000.0,,-27200000.0,-2414500000.0,507900000.0,,-949500000.0,,
,,,,,,,,,,,,,,,,,,,,,,,,,,,,,,,,,,,,,,,,,,,,,,,,,,,,,,,,,,,,,,,,,,,
,,,,,,,,,,,,,,,,,,,,,,,,,,,,,,,,,,,,,,,,,,,,,,,,,,,,,,,,,,,,,,,,,,,
