Date,Net sales,Cost of sales,Gross margin,Research and development,"Selling, general and administrative",Total operating expenses,Operating income,"Other income/(expense), net",Income before provision for income taxes,Provision for income taxes,Net income,Earnings per share basic,Earnings per share diluted,Weighted-average basic,Weighted-average diluted,Cash and cash equivalents,Short-term marketable securities,"Accounts receivable, net",Inventories,Deferred tax assets,Vendor non-trade receivables,Other current assets,Total current assets,Long-term marketable securities,"Property, Plant and Equipment, Net",Goodwill,"Acquired intangible assets, net","Other Assets, Noncurrent",Total assets,accounts payable,Accrued expenses,Deferred revenue,Total current liabilities,Deferred revenue - non-current,deferred tax liabilities,long term taxes payable,Total other non-current liabilities,Total liabilities,Retained Earnings (Accumulated Deficit),Accumulated other comprehensive (loss)/income,Total shareholders equity,Total liabilities and shareholders' equity,"Depreciation, amortization and accretion",Stock-based compensation expense,Deferred income tax expense,"Increase (Decrease) in Accounts receivable, net",Increase (Decrease) in Inventories,Increase (Decrease) in Other Receivables,Increase (Decrease) in Other Operating Assets,Increase (Decrease) in Accounts Payable,Increase (Decrease) in Deferred Revenue,Increase (Decrease) Other liabilities,Cash generated by operating activities,Purchases of marketable securities,Proceeds from maturities of marketable securities,Proceeds from sales of marketable securities,Purchases of other long-term investments,"Business acquisitions, net of cash acquired",Cash payments for capital asset purchases,Payments for acquisition of intangible assets,Payments for (Proceeds from) Other Investing Activities,Cash used in investing activities,Proceeds from issuance of common stock,Excess tax benefits from stock-based compensation,Cash generated/used in financing activities,Increase/(decrease) in cash and cash equivalents,"Cash paid for income taxes, net"
2009-12-31,33755000000.0,,,,,,2483000000.0,,2266000000.0,693000000.0,1686000000.0,5.28,5.21,319200000.0,323300000.0,3275000000.0,,,,524000000.0,,272000000.0,8635000000.0,,4868000000.0,13517000000.0,873000000.0,1049000000.0,30252000000.0,1921000000.0,1726000000.0,,6985000000.0,,,,1515000000.0,17565000000.0,6737000000.0,-3014000000.0,12687000000.0,30252000000.0,,105000000.0,,-6313000000.0,-291000000.0,,,,,,2133000000.0,,,,,33000000.0,654000000.0,,0.0,867000000.0,,2000000.0,-1229000000.0,1771000000.0,-774000000.0
2010-03-31,8610000000.0,,,,,,765000000.0,,692000000.0,230000000.0,469000000.0,1.55,1.53,302500000.0,306100000.0,1961000000.0,,,,627000000.0,,295000000.0,8369000000.0,,4797000000.0,13517000000.0,846000000.0,1046000000.0,29762000000.0,1642000000.0,2028000000.0,,7488000000.0,,,,1471000000.0,17122000000.0,7077000000.0,-3002000000.0,12640000000.0,29762000000.0,,38000000.0,,-2706000000.0,13000000.0,,,,,,-531000000.0,,,,,,135000000.0,,-3000000.0,-135000000.0,,5000000.0,-648000000.0,-1314000000.0,-111000000.0
2010-06-30,17436000000.0,,,,,,1481000000.0,,1330000000.0,157000000.0,1180000000.0,3.92,3.87,301100000.0,305000000.0,2044000000.0,54000000.0,,,648000000.0,,384000000.0,8384000000.0,228000000.0,4763000000.0,13517000000.0,823000000.0,1055000000.0,29694000000.0,1643000000.0,2042000000.0,,7666000000.0,,,,1200000000.0,16791000000.0,7646000000.0,-2987000000.0,12903000000.0,29694000000.0,,69000000.0,,766000000.0,14000000.0,,,,,,88000000.0,,,,,,238000000.0,,-24000000.0,-218000000.0,,10000000.0,-1101000000.0,-1231000000.0,632000000.0
2010-09-30,26150000000.0,,,,,,2282000000.0,,2076000000.0,414000000.0,1677000000.0,5.62,5.54,298600000.0,302500000.0,2528000000.0,61000000.0,,,718000000.0,,392000000.0,9003000000.0,250000000.0,4767000000.0,13517000000.0,801000000.0,1110000000.0,30176000000.0,1677000000.0,2007000000.0,,7763000000.0,,,,1271000000.0,16982000000.0,8005000000.0,-2930000000.0,13194000000.0,30176000000.0,,103000000.0,,779000000.0,46000000.0,,,,,,1066000000.0,,,,,,398000000.0,,-22000000.0,-381000000.0,,12000000.0,-1432000000.0,-747000000.0,933000000.0
2010-12-31,34757000000.0,,,603000000.0,,,3070000000.0,,2595000000.0,557000000.0,2053000000.0,6.91,6.82,296900000.0,301100000.0,3701000000.0,68000000.0,,,1322000000.0,,251000000.0,9904000000.0,262000000.0,5042000000.0,13517000000.0,779000000.0,1117000000.0,31421000000.0,1846000000.0,2331000000.0,,8386000000.0,,,,1317000000.0,17864000000.0,8245000000.0,-2757000000.0,13557000000.0,31421000000.0,,136000000.0,46000000.0,664000000.0,61000000.0,,,,,,2453000000.0,,,,,,770000000.0,,4000000.0,-761000000.0,,22000000.0,-1266000000.0,426000000.0,1071000000.0
2011-03-31,6734000000.0,,,,,,811000000.0,,758000000.0,262000000.0,530000000.0,1.82,1.79,291800000.0,296900000.0,4019000000.0,72000000.0,,,417000000.0,,213000000.0,9071000000.0,244000000.0,3046000000.0,12376000000.0,183000000.0,1090000000.0,26790000000.0,1347000000.0,1932000000.0,,6161000000.0,,,,916000000.0,14113000000.0,8637000000.0,-2187000000.0,12677000000.0,26790000000.0,,33000000.0,,245000000.0,-30000000.0,,,,,,-120000000.0,,,,,,122000000.0,,-7000000.0,1281000000.0,,9000000.0,-843000000.0,318000000.0,46000000.0
2011-06-30,13294000000.0,,,,,,1652000000.0,,1546000000.0,530000000.0,1050000000.0,3.66,3.59,287200000.0,292200000.0,2810000000.0,2000000.0,,,465000000.0,,163000000.0,7814000000.0,242000000.0,3028000000.0,12376000000.0,174000000.0,1086000000.0,25377000000.0,1259000000.0,1612000000.0,,5795000000.0,,,,899000000.0,13228000000.0,9018000000.0,-2173000000.0,12149000000.0,25377000000.0,,66000000.0,,164000000.0,-6000000.0,,,,,,-154000000.0,,,,,,216000000.0,,-9000000.0,1190000000.0,,21000000.0,-1927000000.0,-891000000.0,613000000.0
2011-09-30,19906000000.0,,,,,,2477000000.0,,2301000000.0,765000000.0,1570000000.0,5.55,5.45,283100000.0,287900000.0,2946000000.0,1000000.0,,,393000000.0,,135000000.0,7686000000.0,220000000.0,3010000000.0,12376000000.0,164000000.0,1022000000.0,25100000000.0,1338000000.0,1524000000.0,,5721000000.0,,,,901000000.0,13149000000.0,9401000000.0,-2176000000.0,11951000000.0,25100000000.0,,97000000.0,,20000000.0,-22000000.0,,,,,,794000000.0,,,,,,324000000.0,,-13000000.0,1089000000.0,,24000000.0,-2638000000.0,-755000000.0,791000000.0
2011-12-31,26412000000.0,,,543000000.0,,,3276000000.0,,3083000000.0,997000000.0,2118000000.0,7.65,7.52,276800000.0,281600000.0,3002000000.0,,,,1396000000.0,,411000000.0,7746000000.0,,3047000000.0,12374000000.0,155000000.0,14618000000.0,25411000000.0,1481000000.0,1668000000.0,,6135000000.0,,,,926000000.0,15075000000.0,9699000000.0,-3490000000.0,10336000000.0,25411000000.0,544000000.0,140000000.0,387000000.0,-350000000.0,2000000.0,,,,,,2115000000.0,,,,,,488000000.0,,-48000000.0,680000000.0,,17000000.0,-3494000000.0,-699000000.0,810000000.0
2012-03-31,,,,,,,796000000.0,,756000000.0,250000000.0,506000000.0,2.0,1.96,253100000.0,258000000.0,2682000000.0,,,,466000000.0,,177000000.0,7360000000.0,,2993000000.0,12374000000.0,,1431000000.0,25053000000.0,1226000000.0,1677000000.0,,5594000000.0,,,,905000000.0,14512000000.0,10077000000.0,-3434000000.0,10541000000.0,25053000000.0,,26000000.0,,267000000.0,-60000000.0,,,,,,-105000000.0,,,,,,81000000.0,,0.0,169000000.0,,27000000.0,-384000000.0,-320000000.0,92000000.0
2012-06-30,12472000000.0,,,,,,1570000000.0,,1483000000.0,497000000.0,986000000.0,3.91,3.84,252000000.0,256500000.0,3148000000.0,,,,504000000.0,,225000000.0,7700000000.0,,2935000000.0,12344000000.0,,1409000000.0,25226000000.0,1191000000.0,1571000000.0,,5608000000.0,,,,904000000.0,14511000000.0,10419000000.0,-3395000000.0,10715000000.0,25226000000.0,,76000000.0,,175000000.0,-143000000.0,,,,,,771000000.0,,,,,,132000000.0,,-1000000.0,162000000.0,,29000000.0,-787000000.0,146000000.0,584000000.0
2012-09-30,18742000000.0,,,,,,2306000000.0,,2178000000.0,733000000.0,1445000000.0,5.77,5.67,250400000.0,255000000.0,3525000000.0,,,,560000000.0,,217000000.0,7902000000.0,,2895000000.0,12373000000.0,,1412000000.0,25262000000.0,1194000000.0,1622000000.0,,5690000000.0,,,,940000000.0,14315000000.0,10739000000.0,-3334000000.0,10947000000.0,25262000000.0,,111000000.0,,27000000.0,-224000000.0,,,,,,1583000000.0,,,,,,196000000.0,,-7000000.0,61000000.0,,41000000.0,-1121000000.0,523000000.0,760000000.0
2012-12-31,25218000000.0,,,520000000.0,,,3130000000.0,,2965000000.0,987000000.0,1978000000.0,7.96,7.81,248600000.0,253400000.0,3862000000.0,,,,2116000000.0,,300000000.0,8392000000.0,,2887000000.0,12431000000.0,,1291000000.0,26543000000.0,1392000000.0,1732000000.0,,6056000000.0,,,,958000000.0,17029000000.0,11138000000.0,-4787000000.0,9514000000.0,26543000000.0,510000000.0,183000000.0,60000000.0,-90000000.0,-46000000.0,,,,,,2640000000.0,,,,,,331000000.0,,3000000.0,-84000000.0,,45000000.0,-1696000000.0,860000000.0,1119000000.0
2013-03-31,6104000000.0,,,,,,759000000.0,,712000000.0,223000000.0,489000000.0,2.07,2.03,236400000.0,241000000.0,3183000000.0,,,,524000000.0,,159000000.0,7846000000.0,271000000.0,2829000000.0,12437000000.0,,1292000000.0,25914000000.0,1225000000.0,1591000000.0,,5555000000.0,,,,928000000.0,16445000000.0,11496000000.0,-4723000000.0,9469000000.0,25914000000.0,110000000.0,24000000.0,31000000.0,195000000.0,125000000.0,,,,,,1000000.0,,,,,,40000000.0,,-2000000.0,-38000000.0,,,-642000000.0,-679000000.0,26000000.0
2013-06-30,12398000000.0,,,,,,1565000000.0,,1436000000.0,459000000.0,977000000.0,4.15,4.08,235200000.0,239200000.0,4904000000.0,,,,551000000.0,,240000000.0,9564000000.0,274000000.0,2783000000.0,12437000000.0,,1295000000.0,27508000000.0,1195000000.0,1641000000.0,,5639000000.0,,,,956000000.0,17950000000.0,11838000000.0,-4635000000.0,9558000000.0,27508000000.0,225000000.0,71000000.0,33000000.0,268000000.0,-62000000.0,,,,,,329000000.0,,,,,,88000000.0,,-6000000.0,-82000000.0,,,795000000.0,1042000000.0,412000000.0
2013-09-30,18504000000.0,,,,,,2355000000.0,,2156000000.0,682000000.0,1474000000.0,6.33,6.22,232800000.0,237000000.0,4944000000.0,,,,596000000.0,,264000000.0,9591000000.0,287000000.0,2763000000.0,12438000000.0,,1339000000.0,27405000000.0,1221000000.0,1785000000.0,,5762000000.0,,,,985000000.0,18049000000.0,12196000000.0,-4543000000.0,9356000000.0,27405000000.0,345000000.0,118000000.0,89000000.0,147000000.0,-10000000.0,,,,,,1279000000.0,,,,,,178000000.0,,-9000000.0,-169000000.0,,,-28000000.0,1082000000.0,579000000.0
2013-12-31,24661000000.0,,,507000000.0,,,3123000000.0,,2863000000.0,911000000.0,1952000000.0,8.5,8.35,229600000.0,233900000.0,5150000000.0,,,,814000000.0,,350000000.0,9488000000.0,310000000.0,2806000000.0,12438000000.0,,1440000000.0,26381000000.0,1229000000.0,1695000000.0,,5815000000.0,,,,1064000000.0,15761000000.0,12538000000.0,-2984000000.0,10620000000.0,26381000000.0,495000000.0,144000000.0,80000000.0,-171000000.0,-101000000.0,,,,,,2483000000.0,,,,,,364000000.0,,-18000000.0,-346000000.0,,,-849000000.0,1288000000.0,880000000.0
2014-03-31,5848000000.0,,,,,,845000000.0,,786000000.0,207000000.0,579000000.0,2.68,2.63,216300000.0,220400000.0,3885000000.0,,,,539000000.0,,165000000.0,8604000000.0,313000000.0,2793000000.0,12468000000.0,,1471000000.0,25535000000.0,1229000000.0,1498000000.0,,5271000000.0,,,,894000000.0,14966000000.0,12983000000.0,-2921000000.0,10569000000.0,25535000000.0,109000000.0,22000000.0,,531000000.0,66000000.0,,,,,,-402000000.0,,,,,,60000000.0,,72000000.0,-132000000.0,,,-731000000.0,-1265000000.0,
2014-06-30,11887000000.0,,,,,,1665000000.0,,1542000000.0,452000000.0,1090000000.0,5.09,5.01,214300000.0,217700000.0,3476000000.0,,,,554000000.0,,339000000.0,8390000000.0,325000000.0,2818000000.0,12468000000.0,,1495000000.0,25351000000.0,1178000000.0,1494000000.0,,5414000000.0,,,,922000000.0,15083000000.0,12945000000.0,-2886000000.0,10268000000.0,25351000000.0,217000000.0,51000000.0,,577000000.0,33000000.0,,,,,,170000000.0,,,,,,176000000.0,,72000000.0,-248000000.0,,,-1596000000.0,-1674000000.0,
2014-09-30,17871000000.0,,,,,,2434000000.0,,2236000000.0,673000000.0,1563000000.0,7.39,7.28,211600000.0,214800000.0,3402000000.0,,,,526000000.0,,290000000.0,8122000000.0,325000000.0,2845000000.0,12463000000.0,,1484000000.0,25043000000.0,1193000000.0,1483000000.0,,5511000000.0,,,,938000000.0,15150000000.0,12568000000.0,-2878000000.0,9893000000.0,25043000000.0,322000000.0,93000000.0,,531000000.0,-43000000.0,,,,,,1103000000.0,,,,,,285000000.0,,72000000.0,-357000000.0,,,-2494000000.0,-1748000000.0,
2014-12-31,23979000000.0,,,569000000.0,,,3196000000.0,,2937000000.0,868000000.0,2069000000.0,9.91,9.75,208800000.0,212100000.0,3863000000.0,,,,2026000000.0,,369000000.0,8184000000.0,336000000.0,2991000000.0,12466000000.0,,1309000000.0,26572000000.0,1305000000.0,1433000000.0,,5892000000.0,,,,965000000.0,19337000000.0,12392000000.0,-5356000000.0,7235000000.0,26572000000.0,462000000.0,134000000.0,157000000.0,105000000.0,24000000.0,,,,,,2593000000.0,,,,,,561000000.0,,84000000.0,-645000000.0,,,-3235000000.0,-1287000000.0,727000000.0
2015-03-31,5957000000.0,,,,,,780000000.0,,704000000.0,220000000.0,484000000.0,2.45,2.41,197700000.0,200500000.0,2646000000.0,,,,371000000.0,,177000000.0,7143000000.0,331000000.0,2989000000.0,12464000000.0,,1277000000.0,25266000000.0,1248000000.0,1543000000.0,,5284000000.0,,,,854000000.0,18518000000.0,11843000000.0,-5290000000.0,6748000000.0,25266000000.0,99000000.0,24000000.0,,325000000.0,76000000.0,,,,,,-654000000.0,,,,,,117000000.0,,-2000000.0,-115000000.0,,,-448000000.0,-1217000000.0,
2015-06-30,11853000000.0,,,,,,1593000000.0,,1440000000.0,425000000.0,1015000000.0,5.21,5.15,194800000.0,197100000.0,1907000000.0,,,,386000000.0,,160000000.0,6460000000.0,326000000.0,3005000000.0,12464000000.0,,1240000000.0,24552000000.0,1246000000.0,1441000000.0,,5154000000.0,,,,939000000.0,18381000000.0,11164000000.0,-5181000000.0,6171000000.0,24552000000.0,216000000.0,47000000.0,,344000000.0,117000000.0,,,,,,-28000000.0,,,,,,232000000.0,,2000000.0,-234000000.0,,,-1694000000.0,-1956000000.0,
2015-09-30,17832000000.0,,,,,,2387000000.0,,2169000000.0,638000000.0,1531000000.0,7.98,7.89,191800000.0,194000000.0,1292000000.0,,,856000000.0,336000000.0,,199000000.0,5951000000.0,300000000.0,3005000000.0,12458000000.0,,1200000000.0,23966000000.0,1194000000.0,1432000000.0,,5133000000.0,,,,941000000.0,18269000000.0,10613000000.0,-5099000000.0,5697000000.0,23966000000.0,329000000.0,70000000.0,,463000000.0,130000000.0,,,,,,529000000.0,,,,,,334000000.0,,-36000000.0,-298000000.0,,,-2802000000.0,-2571000000.0,
2015-12-31,23526000000.0,,,712000000.0,,,3076000000.0,,2790000000.0,800000000.0,1990000000.0,10.51,10.39,189400000.0,191600000.0,2319000000.0,,,807000000.0,1409000000.0,,367000000.0,6334000000.0,310000000.0,3064000000.0,12460000000.0,,1187000000.0,24454000000.0,1282000000.0,1443000000.0,,5457000000.0,,,,887000000.0,18932000000.0,10661000000.0,-5320000000.0,5522000000.0,24454000000.0,467000000.0,99000000.0,,30000000.0,80000000.0,,,,,,2162000000.0,,,,,,471000000.0,,-40000000.0,-431000000.0,,,-3275000000.0,-1544000000.0,118000000.0
2016-03-31,5956000000.0,,,,,,739000000.0,,676000000.0,120000000.0,556000000.0,3.07,3.03,181300000.0,183400000.0,1277000000.0,,,898000000.0,,,185000000.0,5706000000.0,306000000.0,3230000000.0,12462000000.0,,1152000000.0,23933000000.0,1204000000.0,1271000000.0,,4955000000.0,,,,853000000.0,18312000000.0,10664000000.0,-5224000000.0,5621000000.0,23933000000.0,103000000.0,14000000.0,,514000000.0,89000000.0,,,,,,-60000000.0,,,,,,298000000.0,,0.0,-298000000.0,,,-684000000.0,-1042000000.0,
2016-06-30,11956000000.0,,,,,,1536000000.0,,1406000000.0,333000000.0,1073000000.0,5.94,5.88,180700000.0,182400000.0,1139000000.0,,,973000000.0,,,186000000.0,5781000000.0,313000000.0,3299000000.0,12463000000.0,,1163000000.0,24081000000.0,1272000000.0,1332000000.0,,5099000000.0,,,,853000000.0,18400000000.0,10634000000.0,-5132000000.0,5681000000.0,24081000000.0,209000000.0,37000000.0,,647000000.0,170000000.0,,,,,,544000000.0,,,,,,471000000.0,,-2000000.0,-469000000.0,,,-1255000000.0,-1180000000.0,
2016-09-30,18111000000.0,,,,,,2362000000.0,,2175000000.0,500000000.0,1675000000.0,9.32,9.23,179800000.0,181500000.0,1103000000.0,,,797000000.0,,,212000000.0,5771000000.0,323000000.0,3334000000.0,12464000000.0,,1292000000.0,24100000000.0,1325000000.0,1218000000.0,,5106000000.0,,,,831000000.0,18333000000.0,10628000000.0,-5038000000.0,5767000000.0,24100000000.0,322000000.0,61000000.0,,830000000.0,-14000000.0,,,,,,1282000000.0,,,,,,608000000.0,,-3000000.0,-605000000.0,,,-1893000000.0,-1216000000.0,
2016-12-31,24508000000.0,,,705000000.0,,,3193000000.0,,2923000000.0,723000000.0,2200000000.0,12.3,12.19,178900000.0,180500000.0,2541000000.0,,,816000000.0,1462000000.0,,200000000.0,6856000000.0,,3588000000.0,12450000000.0,,1258000000.0,25614000000.0,1554000000.0,1263000000.0,,5630000000.0,,,,849000000.0,20355000000.0,10630000000.0,-5546000000.0,5259000000.0,25614000000.0,456000000.0,93000000.0,,461000000.0,15000000.0,,,,,,2813000000.0,,,,,,920000000.0,,-115000000.0,-805000000.0,,,-1786000000.0,222000000.0,691000000.0
2017-03-31,6267000000.0,,,,,,832000000.0,,773000000.0,133000000.0,640000000.0,3.66,3.63,174800000.0,176100000.0,1403000000.0,,,933000000.0,,,160000000.0,6568000000.0,,3656000000.0,12454000000.0,,1319000000.0,25413000000.0,1374000000.0,1367000000.0,,5168000000.0,,,,881000000.0,19855000000.0,10824000000.0,-5441000000.0,5558000000.0,25413000000.0,104000000.0,17000000.0,,773000000.0,117000000.0,,,,,,-439000000.0,,,,,,216000000.0,,-2000000.0,-214000000.0,,,-485000000.0,-1138000000.0,
2017-06-30,12642000000.0,,,,,,1687000000.0,,1580000000.0,388000000.0,1192000000.0,6.82,6.78,174700000.0,175800000.0,1383000000.0,,,1039000000.0,,,162000000.0,6864000000.0,,3802000000.0,12453000000.0,,1309000000.0,25813000000.0,1385000000.0,2248000000.0,,6186000000.0,,,,823000000.0,19894000000.0,11087000000.0,-5342000000.0,5919000000.0,25813000000.0,211000000.0,42000000.0,,981000000.0,223000000.0,,,,,,68000000.0,,,,,,433000000.0,,-7000000.0,-426000000.0,,,-800000000.0,-1158000000.0,
2017-09-30,19169000000.0,,,,,,2532000000.0,,2365000000.0,528000000.0,1837000000.0,10.53,10.46,174500000.0,175600000.0,1878000000.0,,,1007000000.0,,,300000000.0,7599000000.0,,3925000000.0,12456000000.0,,1333000000.0,26513000000.0,1507000000.0,2194000000.0,,6300000000.0,,,,914000000.0,20020000000.0,11546000000.0,-5243000000.0,6493000000.0,26513000000.0,322000000.0,66000000.0,,1115000000.0,191000000.0,,,,,,1006000000.0,,,,,,650000000.0,,-21000000.0,-629000000.0,,,-1040000000.0,-663000000.0,
2017-12-31,25803000000.0,,,639000000.0,,,3299000000.0,,3049000000.0,1034000000.0,2015000000.0,11.55,11.47,174400000.0,175600000.0,11225000000.0,,,780000000.0,475000000.0,,368000000.0,16349000000.0,,4225000000.0,12455000000.0,,1413000000.0,34917000000.0,1661000000.0,2305000000.0,,6965000000.0,,,,994000000.0,27869000000.0,11548000000.0,-4718000000.0,7048000000.0,34917000000.0,475000000.0,94000000.0,,677000000.0,-36000000.0,,,,,,2613000000.0,,,,,,928000000.0,,-39000000.0,-889000000.0,,,6960000000.0,8684000000.0,517000000.0
2018-03-31,6735000000.0,,,,,,854000000.0,,871000000.0,132000000.0,739000000.0,4.24,4.21,174300000.0,175400000.0,10369000000.0,,1241000000.0,435000000.0,,,243000000.0,16157000000.0,,4285000000.0,12455000000.0,,1424000000.0,34795000000.0,1395000000.0,2337000000.0,,6415000000.0,,,,946000000.0,27115000000.0,13205000000.0,-5699000000.0,7680000000.0,34795000000.0,122000000.0,19000000.0,,187000000.0,37000000.0,,,,,,-237000000.0,,,,,,305000000.0,,2000000.0,-307000000.0,,,-312000000.0,-856000000.0,
2018-06-30,13854000000.0,,,,,,1677000000.0,,1720000000.0,292000000.0,1428000000.0,8.19,8.14,174500000.0,175400000.0,1539000000.0,,1815000000.0,690000000.0,,,406000000.0,9722000000.0,,5864000000.0,18747000000.0,1329000000.0,1537000000.0,37378000000.0,1824000000.0,2847000000.0,,7833000000.0,,,,1176000000.0,29151000000.0,13669000000.0,-5616000000.0,8227000000.0,37378000000.0,281000000.0,53000000.0,,145000000.0,73000000.0,,,,,,638000000.0,,,,,7657000000.0,504000000.0,,-2000000.0,-8159000000.0,,,-2165000000.0,-9686000000.0,
2018-09-30,21939000000.0,,,,,,2855000000.0,,2957000000.0,385000000.0,2572000000.0,14.76,14.68,174300000.0,175200000.0,1228000000.0,,1702000000.0,719000000.0,,,883000000.0,10132000000.0,,6025000000.0,18642000000.0,1460000000.0,1615000000.0,37943000000.0,1939000000.0,2769000000.0,1686000000.0,8039000000.0,,,,1518000000.0,28840000000.0,14464000000.0,-5535000000.0,9103000000.0,37943000000.0,534000000.0,82000000.0,,52000000.0,102000000.0,,,,,,1450000000.0,,,,,7657000000.0,786000000.0,,-23000000.0,-8420000000.0,,,-3027000000.0,-9997000000.0,
2018-12-31,30095000000.0,,,764000000.0,,,3780000000.0,,3742000000.0,513000000.0,3229000000.0,18.59,18.49,173700000.0,174600000.0,1579000000.0,,1448000000.0,654000000.0,2771000000.0,,973000000.0,9680000000.0,,6372000000.0,18672000000.0,1372000000.0,1463000000.0,37653000000.0,2182000000.0,2499000000.0,1917000000.0,8274000000.0,,108000000.0,,1446000000.0,29466000000.0,8068000000.0,-52000000.0,8187000000.0,37653000000.0,800000000.0,86000000.0,,-202000000.0,37000000.0,,,,,,3827000000.0,,,,,7657000000.0,1249000000.0,,-28000000.0,-8878000000.0,,,-4595000000.0,-9646000000.0,270000000.0
2019-03-31,8189000000.0,,,,,,936000000.0,,1034000000.0,171000000.0,863000000.0,5.08,5.06,170000000.0,170700000.0,755000000.0,,2166000000.0,778000000.0,,,959000000.0,10443000000.0,,6420000000.0,18698000000.0,1289000000.0,1534000000.0,39751000000.0,1932000000.0,3516000000.0,,8821000000.0,,133000000.0,,1451000000.0,31012000000.0,8628000000.0,-59000000.0,8739000000.0,39751000000.0,234000000.0,26000000.0,,718000000.0,124000000.0,,,,,,-913000000.0,,,,,,284000000.0,,-4000000.0,-280000000.0,,,462000000.0,-731000000.0,
2019-06-30,16645000000.0,,,,,,1882000000.0,,2062000000.0,338000000.0,1724000000.0,10.15,10.11,169900000.0,170500000.0,1088000000.0,,1832000000.0,810000000.0,,,772000000.0,10159000000.0,,6522000000.0,18708000000.0,1206000000.0,1626000000.0,39584000000.0,1962000000.0,2723000000.0,,8155000000.0,,140000000.0,,1621000000.0,30370000000.0,9120000000.0,-75000000.0,9214000000.0,39584000000.0,479000000.0,55000000.0,,384000000.0,156000000.0,,,,,,694000000.0,,,,,0.0,536000000.0,,-1000000.0,-535000000.0,,,-650000000.0,-491000000.0,
2019-09-30,25120000000.0,,,,,,2833000000.0,,3117000000.0,460000000.0,2657000000.0,15.67,15.6,169600000.0,170300000.0,1127000000.0,,2111000000.0,810000000.0,,,1011000000.0,10836000000.0,,6611000000.0,18707000000.0,1123000000.0,1682000000.0,40553000000.0,2021000000.0,2524000000.0,,8416000000.0,,111000000.0,,1734000000.0,30822000000.0,9649000000.0,-87000000.0,9731000000.0,40553000000.0,737000000.0,93000000.0,,663000000.0,156000000.0,,,,,,1833000000.0,,,,,0.0,793000000.0,,-8000000.0,-785000000.0,,,-1500000000.0,-452000000.0,
2019-12-31,33841000000.0,,,953000000.0,,,3969000000.0,,2548000000.0,300000000.0,2248000000.0,13.28,13.22,169300000.0,170000000.0,2245000000.0,,1326000000.0,783000000.0,508000000.0,,997000000.0,10685000000.0,,6912000000.0,18708000000.0,1040000000.0,1725000000.0,41089000000.0,2226000000.0,3106000000.0,2237000000.0,9434000000.0,,0.0,,1779000000.0,32270000000.0,8748000000.0,-97000000.0,8819000000.0,41089000000.0,1018000000.0,127000000.0,,-122000000.0,135000000.0,,,,320000000.0,,4297000000.0,,,,,0.0,1264000000.0,,-57000000.0,-1207000000.0,,,-2424000000.0,666000000.0,324000000.0
2020-03-31,8620000000.0,,,,,,934000000.0,,1053000000.0,185000000.0,868000000.0,5.18,5.15,167700000.0,168400000.0,3278000000.0,,2136000000.0,785000000.0,,,1011000000.0,13128000000.0,,6956000000.0,18698000000.0,974000000.0,1623000000.0,43203000000.0,2071000000.0,4607000000.0,2027000000.0,10177000000.0,,,,1606000000.0,34141000000.0,9011000000.0,-116000000.0,9062000000.0,43203000000.0,297000000.0,18000000.0,,810000000.0,2000000.0,,,,,,-993000000.0,,,,,,272000000.0,,-2000000.0,-270000000.0,,,2296000000.0,1033000000.0,
2020-06-30,17504000000.0,,,,,,1928000000.0,,2256000000.0,383000000.0,1873000000.0,11.2,11.16,167300000.0,167900000.0,4178000000.0,,1989000000.0,,,,720000000.0,13179000000.0,,7063000000.0,18707000000.0,909000000.0,1743000000.0,43475000000.0,2006000000.0,3928000000.0,2179000000.0,9727000000.0,,,,1862000000.0,33763000000.0,9652000000.0,-117000000.0,9712000000.0,43475000000.0,605000000.0,36000000.0,,663000000.0,49000000.0,,,,,,1344000000.0,,,,,,541000000.0,,-2000000.0,-539000000.0,,,1128000000.0,1933000000.0,
2020-09-30,26587000000.0,,,,,,2913000000.0,,3423000000.0,564000000.0,2859000000.0,17.11,17.05,167100000.0,167700000.0,4995000000.0,,1958000000.0,,,,1023000000.0,14552000000.0,,7187000000.0,18711000000.0,844000000.0,1811000000.0,44772000000.0,2197000000.0,3830000000.0,2235000000.0,10109000000.0,,,,2216000000.0,34305000000.0,10394000000.0,-121000000.0,10467000000.0,44772000000.0,922000000.0,61000000.0,,632000000.0,70000000.0,,,,,,2703000000.0,,,,,,828000000.0,,0.0,-828000000.0,,,875000000.0,2750000000.0,
2020-12-31,36799000000.0,,,1100000000.0,,,4065000000.0,,3728000000.0,539000000.0,3189000000.0,19.08,19.03,167100000.0,167600000.0,4907000000.0,,1501000000.0,759000000.0,311000000.0,,1402000000.0,15344000000.0,,7071000000.0,17518000000.0,783000000.0,1909000000.0,44469000000.0,1806000000.0,3002000000.0,2517000000.0,9580000000.0,,,,2208000000.0,33890000000.0,10482000000.0,-128000000.0,10579000000.0,44469000000.0,1267000000.0,90000000.0,,285000000.0,-18000000.0,-160000000.0,,,280000000.0,,4305000000.0,,,,,0.0,1420000000.0,,-4000000.0,-1211000000.0,,,-432000000.0,2662000000.0,312000000.0
2021-03-31,9157000000.0,,,,,8315000000.0,2822000000.0,,3016000000.0,821000000.0,2195000000.0,13.46,13.43,163100000.0,163500000.0,3517000000.0,,1710000000.0,,,,647000000.0,12253000000.0,,7093000000.0,17518000000.0,732000000.0,1964000000.0,41423000000.0,1895000000.0,2537000000.0,2393000000.0,8367000000.0,,,,2196000000.0,30898000000.0,10487000000.0,-131000000.0,10525000000.0,41423000000.0,294000000.0,18000000.0,,253000000.0,101000000.0,,,,,,-66000000.0,,,,,,205000000.0,,-1000000.0,3196000000.0,,,-4520000000.0,-1390000000.0,
2021-06-30,18308000000.0,,,,,16422000000.0,3866000000.0,,4318000000.0,1086000000.0,3232000000.0,19.95,19.89,162000000.0,162500000.0,3941000000.0,,1910000000.0,,,,630000000.0,12762000000.0,,7164000000.0,17518000000.0,680000000.0,2010000000.0,42142000000.0,2001000000.0,2318000000.0,2526000000.0,8591000000.0,,,,2284000000.0,30970000000.0,11144000000.0,-132000000.0,11172000000.0,42142000000.0,594000000.0,40000000.0,,453000000.0,104000000.0,,,,,,962000000.0,,,,,,435000000.0,,-1000000.0,3022000000.0,,,-4950000000.0,-966000000.0,
2021-09-30,27028000000.0,,,,,24099000000.0,4909000000.0,,5593000000.0,1298000000.0,4295000000.0,26.63,26.55,161300000.0,161800000.0,4055000000.0,,1590000000.0,,,,737000000.0,12928000000.0,,7277000000.0,17516000000.0,629000000.0,2026000000.0,42346000000.0,2184000000.0,2230000000.0,2594000000.0,8819000000.0,,,,2302000000.0,30929000000.0,11398000000.0,-140000000.0,11417000000.0,42346000000.0,908000000.0,71000000.0,,133000000.0,113000000.0,,,,,,2125000000.0,,,,,,682000000.0,,3000000.0,2799000000.0,,,-5776000000.0,-852000000.0,
2021-12-31,35667000000.0,,,1100000000.0,,31996000000.0,5651000000.0,,8938000000.0,1933000000.0,7005000000.0,43.7,43.54,160300000.0,160900000.0,3530000000.0,,1467000000.0,811000000.0,2729000000.0,,1126000000.0,12426000000.0,,7894000000.0,17515000000.0,578000000.0,2311000000.0,42579000000.0,2197000000.0,2314000000.0,3026000000.0,9530000000.0,,,,1997000000.0,29653000000.0,12913000000.0,-143000000.0,12926000000.0,42579000000.0,1239000000.0,94000000.0,,10000000.0,52000000.0,414000000.0,,,509000000.0,,3567000000.0,,,,,,1415000000.0,,11000000.0,2058000000.0,,,-7002000000.0,-1377000000.0,1300000000.0
2022-03-31,8797000000.0,,,,,7900000000.0,897000000.0,,1144000000.0,189000000.0,955000000.0,6.12,6.1,156000000.0,156600000.0,2174000000.0,,1713000000.0,,,,713000000.0,11556000000.0,,8017000000.0,17523000000.0,533000000.0,2352000000.0,41903000000.0,2050000000.0,2392000000.0,2876000000.0,8850000000.0,,,,1991000000.0,28616000000.0,13277000000.0,-146000000.0,13287000000.0,41903000000.0,303000000.0,18000000.0,,246000000.0,27000000.0,,,,,,-488000000.0,,,,,,244000000.0,,5000000.0,-249000000.0,,,-619000000.0,-1356000000.0,
2022-06-30,17598000000.0,,,,,15747000000.0,1851000000.0,,2294000000.0,393000000.0,1901000000.0,12.21,12.16,155700000.0,156300000.0,1169000000.0,,2387000000.0,,,,961000000.0,11637000000.0,,8125000000.0,17518000000.0,483000000.0,2243000000.0,41914000000.0,2098000000.0,2403000000.0,2734000000.0,8976000000.0,,,,1976000000.0,28263000000.0,13655000000.0,-159000000.0,13651000000.0,41914000000.0,633000000.0,42000000.0,,920000000.0,98000000.0,,,,,,-685000000.0,,,,,,507000000.0,,-39000000.0,-468000000.0,,,-1208000000.0,-2361000000.0,
2022-09-30,26569000000.0,,,,,23874000000.0,2695000000.0,,3384000000.0,568000000.0,2816000000.0,18.13,18.06,155300000.0,155900000.0,1666000000.0,,1936000000.0,,,,1277000000.0,12298000000.0,,8325000000.0,17516000000.0,433000000.0,2248000000.0,42733000000.0,2335000000.0,3539000000.0,3107000000.0,10812000000.0,,,,1988000000.0,28790000000.0,13955000000.0,-166000000.0,13943000000.0,42733000000.0,960000000.0,72000000.0,,469000000.0,171000000.0,,,,,,650000000.0,,,,,,803000000.0,,-40000000.0,-663000000.0,,,-1851000000.0,-1864000000.0,
2022-12-31,36602000000.0,,,1200000000.0,,33001000000.0,3601000000.0,,5836000000.0,940000000.0,4896000000.0,31.61,31.47,154900000.0,155600000.0,2577000000.0,,1511000000.0,978000000.0,3488000000.0,,1439000000.0,12488000000.0,,8800000000.0,17516000000.0,384000000.0,2594000000.0,43755000000.0,2587000000.0,3334000000.0,3609000000.0,11587000000.0,,,,1907000000.0,28443000000.0,15312000000.0,-153000000.0,15312000000.0,43755000000.0,1342000000.0,99000000.0,,44000000.0,205000000.0,646000000.0,,,583000000.0,,2901000000.0,,,,,,1435000000.0,,-39000000.0,-1241000000.0,,,-2613000000.0,-953000000.0,1500000000.0
2023-03-31,9301000000.0,,,,,8354000000.0,947000000.0,,998000000.0,156000000.0,842000000.0,5.52,5.5,152600000.0,153200000.0,2495000000.0,,2061000000.0,,,,924000000.0,12810000000.0,,8838000000.0,17516000000.0,364000000.0,2703000000.0,44244000000.0,2136000000.0,3490000000.0,3211000000.0,10483000000.0,,,,1893000000.0,29108000000.0,15135000000.0,-151000000.0,15136000000.0,44244000000.0,298000000.0,19000000.0,,550000000.0,137000000.0,,,,,,-702000000.0,,,,,,309000000.0,,0.0,-309000000.0,,,929000000.0,-82000000.0,
2023-06-30,18877000000.0,,,,,16963000000.0,1914000000.0,,1985000000.0,331000000.0,1654000000.0,10.87,10.83,152100000.0,152700000.0,3384000000.0,,2096000000.0,,,,1232000000.0,13869000000.0,,8976000000.0,17517000000.0,344000000.0,2688000000.0,45609000000.0,2056000000.0,4226000000.0,3397000000.0,11557000000.0,,,,1837000000.0,30123000000.0,15485000000.0,-150000000.0,15486000000.0,45609000000.0,621000000.0,47000000.0,,591000000.0,331000000.0,,,,,,217000000.0,,,,,,613000000.0,,-1000000.0,-612000000.0,,,1202000000.0,807000000.0,
2023-09-30,28652000000.0,,,,,25722000000.0,2930000000.0,,3103000000.0,512000000.0,2591000000.0,17.07,17.0,151800000.0,152400000.0,2082000000.0,,1764000000.0,,,,1679000000.0,13150000000.0,,9173000000.0,17514000000.0,324000000.0,2691000000.0,44896000000.0,2260000000.0,2660000000.0,3458000000.0,10305000000.0,,,,1987000000.0,28968000000.0,15924000000.0,-147000000.0,15928000000.0,44896000000.0,938000000.0,64000000.0,,256000000.0,396000000.0,,,,,,1445000000.0,,,,,,972000000.0,,-3000000.0,-812000000.0,,,-1128000000.0,-495000000.0,
2023-12-31,39290000000.0,,,1200000000.0,,36753000000.0,2537000000.0,,2346000000.0,290000000.0,2056000000.0,13.57,13.53,151500000.0,152000000.0,3109000000.0,,1454000000.0,1109000000.0,1020000000.0,,2341000000.0,13706000000.0,,9653000000.0,17517000000.0,305000000.0,2525000000.0,46544000000.0,2110000000.0,3388000000.0,4193000000.0,11942000000.0,,,,2839000000.0,31749000000.0,14773000000.0,-128000000.0,14795000000.0,46544000000.0,1338000000.0,87000000.0,,-54000000.0,220000000.0,-247000000.0,,,584000000.0,,3875000000.0,,,,,,1775000000.0,,4000000.0,-1582000000.0,,,-1761000000.0,532000000.0,1200000000.0
2024-03-31,10133000000.0,,,,,9062000000.0,1071000000.0,,1131000000.0,187000000.0,944000000.0,6.34,6.32,148900000.0,149300000.0,3061000000.0,,1832000000.0,1370000000.0,,,2083000000.0,14796000000.0,,9690000000.0,17515000000.0,290000000.0,2641000000.0,47818000000.0,2580000000.0,5321000000.0,3530000000.0,13132000000.0,,,,2641000000.0,33595000000.0,14218000000.0,-143000000.0,14223000000.0,47818000000.0,299000000.0,20000000.0,,378000000.0,262000000.0,,,,,,-706000000.0,,,,,,270000000.0,,-1000000.0,-269000000.0,,,927000000.0,-48000000.0,
2024-06-30,20351000000.0,,,,,18190000000.0,2161000000.0,,2277000000.0,393000000.0,1884000000.0,12.72,12.69,148100000.0,148500000.0,3272000000.0,,1694000000.0,1504000000.0,,,1363000000.0,14267000000.0,,9771000000.0,17516000000.0,282000000.0,2761000000.0,47670000000.0,2352000000.0,5361000000.0,3292000000.0,12908000000.0,,,,2674000000.0,33369000000.0,14301000000.0,-146000000.0,14301000000.0,47670000000.0,625000000.0,46000000.0,,240000000.0,398000000.0,,,,,,719000000.0,,,,,,590000000.0,,0.0,-590000000.0,,,34000000.0,163000000.0,
2024-09-30,30347000000.0,,,,,27066000000.0,3281000000.0,,3465000000.0,555000000.0,2910000000.0,19.73,19.69,147500000.0,147800000.0,3326000000.0,,1609000000.0,1646000000.0,,,1233000000.0,14332000000.0,,10078000000.0,17517000000.0,268000000.0,2908000000.0,48289000000.0,2518000000.0,5502000000.0,3157000000.0,13101000000.0,,,,2744000000.0,33541000000.0,14738000000.0,-136000000.0,14748000000.0,48289000000.0,956000000.0,72000000.0,,155000000.0,542000000.0,,,,,,1810000000.0,,,,,,951000000.0,,0.0,-951000000.0,,,-642000000.0,217000000.0,
