Date,Net sales,Cost of sales,Gross margin,Research and development,"Selling, general and administrative",Total operating expenses,Operating income,"Other income/(expense), net",Income before provision for income taxes,Provision for income taxes,Net income,Earnings per share basic,Earnings per share diluted,Weighted-average basic,Weighted-average diluted,Cash and cash equivalents,Short-term marketable securities,"Accounts receivable, net",Inventories,Deferred tax assets,Vendor non-trade receivables,Other current assets,Total current assets,Long-term marketable securities,"Property, Plant and Equipment, Net",Goodwill,"Acquired intangible assets, net","Other Assets, Noncurrent",Total assets,accounts payable,Accrued expenses,Deferred revenue,Total current liabilities,Deferred revenue - non-current,deferred tax liabilities,long term taxes payable,Total other non-current liabilities,Total liabilities,Retained Earnings (Accumulated Deficit),Accumulated other comprehensive (loss)/income,Total shareholders equity,Total liabilities and shareholders' equity,"Depreciation, amortization and accretion",Stock-based compensation expense,Deferred income tax expense,"Increase (Decrease) in Accounts receivable, net",Increase (Decrease) in Inventories,Increase (Decrease) in Other Receivables,Increase (Decrease) in Other Operating Assets,Increase (Decrease) in Accounts Payable,Increase (Decrease) in Deferred Revenue,Increase (Decrease) Other liabilities,Cash generated by operating activities,Purchases of marketable securities,Proceeds from maturities of marketable securities,Proceeds from sales of marketable securities,Purchases of other long-term investments,"Business acquisitions, net of cash acquired",Cash payments for capital asset purchases,Payments for acquisition of intangible assets,Payments for (Proceeds from) Other Investing Activities,Cash used in investing activities,Proceeds from issuance of common stock,Excess tax benefits from stock-based compensation,Cash generated/used in financing activities,Increase/(decrease) in cash and cash equivalents,"Cash paid for income taxes, net"
2009-12-31,8952000000.0,5323000000.0,,,550000000.0,6793000000.0,2159000000.0,,,728000000.0,942000000.0,3.7,3.44,246000000.0,271000000.0,2304000000.0,,876000000.0,541000000.0,,,,6208000000.0,,11564000000.0,1718000000.0,,148000000.0,23378000000.0,693000000.0,142000000.0,,3762000000.0,,1783000000.0,,519000000.0,15434000000.0,3332000000.0,416000000.0,,23378000000.0,818000000.0,26000000.0,,88000000.0,-83000000.0,,,,,,2106000000.0,0.0,,,,427000000.0,734000000.0,78000000.0,5000000.0,-954000000.0,2000000.0,,-343000000.0,810000000.0,
2010-03-31,2215000000.0,1639000000.0,,,130000000.0,1980000000.0,258000000.0,,,65000000.0,58000000.0,0.22,0.22,254000000.0,257000000.0,1813000000.0,,700000000.0,549000000.0,,,,7142000000.0,,11627000000.0,1713000000.0,,156000000.0,24578000000.0,595000000.0,,,4372000000.0,,1925000000.0,,885000000.0,16310000000.0,3388000000.0,667000000.0,,24578000000.0,202000000.0,6000000.0,,,,,,,,,114000000.0,,,,,,185000000.0,34000000.0,5000000.0,-194000000.0,2000000.0,,-408000000.0,-491000000.0,
2010-09-30,7033000000.0,4803000000.0,,,441000000.0,5900000000.0,1156000000.0,-394000000.0,,271000000.0,492000000.0,1.91,1.9,254000000.0,255000000.0,3447000000.0,,904000000.0,463000000.0,,,,8496000000.0,,11844000000.0,1713000000.0,,222000000.0,27419000000.0,765000000.0,,,4482000000.0,,1747000000.0,,1054000000.0,18950000000.0,3817000000.0,571000000.0,,27419000000.0,620000000.0,23000000.0,,,,,,,,,1141000000.0,,,,,142000000.0,490000000.0,56000000.0,13000000.0,-570000000.0,2000000.0,,575000000.0,1143000000.0,
2010-12-31,8849000000.0,6073000000.0,,,598000000.0,7564000000.0,1308000000.0,-555000000.0,753000000.0,277000000.0,477000000.0,1.86,1.84,252000000.0,254000000.0,2951000000.0,,734000000.0,453000000.0,-2097000000.0,,,7137000000.0,,12517000000.0,1868000000.0,,208000000.0,26896000000.0,783000000.0,274000000.0,,4220000000.0,,1989000000.0,,820000000.0,18576000000.0,3800000000.0,432000000.0,,26896000000.0,838000000.0,30000000.0,8000000.0,-138000000.0,-91000000.0,,,-261000000.0,,,1623000000.0,,,,,1006000000.0,706000000.0,71000000.0,,-1623000000.0,2000000.0,,651000000.0,647000000.0,20000000.0
2011-03-31,1995000000.0,1324000000.0,,,143000000.0,1681000000.0,314000000.0,-679000000.0,-365000000.0,-105000000.0,-260000000.0,-1.06,-1.06,247000000.0,247000000.0,2711000000.0,,687000000.0,418000000.0,,,,6378000000.0,,11579000000.0,1863000000.0,,198000000.0,25043000000.0,568000000.0,,,2998000000.0,,1812000000.0,,1133000000.0,17194000000.0,3538000000.0,363000000.0,,25043000000.0,205000000.0,,,,,,,,,,216000000.0,,,,,,219000000.0,7000000.0,15000000.0,-228000000.0,1000000.0,,-232000000.0,-240000000.0,
2011-12-31,9079000000.0,6675000000.0,,,668000000.0,8444000000.0,635000000.0,-1281000000.0,-646000000.0,-843000000.0,197000000.0,0.78,0.78,240000000.0,241000000.0,1105000000.0,,834000000.0,308000000.0,-1516000000.0,,,7597000000.0,,13621000000.0,1886000000.0,,336000000.0,26715000000.0,808000000.0,194000000.0,,5671000000.0,,1389000000.0,,356000000.0,18797000000.0,3987000000.0,74000000.0,,26715000000.0,896000000.0,28000000.0,-331000000.0,119000000.0,-145000000.0,,,9000000.0,,,1166000000.0,406000000.0,,385000000.0,,377000000.0,2310000000.0,19000000.0,23000000.0,-3047000000.0,2000000.0,,33000000.0,-1846000000.0,26000000.0
2012-03-31,1862000000.0,1573000000.0,,,221000000.0,2032000000.0,-170000000.0,-156000000.0,-326000000.0,-120000000.0,-207000000.0,,,,,1014000000.0,,716000000.0,392000000.0,,,,8458000000.0,,14376000000.0,1886000000.0,,352000000.0,28530000000.0,1080000000.0,,,6885000000.0,,1300000000.0,,810000000.0,20648000000.0,3777000000.0,71000000.0,,28530000000.0,230000000.0,,,,,,,,,,-76000000.0,126000000.0,,119000000.0,,,639000000.0,,-7000000.0,-543000000.0,,,527000000.0,-91000000.0,
2012-06-30,4028000000.0,2892000000.0,,,428000000.0,3801000000.0,397000000.0,-307000000.0,246000000.0,-133000000.0,251000000.0,1.09,1.08,228000000.0,229000000.0,1149000000.0,,1000000000.0,416000000.0,,,,7255000000.0,,15318000000.0,1886000000.0,,392000000.0,27856000000.0,1350000000.0,,,5698000000.0,,1147000000.0,,878000000.0,19704000000.0,4026000000.0,-17000000.0,,27856000000.0,464000000.0,18000000.0,,,,,,,,,585000000.0,236000000.0,,220000000.0,,0.0,1593000000.0,,44000000.0,-1555000000.0,,,1015000000.0,44000000.0,
2012-12-31,8422000000.0,6087000000.0,,,892000000.0,8072000000.0,350000000.0,-98000000.0,252000000.0,-327000000.0,559000000.0,2.37,2.35,232000000.0,234000000.0,2087000000.0,,986000000.0,931000000.0,1262000000.0,,,7956000000.0,,20268000000.0,1956000000.0,,597000000.0,35128000000.0,1170000000.0,350000000.0,,4677000000.0,,55000000.0,,735000000.0,24346000000.0,4494000000.0,-150000000.0,,35128000000.0,950000000.0,41000000.0,-360000000.0,131000000.0,172000000.0,,,-132000000.0,,,1149000000.0,436000000.0,,399000000.0,,81000000.0,3396000000.0,1000000.0,-22000000.0,-2262000000.0,0.0,,2099000000.0,982000000.0,17000000.0
2013-03-31,2081000000.0,1765000000.0,,,229000000.0,2340000000.0,-259000000.0,-217000000.0,-476000000.0,-149000000.0,-328000000.0,-1.02,,323000000.0,,1707000000.0,,982000000.0,904000000.0,128000000.0,,,8031000000.0,,20404000000.0,1954000000.0,,545000000.0,35371000000.0,1054000000.0,,,5162000000.0,,53000000.0,,1474000000.0,24926000000.0,4124000000.0,-136000000.0,,35371000000.0,298000000.0,18000000.0,,,,,,,,,-124000000.0,95000000.0,,85000000.0,,18000000.0,813000000.0,,1000000.0,-836000000.0,1000000.0,,580000000.0,-380000000.0,
2013-06-30,5010000000.0,3824000000.0,,,442000000.0,4974000000.0,295000000.0,-436000000.0,-400000000.0,-210000000.0,-198000000.0,-0.63,-0.63,323000000.0,327000000.0,1368000000.0,,1290000000.0,874000000.0,10000000.0,,,6943000000.0,,20454000000.0,1954000000.0,,578000000.0,34492000000.0,1196000000.0,,,4411000000.0,,47000000.0,,1417000000.0,23940000000.0,4179000000.0,-118000000.0,,34492000000.0,603000000.0,24000000.0,,,,,,,,,-78000000.0,233000000.0,,208000000.0,,39000000.0,1281000000.0,,20000000.0,-1375000000.0,9000000.0,,736000000.0,-719000000.0,
2013-09-30,8500000000.0,6179000000.0,,,671000000.0,7929000000.0,571000000.0,-665000000.0,306000000.0,163000000.0,124000000.0,0.38,0.37,323000000.0,327000000.0,2129000000.0,,1366000000.0,861000000.0,0.0,,,7249000000.0,,20600000000.0,1953000000.0,,689000000.0,34863000000.0,1140000000.0,,,4382000000.0,,50000000.0,,1377000000.0,23733000000.0,4272000000.0,-129000000.0,,34863000000.0,921000000.0,32000000.0,,,,,,,,,823000000.0,369000000.0,,344000000.0,,374000000.0,1581000000.0,,7000000.0,-2031000000.0,14000000.0,,1251000000.0,42000000.0,
2013-12-31,11295000000.0,8121000000.0,,,904000000.0,10952000000.0,343000000.0,-977000000.0,-634000000.0,-282000000.0,-386000000.0,-1.22,-1.22,323000000.0,323000000.0,2254000000.0,,1214000000.0,898000000.0,1438000000.0,,,7596000000.0,,19851000000.0,1985000000.0,,740000000.0,33902000000.0,1038000000.0,333000000.0,,4204000000.0,,22000000.0,,695000000.0,23184000000.0,3695000000.0,5000000.0,,33902000000.0,1256000000.0,38000000.0,-293000000.0,224000000.0,-11000000.0,,,275000000.0,,,1270000000.0,514000000.0,,488000000.0,,494000000.0,1987000000.0,5000000.0,35000000.0,-2528000000.0,16000000.0,,1427000000.0,167000000.0,-60000000.0
2014-03-31,3486000000.0,2733000000.0,,19000000.0,226000000.0,3325000000.0,180000000.0,-278000000.0,-98000000.0,-31000000.0,-56000000.0,-0.18,,324000000.0,,3187000000.0,,1149000000.0,781000000.0,78000000.0,,,8383000000.0,,19644000000.0,2038000000.0,,,34961000000.0,1082000000.0,,,4225000000.0,,24000000.0,,1230000000.0,24318000000.0,3594000000.0,10000000.0,,34961000000.0,335000000.0,8000000.0,,,,,,,,,391000000.0,188000000.0,,183000000.0,,218000000.0,237000000.0,,-3000000.0,124000000.0,3000000.0,,416000000.0,933000000.0,
2014-06-30,7107000000.0,5550000000.0,,40000000.0,494000000.0,6857000000.0,269000000.0,-573000000.0,-304000000.0,-157000000.0,-153000000.0,-0.48,-0.48,337000000.0,337000000.0,1481000000.0,,1482000000.0,996000000.0,79000000.0,,,7757000000.0,,21576000000.0,2116000000.0,,1307000000.0,37629000000.0,1103000000.0,,,4746000000.0,,71000000.0,,1254000000.0,26403000000.0,3445000000.0,5000000.0,,37629000000.0,721000000.0,24000000.0,,,,,,,,,370000000.0,340000000.0,,334000000.0,,1817000000.0,507000000.0,,3000000.0,-1753000000.0,8000000.0,,634000000.0,-773000000.0,
2014-09-30,11676000000.0,8828000000.0,,62000000.0,752000000.0,10877000000.0,818000000.0,-851000000.0,271000000.0,89000000.0,168000000.0,0.49,0.48,338000000.0,343000000.0,1953000000.0,,1554000000.0,1051000000.0,79000000.0,,,7872000000.0,,22181000000.0,2452000000.0,,1281000000.0,40069000000.0,1098000000.0,,,4543000000.0,,24000000.0,,1385000000.0,28102000000.0,3564000000.0,-5000000.0,,40069000000.0,1096000000.0,32000000.0,,,,,,,,,1114000000.0,475000000.0,,463000000.0,,2832000000.0,675000000.0,,70000000.0,-2958000000.0,15000000.0,,1541000000.0,-301000000.0,
2014-12-31,15868000000.0,11779000000.0,,91000000.0,1042000000.0,14616000000.0,1271000000.0,-1136000000.0,135000000.0,3000000.0,134000000.0,0.23,0.23,334000000.0,339000000.0,2116000000.0,,1322000000.0,1247000000.0,1559000000.0,,,8582000000.0,,22367000000.0,2574000000.0,,1244000000.0,40665000000.0,1060000000.0,394000000.0,,4859000000.0,,21000000.0,,847000000.0,28679000000.0,3588000000.0,-174000000.0,,40665000000.0,1523000000.0,42000000.0,-5000000.0,2000000.0,245000000.0,,,-12000000.0,,,1510000000.0,619000000.0,,600000000.0,,2936000000.0,909000000.0,16000000.0,-85000000.0,-2903000000.0,21000000.0,,1265000000.0,-138000000.0,-6000000.0
2015-03-31,3826000000.0,3062000000.0,,34000000.0,263000000.0,3764000000.0,76000000.0,-285000000.0,-209000000.0,-73000000.0,-120000000.0,-0.37,,336000000.0,,2164000000.0,,1179000000.0,1109000000.0,188000000.0,,,8122000000.0,,22276000000.0,2520000000.0,,1404000000.0,40330000000.0,1045000000.0,,,4509000000.0,,20000000.0,,1549000000.0,28641000000.0,3413000000.0,-191000000.0,,40330000000.0,395000000.0,11000000.0,,,,,,,,,260000000.0,193000000.0,,196000000.0,,1000000.0,252000000.0,,41000000.0,-270000000.0,1000000.0,,40000000.0,48000000.0,
2015-06-30,7223000000.0,5496000000.0,,75000000.0,554000000.0,6929000000.0,308000000.0,-543000000.0,-235000000.0,-90000000.0,-134000000.0,-0.43,,335000000.0,,2146000000.0,,1413000000.0,1153000000.0,193000000.0,,,8010000000.0,,22304000000.0,2555000000.0,,1405000000.0,40365000000.0,1080000000.0,,,4469000000.0,,18000000.0,,1527000000.0,28019000000.0,3346000000.0,-170000000.0,,40365000000.0,791000000.0,24000000.0,,,,,,,,,458000000.0,354000000.0,,358000000.0,,30000000.0,583000000.0,,-9000000.0,-860000000.0,1000000.0,,429000000.0,30000000.0,
2015-09-30,11654000000.0,8530000000.0,,113000000.0,886000000.0,10981000000.0,687000000.0,-808000000.0,-121000000.0,47000000.0,-68000000.0,-0.25,-0.25,334000000.0,334000000.0,2265000000.0,,1492000000.0,1149000000.0,169000000.0,,,8073000000.0,,21985000000.0,2503000000.0,,1426000000.0,39988000000.0,1173000000.0,,,4336000000.0,,20000000.0,,1478000000.0,27821000000.0,3358000000.0,-188000000.0,,39988000000.0,1173000000.0,37000000.0,,,,,,,,,1392000000.0,500000000.0,,499000000.0,,31000000.0,889000000.0,,-13000000.0,-1232000000.0,1000000.0,,-26000000.0,149000000.0,
2015-12-31,14674000000.0,10755000000.0,,154000000.0,1220000000.0,18735000000.0,-4040000000.0,-1054000000.0,-5094000000.0,1342000000.0,-6382000000.0,-19.46,-19.46,329000000.0,329000000.0,1518000000.0,,1157000000.0,1252000000.0,148000000.0,,,7391000000.0,,18732000000.0,999000000.0,,1214000000.0,32882000000.0,869000000.0,386000000.0,,4375000000.0,,19000000.0,,900000000.0,27117000000.0,-3007000000.0,-173000000.0,,32882000000.0,1566000000.0,41000000.0,1336000000.0,-136000000.0,26000000.0,,,-218000000.0,,,1309000000.0,629000000.0,,631000000.0,,31000000.0,1283000000.0,-41000000.0,-11000000.0,-1485000000.0,1000000.0,,-432000000.0,-598000000.0,16000000.0
2016-03-31,3229000000.0,2189000000.0,,26000000.0,255000000.0,2785000000.0,476000000.0,-408000000.0,68000000.0,21000000.0,82000000.0,0.24,0.24,315000000.0,315000000.0,1659000000.0,,1018000000.0,1161000000.0,,,,7346000000.0,,18763000000.0,999000000.0,,1151000000.0,32680000000.0,845000000.0,,,4338000000.0,,37000000.0,,1547000000.0,26972000000.0,-2977000000.0,-195000000.0,,32680000000.0,313000000.0,8000000.0,,,,,,,,,554000000.0,200000000.0,,191000000.0,,6000000.0,279000000.0,12000000.0,-4000000.0,-143000000.0,0.0,,-264000000.0,141000000.0,
2016-06-30,5867000000.0,3945000000.0,,44000000.0,520000000.0,5253000000.0,563000000.0,-746000000.0,-251000000.0,46000000.0,-271000000.0,-0.61,-0.67,315000000.0,315000000.0,1389000000.0,,1251000000.0,1124000000.0,,,,6364000000.0,,18382000000.0,999000000.0,,1239000000.0,31422000000.0,898000000.0,,,4514000000.0,,42000000.0,,1554000000.0,26278000000.0,-3179000000.0,-203000000.0,,31422000000.0,622000000.0,16000000.0,,,,,,,,,873000000.0,280000000.0,,267000000.0,,17000000.0,622000000.0,27000000.0,-32000000.0,-469000000.0,0.0,,-530000000.0,-129000000.0,
2016-09-30,9819000000.0,6738000000.0,,67000000.0,802000000.0,8716000000.0,1318000000.0,-1059000000.0,442000000.0,95000000.0,402000000.0,1.27,1.27,316000000.0,317000000.0,2435000000.0,,1362000000.0,1017000000.0,,,,7014000000.0,,18203000000.0,999000000.0,,1198000000.0,31491000000.0,945000000.0,,,4301000000.0,,47000000.0,,1480000000.0,25979000000.0,-2791000000.0,-142000000.0,,31491000000.0,979000000.0,23000000.0,,,,,,,,,1733000000.0,378000000.0,,354000000.0,,18000000.0,898000000.0,32000000.0,-44000000.0,-321000000.0,1000000.0,,-489000000.0,917000000.0,
2016-12-31,12351000000.0,8555000000.0,,90000000.0,1101000000.0,12039000000.0,527000000.0,-1402000000.0,-875000000.0,16000000.0,-774000000.0,-2.22,-2.22,316000000.0,316000000.0,1973000000.0,,1166000000.0,1111000000.0,205000000.0,,,6395000000.0,,17912000000.0,662000000.0,,1179000000.0,30355000000.0,895000000.0,418000000.0,,4382000000.0,,20000000.0,,930000000.0,25863000000.0,-3787000000.0,-135000000.0,,30355000000.0,1367000000.0,10000000.0,-1000000.0,12000000.0,-134000000.0,,,-27000000.0,,,2072000000.0,551000000.0,,510000000.0,,209000000.0,1244000000.0,1000000.0,-48000000.0,-824000000.0,1000000.0,,-794000000.0,455000000.0,27000000.0
2017-03-31,2759000000.0,2125000000.0,,17000000.0,272000000.0,2714000000.0,47000000.0,-254000000.0,-207000000.0,-4000000.0,-163000000.0,-0.52,-0.52,316000000.0,316000000.0,1513000000.0,,974000000.0,1140000000.0,,,,5440000000.0,,17942000000.0,662000000.0,,1172000000.0,29420000000.0,872000000.0,,,4197000000.0,,20000000.0,,1487000000.0,25363000000.0,-4238000000.0,-124000000.0,,29420000000.0,300000000.0,8000000.0,,,,,,,,,-68000000.0,153000000.0,,117000000.0,,3000000.0,268000000.0,9000000.0,-18000000.0,-232000000.0,,,-153000000.0,-460000000.0,
2017-06-30,5083000000.0,3696000000.0,,35000000.0,482000000.0,4795000000.0,382000000.0,-453000000.0,103000000.0,4000000.0,-790000000.0,,,316000000.0,,752000000.0,,1162000000.0,713000000.0,,,,4469000000.0,,15302000000.0,662000000.0,,659000000.0,25205000000.0,757000000.0,,,3520000000.0,,20000000.0,,1135000000.0,21671000000.0,-4874000000.0,-100000000.0,,25205000000.0,517000000.0,16000000.0,,,,,,,,,74000000.0,279000000.0,,277000000.0,,16000000.0,542000000.0,30000000.0,-18000000.0,-545000000.0,,,18000000.0,-146000000.0,
2017-09-30,8132000000.0,5852000000.0,,49000000.0,697000000.0,7482000000.0,758000000.0,-633000000.0,196000000.0,6000000.0,-619000000.0,-1.95,-1.95,317000000.0,322000000.0,1223000000.0,,1274000000.0,630000000.0,,,,4760000000.0,,15332000000.0,662000000.0,,644000000.0,25470000000.0,915000000.0,,,3705000000.0,,,,1116000000.0,21695000000.0,-4713000000.0,-91000000.0,,25470000000.0,789000000.0,27000000.0,,,,,,,,,806000000.0,402000000.0,,382000000.0,,36000000.0,760000000.0,47000000.0,-22000000.0,-765000000.0,0.0,,59000000.0,405000000.0,
2017-12-31,10629000000.0,7536000000.0,,67000000.0,907000000.0,11319000000.0,-587000000.0,-953000000.0,-1540000000.0,8000000.0,-2153000000.0,,,,,991000000.0,,1079000000.0,532000000.0,113000000.0,,,4415000000.0,,13908000000.0,539000000.0,,629000000.0,23318000000.0,881000000.0,,,3317000000.0,,21000000.0,,664000000.0,21272000000.0,-6268000000.0,-72000000.0,,23318000000.0,1056000000.0,35000000.0,-11000000.0,99000000.0,-143000000.0,,,77000000.0,,,1387000000.0,512000000.0,,501000000.0,,41000000.0,1111000000.0,-66000000.0,-12000000.0,-1066000000.0,-2000000.0,,-485000000.0,150000000.0,9000000.0
2018-03-31,1823000000.0,1558000000.0,,13000000.0,191000000.0,2017000000.0,406000000.0,-174000000.0,232000000.0,-1000000.0,279000000.0,0.88,0.87,318000000.0,322000000.0,764000000.0,,903000000.0,528000000.0,,,,4557000000.0,,13911000000.0,539000000.0,,681000000.0,23752000000.0,787000000.0,,,3708000000.0,,20000000.0,,1136000000.0,21414000000.0,-5982000000.0,-61000000.0,,23752000000.0,235000000.0,13000000.0,,,,,,,,,357000000.0,216000000.0,,182000000.0,,62000000.0,358000000.0,17000000.0,0.0,-432000000.0,,,-49000000.0,-124000000.0,
2018-06-30,3751000000.0,3609000000.0,,29000000.0,402000000.0,4619000000.0,740000000.0,-379000000.0,361000000.0,8000000.0,351000000.0,1.12,1.1,314000000.0,318000000.0,980000000.0,,1371000000.0,485000000.0,,,,4753000000.0,,12774000000.0,539000000.0,,655000000.0,22947000000.0,975000000.0,,,3663000000.0,,17000000.0,,1130000000.0,20807000000.0,-5920000000.0,-60000000.0,,22947000000.0,485000000.0,26000000.0,,,,,,,,,524000000.0,346000000.0,,303000000.0,,284000000.0,691000000.0,22000000.0,0.0,-1146000000.0,,,423000000.0,-199000000.0,
2018-09-30,5766000000.0,5730000000.0,,9000000.0,591000000.0,6844000000.0,981000000.0,-361000000.0,620000000.0,19000000.0,280000000.0,0.91,0.89,309000000.0,313000000.0,1359000000.0,,1297000000.0,408000000.0,0.0,,,4285000000.0,,3599000000.0,539000000.0,,281000000.0,11450000000.0,824000000.0,,,2723000000.0,,18000000.0,,1177000000.0,12367000000.0,-6001000000.0,-58000000.0,,11450000000.0,403000000.0,36000000.0,,,,,,,,,1082000000.0,449000000.0,,398000000.0,,209000000.0,345000000.0,30000000.0,0.0,-59000000.0,,,-666000000.0,334000000.0,
2018-12-31,8148000000.0,7108000000.0,,11000000.0,799000000.0,8528000000.0,982000000.0,-515000000.0,467000000.0,7000000.0,268000000.0,0.88,0.87,304000000.0,308000000.0,563000000.0,,1019000000.0,412000000.0,271000000.0,,,3600000000.0,,3048000000.0,573000000.0,,289000000.0,10628000000.0,862000000.0,,,2398000000.0,,,,718000000.0,11843000000.0,-6022000000.0,-94000000.0,,10628000000.0,459000000.0,25000000.0,1000000.0,83000000.0,-31000000.0,,,113000000.0,,,1377000000.0,572000000.0,,513000000.0,,243000000.0,388000000.0,,6000000.0,-205000000.0,21000000.0,,-1526000000.0,-473000000.0,9000000.0
2019-03-31,1779000000.0,1651000000.0,,2000000.0,194000000.0,1945000000.0,221000000.0,-123000000.0,98000000.0,4000000.0,482000000.0,1.73,1.72,278000000.0,280000000.0,859000000.0,,898000000.0,391000000.0,,,,3458000000.0,,2650000000.0,573000000.0,,255000000.0,9530000000.0,697000000.0,,,1945000000.0,,,,1089000000.0,11050000000.0,-5548000000.0,-96000000.0,,9530000000.0,92000000.0,4000000.0,,,,,,,,,-127000000.0,122000000.0,,113000000.0,,16000000.0,49000000.0,,1000000.0,1196000000.0,2000000.0,,-748000000.0,272000000.0,
2019-06-30,3562000000.0,3496000000.0,,4000000.0,405000000.0,4091000000.0,541000000.0,-255000000.0,286000000.0,3000000.0,683000000.0,2.51,2.49,272000000.0,274000000.0,294000000.0,,1049000000.0,370000000.0,,,,3045000000.0,,2610000000.0,573000000.0,,271000000.0,9171000000.0,723000000.0,,,2294000000.0,,,,1016000000.0,10800000000.0,-5355000000.0,-99000000.0,,9171000000.0,184000000.0,10000000.0,,,,,,,,,389000000.0,209000000.0,,191000000.0,,21000000.0,107000000.0,,,1103000000.0,2000000.0,,-1720000000.0,-277000000.0,
2019-09-30,6066000000.0,5649000000.0,,5000000.0,615000000.0,6547000000.0,1081000000.0,-415000000.0,666000000.0,9000000.0,1055000000.0,3.97,3.94,266000000.0,268000000.0,243000000.0,,1376000000.0,364000000.0,,,,3187000000.0,,2615000000.0,591000000.0,,252000000.0,9527000000.0,866000000.0,,,2564000000.0,,,,1036000000.0,11079000000.0,-4991000000.0,-158000000.0,,9527000000.0,289000000.0,15000000.0,,,,,,,,,861000000.0,295000000.0,,271000000.0,,348000000.0,183000000.0,,,614000000.0,3000000.0,,-1762000000.0,-336000000.0,
2019-12-31,7991000000.0,7303000000.0,,7000000.0,827000000.0,8538000000.0,1290000000.0,-504000000.0,786000000.0,-3334000000.0,4438000000.0,16.94,16.81,262000000.0,264000000.0,345000000.0,,1025000000.0,383000000.0,3300000000.0,,,3088000000.0,,,579000000.0,,240000000.0,12531000000.0,722000000.0,,,2359000000.0,,,,1084000000.0,10853000000.0,-1616000000.0,-192000000.0,,12531000000.0,373000000.0,20000000.0,-3340000000.0,-5000000.0,-22000000.0,,,-177000000.0,,,1413000000.0,416000000.0,,381000000.0,,355000000.0,228000000.0,,-6000000.0,556000000.0,3000000.0,,-2148000000.0,-228000000.0,8000000.0
2020-03-31,1925000000.0,1457000000.0,,3000000.0,209000000.0,1781000000.0,244000000.0,-100000000.0,144000000.0,23000000.0,121000000.0,0.49,0.49,248000000.0,249000000.0,759000000.0,,915000000.0,372000000.0,,,,3479000000.0,,2573000000.0,579000000.0,,225000000.0,12822000000.0,708000000.0,,,2852000000.0,,,,1076000000.0,11286000000.0,-1570000000.0,-207000000.0,,12822000000.0,109000000.0,5000000.0,,,,,,,,,208000000.0,121000000.0,,112000000.0,,0.0,66000000.0,,0.0,-68000000.0,0.0,,293000000.0,433000000.0,
2020-06-30,4049000000.0,2891000000.0,,5000000.0,417000000.0,3535000000.0,728000000.0,-170000000.0,558000000.0,124000000.0,434000000.0,1.76,1.76,246000000.0,247000000.0,418000000.0,,1015000000.0,388000000.0,,,,3076000000.0,,2533000000.0,579000000.0,,212000000.0,12337000000.0,736000000.0,,,2157000000.0,,,,1061000000.0,10587000000.0,-1331000000.0,-194000000.0,,12337000000.0,219000000.0,12000000.0,,,,,,,,,692000000.0,257000000.0,,220000000.0,,5000000.0,116000000.0,,,-145000000.0,1000000.0,,-469000000.0,77000000.0,
2020-09-30,6733000000.0,4925000000.0,,6000000.0,670000000.0,5951000000.0,1121000000.0,-222000000.0,899000000.0,216000000.0,683000000.0,2.78,2.77,246000000.0,247000000.0,697000000.0,,1126000000.0,330000000.0,,,,3087000000.0,,2573000000.0,579000000.0,,314000000.0,12225000000.0,753000000.0,,,1986000000.0,,,,1062000000.0,10291000000.0,-1157000000.0,-190000000.0,,12225000000.0,318000000.0,17000000.0,,,,,,,,,1386000000.0,360000000.0,,318000000.0,,,167000000.0,,,-484000000.0,1000000.0,,-567000000.0,333000000.0,
2020-12-31,8690000000.0,6540000000.0,,8000000.0,933000000.0,7991000000.0,1105000000.0,-344000000.0,761000000.0,251000000.0,510000000.0,2.08,2.07,245000000.0,246000000.0,3905000000.0,,904000000.0,327000000.0,3047000000.0,,,6028000000.0,,,579000000.0,,216000000.0,14902000000.0,649000000.0,,,1915000000.0,,,,1066000000.0,13222000000.0,-1403000000.0,-206000000.0,,14902000000.0,435000000.0,22000000.0,225000000.0,0.0,-27000000.0,,,-56000000.0,,,1837000000.0,492000000.0,,439000000.0,,,230000000.0,,0.0,-494000000.0,1000000.0,,2204000000.0,3545000000.0,24000000.0
2021-03-31,7929000000.0,6864000000.0,,,330000000.0,8164000000.0,-56000000.0,-111000000.0,-167000000.0,-85000000.0,-82000000.0,-0.33,-0.33,245000000.0,245000000.0,501000000.0,,3037000000.0,316000000.0,,,,6552000000.0,,,1572000000.0,,625000000.0,19241000000.0,2216000000.0,,,5795000000.0,,,,1192000000.0,17724000000.0,-1565000000.0,-203000000.0,,19241000000.0,317000000.0,4000000.0,,,,,,,,,-917000000.0,129000000.0,,118000000.0,,3482000000.0,63000000.0,,,-3364000000.0,1000000.0,,924000000.0,-3356000000.0,
2021-06-30,13165000000.0,9821000000.0,,,638000000.0,11850000000.0,1557000000.0,-210000000.0,1458000000.0,380000000.0,1078000000.0,4.4,4.4,245000000.0,245000000.0,361000000.0,,2822000000.0,365000000.0,,,,8624000000.0,,,1793000000.0,,614000000.0,21619000000.0,2166000000.0,,,6931000000.0,,,,1215000000.0,19075000000.0,-567000000.0,-182000000.0,,21619000000.0,370000000.0,10000000.0,,,,,,,,,377000000.0,253000000.0,,226000000.0,,3521000000.0,143000000.0,,,-3492000000.0,1000000.0,,93000000.0,-3021000000.0,
2021-09-30,19687000000.0,,,,973000000.0,16140000000.0,3820000000.0,-366000000.0,3454000000.0,840000000.0,2614000000.0,10.67,10.67,245000000.0,245000000.0,259000000.0,,3096000000.0,445000000.0,,,,14572000000.0,,,1801000000.0,,619000000.0,27965000000.0,1967000000.0,,,12009000000.0,,,,1166000000.0,23887000000.0,971000000.0,-192000000.0,,27965000000.0,569000000.0,16000000.0,,,,,,,,,1855000000.0,460000000.0,,424000000.0,,3534000000.0,219000000.0,,,-3585000000.0,1000000.0,,-177000000.0,-1909000000.0,
2021-12-31,26777000000.0,,,,1293000000.0,23895000000.0,3341000000.0,-482000000.0,2859000000.0,672000000.0,2187000000.0,8.93,8.93,245000000.0,245000000.0,250000000.0,,3245000000.0,498000000.0,2100000000.0,,,10841000000.0,,,1795000000.0,,229000000.0,23182000000.0,2274000000.0,,,7915000000.0,,,,993000000.0,19582000000.0,464000000.0,-126000000.0,,23182000000.0,785000000.0,21000000.0,621000000.0,1232000000.0,61000000.0,,,476000000.0,,,493000000.0,751000000.0,,710000000.0,,,269000000.0,,0.0,-3039000000.0,1000000.0,,-272000000.0,-2820000000.0,32000000.0
2022-03-31,7989000000.0,,,,322000000.0,5468000000.0,2425000000.0,-118000000.0,2307000000.0,571000000.0,1736000000.0,7.17,7.17,242000000.0,242000000.0,387000000.0,,3291000000.0,354000000.0,,,,16837000000.0,,,1796000000.0,,255000000.0,29477000000.0,2216000000.0,,,12233000000.0,,,,996000000.0,24447000000.0,2171000000.0,-118000000.0,,29477000000.0,183000000.0,6000000.0,,,,,,,,,1676000000.0,151000000.0,,161000000.0,,26000000.0,60000000.0,,,-80000000.0,0.0,,287000000.0,1886000000.0,
2022-06-30,15466000000.0,,,,647000000.0,12028000000.0,3179000000.0,-207000000.0,2972000000.0,723000000.0,2249000000.0,9.37,9.37,240000000.0,240000000.0,580000000.0,,3862000000.0,604000000.0,,,,21148000000.0,,,1700000000.0,,233000000.0,34335000000.0,2933000000.0,,,16437000000.0,,,,976000000.0,29035000000.0,2600000000.0,-120000000.0,,34335000000.0,340000000.0,14000000.0,,,,,,,,,3189000000.0,271000000.0,,278000000.0,,53000000.0,150000000.0,,,-119000000.0,0.0,,414000000.0,3484000000.0,
2022-09-30,23825000000.0,,,,973000000.0,20404000000.0,3335000000.0,-280000000.0,3055000000.0,739000000.0,2316000000.0,9.73,9.73,238000000.0,238000000.0,333000000.0,,4061000000.0,772000000.0,,,,18963000000.0,,,1650000000.0,,224000000.0,32243000000.0,2871000000.0,,,14366000000.0,,,,922000000.0,27113000000.0,2584000000.0,-154000000.0,,32243000000.0,485000000.0,21000000.0,,,,,,,,,1758000000.0,361000000.0,,363000000.0,,60000000.0,250000000.0,,,-205000000.0,0.0,,855000000.0,2403000000.0,
2022-12-31,31488000000.0,,,,1228000000.0,29577000000.0,2018000000.0,-355000000.0,1663000000.0,442000000.0,1221000000.0,5.17,5.17,236000000.0,236000000.0,430000000.0,,4773000000.0,751000000.0,1747000000.0,,,16231000000.0,,,1650000000.0,,256000000.0,29146000000.0,3643000000.0,,,12982000000.0,,,,983000000.0,25318000000.0,1408000000.0,-177000000.0,,29146000000.0,634000000.0,28000000.0,371000000.0,1560000000.0,252000000.0,,,1295000000.0,,,360000000.0,454000000.0,,448000000.0,,,367000000.0,,,-332000000.0,0.0,,1043000000.0,1068000000.0,66000000.0
2023-03-31,7515000000.0,,,,426000000.0,9465000000.0,-1544000000.0,-127000000.0,-1671000000.0,-336000000.0,-1335000000.0,-5.82,-5.82,230000000.0,230000000.0,407000000.0,,3519000000.0,722000000.0,,,,10208000000.0,,,5343000000.0,,354000000.0,29696000000.0,2330000000.0,,688000000.0,10326000000.0,,,,1030000000.0,26616000000.0,-15000000.0,-176000000.0,,29696000000.0,190000000.0,30000000.0,,,,,,,,,-1598000000.0,87000000.0,,99000000.0,,2492000000.0,142000000.0,,,-2350000000.0,,,2536000000.0,-1409000000.0,
2023-06-30,13731000000.0,,,,948000000.0,15286000000.0,-1014000000.0,-260000000.0,-1274000000.0,-247000000.0,-1027000000.0,-4.56,-4.56,231000000.0,232000000.0,422000000.0,,3274000000.0,686000000.0,,,,10121000000.0,,,5143000000.0,,536000000.0,28991000000.0,2107000000.0,,731000000.0,9876000000.0,,,,988000000.0,25659000000.0,205000000.0,-170000000.0,,28991000000.0,505000000.0,61000000.0,,,,,,,,,-1028000000.0,185000000.0,,180000000.0,,2498000000.0,324000000.0,,,-2502000000.0,,,2162000000.0,-1365000000.0,
2023-09-30,21592000000.0,,,,1586000000.0,22671000000.0,561000000.0,-413000000.0,-866000000.0,-182000000.0,-684000000.0,-3.14,-3.14,230000000.0,232000000.0,401000000.0,,3764000000.0,630000000.0,,,,9468000000.0,,,5143000000.0,,739000000.0,27910000000.0,2200000000.0,,731000000.0,8930000000.0,,,,977000000.0,24392000000.0,425000000.0,-177000000.0,,27910000000.0,813000000.0,87000000.0,,,,,,,,,-462000000.0,293000000.0,,280000000.0,,2502000000.0,493000000.0,,,-2631000000.0,,,1590000000.0,-1503000000.0,
2023-12-31,28256000000.0,,,,1968000000.0,30017000000.0,384000000.0,-597000000.0,-213000000.0,-11000000.0,-202000000.0,-1.12,-1.12,228000000.0,228000000.0,541000000.0,,3542000000.0,607000000.0,2229000000.0,,,9727000000.0,,,5079000000.0,,777000000.0,26038000000.0,2325000000.0,,720000000.0,9500000000.0,,,,947000000.0,23132000000.0,820000000.0,-91000000.0,,26038000000.0,1127000000.0,101000000.0,-109000000.0,-840000000.0,-189000000.0,,,-1455000000.0,,,-221000000.0,367000000.0,,355000000.0,,,598000000.0,,,-910000000.0,0.0,,-400000000.0,-1529000000.0,48000000.0
2024-03-31,7380000000.0,,,,591000000.0,6553000000.0,872000000.0,-177000000.0,695000000.0,184000000.0,511000000.0,2.36,2.31,209000000.0,214000000.0,278000000.0,,3325000000.0,581000000.0,,,,9268000000.0,,,5076000000.0,,842000000.0,25401000000.0,2027000000.0,,710000000.0,9176000000.0,,,,939000000.0,22104000000.0,1212000000.0,-100000000.0,,25401000000.0,268000000.0,30000000.0,,,,,,,,,267000000.0,0.0,,0.0,,22000000.0,69000000.0,,,-92000000.0,,,-288000000.0,-115000000.0,
2024-06-30,13860000000.0,,,,1183000000.0,11807000000.0,2282000000.0,-535000000.0,1747000000.0,498000000.0,1249000000.0,5.81,5.68,209000000.0,214000000.0,376000000.0,,3402000000.0,623000000.0,,,,9806000000.0,,,5060000000.0,,981000000.0,25762000000.0,2109000000.0,,779000000.0,8302000000.0,,,,919000000.0,22139000000.0,1863000000.0,-103000000.0,,25762000000.0,553000000.0,57000000.0,,,,,,,,,1323000000.0,0.0,,0.0,,32000000.0,172000000.0,,,-201000000.0,,,-691000000.0,431000000.0,
2024-09-30,20987000000.0,,,,1739000000.0,20050000000.0,1470000000.0,-737000000.0,-1014000000.0,251000000.0,-767000000.0,-3.79,-3.79,207000000.0,213000000.0,1104000000.0,,3258000000.0,540000000.0,,,,8611000000.0,,,5018000000.0,,1124000000.0,23724000000.0,1994000000.0,,761000000.0,7348000000.0,,,,913000000.0,21204000000.0,977000000.0,-105000000.0,,23724000000.0,814000000.0,82000000.0,,,,,,,,,1354000000.0,0.0,,0.0,,33000000.0,286000000.0,,,163000000.0,,,-1041000000.0,477000000.0,
,,,,,,,,,,,,,,,,,,,,,,,,,,,,,,,,,,,,,,,,,,,,,,,,,,,,,,,,,,,,,,,,,,,
