Date,Net sales,Cost of sales,Gross margin,Research and development,"Selling, general and administrative",Total operating expenses,Operating income,"Other income/(expense), net",Income before provision for income taxes,Provision for income taxes,Net income,Earnings per share basic,Earnings per share diluted,Weighted-average basic,Weighted-average diluted,Cash and cash equivalents,Short-term marketable securities,"Accounts receivable, net",Inventories,Deferred tax assets,Vendor non-trade receivables,Other current assets,Total current assets,Long-term marketable securities,"Property, Plant and Equipment, Net",Goodwill,"Acquired intangible assets, net","Other Assets, Noncurrent",Total assets,accounts payable,Accrued expenses,Deferred revenue,Total current liabilities,Deferred revenue - non-current,deferred tax liabilities,long term taxes payable,Total other non-current liabilities,Total liabilities,Retained Earnings (Accumulated Deficit),Accumulated other comprehensive (loss)/income,Total shareholders equity,Total liabilities and shareholders' equity,"Depreciation, amortization and accretion",Stock-based compensation expense,Deferred income tax expense,"Increase (Decrease) in Accounts receivable, net",Increase (Decrease) in Inventories,Increase (Decrease) in Other Receivables,Increase (Decrease) in Other Operating Assets,Increase (Decrease) in Accounts Payable,Increase (Decrease) in Deferred Revenue,Increase (Decrease) Other liabilities,Cash generated by operating activities,Purchases of marketable securities,Proceeds from maturities of marketable securities,Proceeds from sales of marketable securities,Purchases of other long-term investments,"Business acquisitions, net of cash acquired",Cash payments for capital asset purchases,Payments for acquisition of intangible assets,Payments for (Proceeds from) Other Investing Activities,Cash used in investing activities,Proceeds from issuance of common stock,Excess tax benefits from stock-based compensation,Cash generated/used in financing activities,Increase/(decrease) in cash and cash equivalents,"Cash paid for income taxes, net"
2010-10-29,2345200000.0,819700000.0,1525500000.0,306100000.0,,1163900000.0,361600000.0,-17100000.0,344500000.0,38100000.0,306400000.0,0.86,0.8,359100000.0,391700000.0,1771100000.0,2610400000.0,446600000.0,84700000.0,65800000.0,,218300000.0,5131100000.0,,845300000.0,737000000.0,38800000.0,415800000.0,7237800000.0,175900000.0,245400000.0,1135600000.0,1834500000.0,866400000.0,,,204100000.0,4030400000.0,2307300000.0,11000000.0,3207400000.0,7237800000.0,,82000000.0,,27300000.0,28200000.0,,6000000.0,,81600000.0,19900000.0,542000000.0,1650100000.0,,,,74900000.0,83500000.0,,0.0,-753200000.0,236100000.0,32700000.0,266800000.0,66100000.0,11800000.0
2011-01-28,3613300000.0,1264000000.0,2349300000.0,472100000.0,,1789100000.0,560200000.0,-25400000.0,534800000.0,55900000.0,478900000.0,1.33,1.23,364800000.0,406200000.0,1919400000.0,2836200000.0,541500000.0,97200000.0,35500000.0,,204400000.0,5598700000.0,,862200000.0,737000000.0,35400000.0,460900000.0,7763400000.0,183600000.0,269000000.0,1176900000.0,1942400000.0,966400000.0,,,203500000.0,4250000000.0,2479800000.0,7200000.0,3513400000.0,7763400000.0,,127000000.0,,-67700000.0,15700000.0,,5100000.0,,222500000.0,12300000.0,905500000.0,2190400000.0,,,,74900000.0,149800000.0,,-800000.0,-1059400000.0,312000000.0,45300000.0,357700000.0,214400000.0,23400000.0
2011-04-29,5122600000.0,1793900000.0,3328700000.0,648600000.0,,2504400000.0,824300000.0,-30200000.0,794100000.0,121000000.0,673100000.0,1.87,1.71,360900000.0,393700000.0,2757300000.0,2417400000.0,742600000.0,108500000.0,353700000.0,,339400000.0,6365200000.0,,911600000.0,760300000.0,53000000.0,339500000.0,8498800000.0,232800000.0,325800000.0,1226600000.0,3372800000.0,1088300000.0,,,192900000.0,4654000000.0,2674000000.0,12800000.0,3730200000.0,8498800000.0,,175200000.0,-26300000.0,262700000.0,-4400000.0,,-6000000.0,,382900000.0,1900000.0,1346300000.0,2190900000.0,,,,136500000.0,222700000.0,,-500000.0,-777200000.0,324200000.0,127700000.0,450900000.0,1052300000.0,27900000.0
2011-07-29,1458200000.0,561300000.0,896900000.0,198600000.0,,720700000.0,176200000.0,-9100000.0,167100000.0,27600000.0,139500000.0,0.38,0.34,370300000.0,405500000.0,2543200000.0,2170900000.0,597000000.0,138200000.0,179000000.0,,388300000.0,5837600000.0,60100000.0,993300000.0,904000000.0,300800000.0,350000000.0,8445800000.0,250800000.0,298900000.0,1240800000.0,3171200000.0,1141700000.0,,,206100000.0,4519000000.0,2652400000.0,15200000.0,3824900000.0,8445800000.0,,58100000.0,,-145000000.0,-6800000.0,,10400000.0,,66700000.0,12200000.0,240600000.0,564900000.0,,,,480000000.0,98300000.0,,-1700000.0,-330800000.0,46600000.0,32100000.0,-121000000.0,-214100000.0,13100000.0
2011-10-28,2965200000.0,1155300000.0,1809900000.0,398300000.0,,1441300000.0,368600000.0,-17600000.0,351000000.0,45900000.0,305100000.0,0.83,0.78,365900000.0,390800000.0,2269000000.0,2372600000.0,625200000.0,163300000.0,205400000.0,,399900000.0,5830000000.0,56000000.0,1046100000.0,904000000.0,,444900000.0,8504100000.0,273200000.0,331100000.0,1246700000.0,2122300000.0,1191900000.0,,,211100000.0,4701100000.0,2512000000.0,7000000.0,3803000000.0,8504100000.0,,121100000.0,,-115600000.0,18300000.0,,12500000.0,,126900000.0,18300000.0,610800000.0,1306600000.0,1347000000.0,,,480000000.0,191600000.0,,-2000000.0,-629200000.0,51900000.0,84700000.0,-461800000.0,-488300000.0,22700000.0
2012-01-27,4530700000.0,1812300000.0,2718400000.0,606600000.0,,2193300000.0,525100000.0,-27200000.0,497900000.0,73200000.0,424700000.0,1.17,1.1,364000000.0,385100000.0,2420900000.0,2445200000.0,685400000.0,153800000.0,223200000.0,,462400000.0,6167700000.0,51000000.0,1081800000.0,905200000.0,,409400000.0,8821600000.0,220200000.0,358800000.0,1309300000.0,2157500000.0,1236500000.0,,,197300000.0,4780100000.0,2624600000.0,4600000.0,4041500000.0,8821600000.0,,197800000.0,,-55800000.0,8800000.0,,49200000.0,,234500000.0,24800000.0,880000000.0,1718900000.0,1697700000.0,,,480000000.0,282900000.0,,0.0,-784100000.0,101000000.0,80700000.0,-415200000.0,-336400000.0,39300000.0
2012-04-27,6233200000.0,2519800000.0,3713400000.0,828200000.0,,2966900000.0,746500000.0,-34100000.0,712400000.0,107000000.0,605400000.0,1.66,1.58,363900000.0,384300000.0,1549800000.0,3848700000.0,830900000.0,161500000.0,405400000.0,,435600000.0,6826500000.0,51000000.0,1137200000.0,905200000.0,,427400000.0,9532300000.0,233100000.0,377600000.0,1366500000.0,3519800000.0,1449400000.0,,,206900000.0,5176100000.0,2805300000.0,4900000.0,4293600000.0,9532300000.0,,257600000.0,-60900000.0,90400000.0,16500000.0,,37000000.0,,506400000.0,,1462600000.0,3572400000.0,,,,480000000.0,407100000.0,,-1600000.0,-2310400000.0,142100000.0,113300000.0,-343600000.0,-1207500000.0,48200000.0
2012-07-27,1444600000.0,594500000.0,850100000.0,221400000.0,,769900000.0,80200000.0,-6000000.0,74200000.0,10400000.0,63800000.0,0.17,0.17,366100000.0,371200000.0,1529400000.0,3911700000.0,584200000.0,203700000.0,228000000.0,,511800000.0,6740800000.0,46300000.0,1139100000.0,905200000.0,,406300000.0,9406000000.0,275600000.0,346900000.0,1404400000.0,3459900000.0,1363100000.0,,,207300000.0,5030300000.0,2765700000.0,5200000.0,4375700000.0,9406000000.0,,79200000.0,,-244200000.0,42200000.0,,27100000.0,,-47000000.0,,229200000.0,628000000.0,,,,0.0,61900000.0,,-1300000.0,-126700000.0,35000000.0,4900000.0,-112100000.0,-20400000.0,16200000.0
2012-10-26,2985800000.0,1221800000.0,1764000000.0,445200000.0,,1548500000.0,215500000.0,-13600000.0,201900000.0,28500000.0,173400000.0,0.48,0.47,364100000.0,369700000.0,1816800000.0,3754200000.0,615000000.0,213200000.0,248400000.0,,488500000.0,6887700000.0,46500000.0,1132400000.0,905200000.0,,435500000.0,9553900000.0,246600000.0,378200000.0,1408500000.0,3573700000.0,1361700000.0,,,216300000.0,5151700000.0,2735000000.0,8200000.0,4402200000.0,9553900000.0,,144200000.0,,-212900000.0,51700000.0,,16900000.0,,-42600000.0,,565600000.0,1243000000.0,,,,0.0,129000000.0,,-2800000.0,-32800000.0,45100000.0,43600000.0,-259900000.0,267000000.0,26500000.0
2013-01-25,4615900000.0,1887000000.0,2728900000.0,660800000.0,,2325500000.0,403400000.0,-25700000.0,377700000.0,46200000.0,331500000.0,0.91,0.9,362500000.0,368100000.0,3081700000.0,3642200000.0,633800000.0,172900000.0,262900000.0,,518000000.0,8048600000.0,42200000.0,1189200000.0,978100000.0,,456200000.0,10865900000.0,221200000.0,398900000.0,1477300000.0,3621000000.0,1398700000.0,,,226900000.0,6240900000.0,2849600000.0,8600000.0,4625000000.0,10865900000.0,,211500000.0,,-193100000.0,11400000.0,,59300000.0,,62700000.0,,930700000.0,1548300000.0,,,,89400000.0,239700000.0,,-3000000.0,-122000000.0,95500000.0,53000000.0,725100000.0,1531900000.0,33900000.0
2013-04-26,6332400000.0,2571300000.0,3761100000.0,904200000.0,,3153300000.0,607800000.0,-41200000.0,566600000.0,61300000.0,505300000.0,1.4,1.37,361500000.0,368000000.0,3277100000.0,3675500000.0,800900000.0,139500000.0,453000000.0,,525200000.0,8418200000.0,42000000.0,1170900000.0,988100000.0,,484600000.0,11242400000.0,259700000.0,401800000.0,1563300000.0,3830600000.0,1446200000.0,,,253500000.0,6524900000.0,2896800000.0,8700000.0,4717500000.0,11242400000.0,,276600000.0,-76600000.0,-23100000.0,-22000000.0,,77300000.0,,198100000.0,,1386300000.0,2287700000.0,,,,106500000.0,303300000.0,,-4200000.0,-228600000.0,110600000.0,72900000.0,578900000.0,1727300000.0,46700000.0
2013-07-26,1516200000.0,606600000.0,909600000.0,228100000.0,,812700000.0,96900000.0,-4600000.0,92300000.0,10700000.0,81600000.0,0.23,0.23,350900000.0,359900000.0,1796800000.0,3287200000.0,533300000.0,116500000.0,246900000.0,,467800000.0,6201600000.0,42200000.0,1163400000.0,988100000.0,,499100000.0,9017900000.0,218700000.0,341900000.0,1529100000.0,2330100000.0,1412200000.0,,,262800000.0,4999900000.0,2313300000.0,-1300000.0,4018000000.0,9017900000.0,,66300000.0,,-265200000.0,-22900000.0,,-53800000.0,,-54300000.0,,285800000.0,234900000.0,,,,,65300000.0,,-1200000.0,325900000.0,71500000.0,100000.0,-2084700000.0,-1480300000.0,19100000.0
2013-10-25,3066100000.0,1191300000.0,1874800000.0,456300000.0,,1591000000.0,283800000.0,5300000.0,284500000.0,36100000.0,248400000.0,0.72,0.7,345800000.0,354500000.0,2260500000.0,3012200000.0,590400000.0,115900000.0,241000000.0,,441000000.0,6420000000.0,39500000.0,1142900000.0,988100000.0,,495500000.0,9197400000.0,223800000.0,352400000.0,1525800000.0,2408700000.0,1406100000.0,,,267200000.0,5077000000.0,115500000.0,6300000.0,4120400000.0,9197400000.0,,133900000.0,,-209300000.0,-23600000.0,,-92900000.0,,-67600000.0,,648300000.0,476100000.0,,,,,107500000.0,,-3400000.0,568000000.0,,9500000.0,-2239900000.0,-1016600000.0,26500000.0
2014-01-24,4676100000.0,1799000000.0,2877100000.0,686600000.0,,2366600000.0,510500000.0,3600000.0,514100000.0,73600000.0,440500000.0,1.28,1.25,343700000.0,351700000.0,2152700000.0,2916600000.0,584300000.0,118200000.0,247000000.0,,457600000.0,6229400000.0,40400000.0,1128600000.0,988100000.0,,518400000.0,9000600000.0,186600000.0,374000000.0,1566300000.0,2423800000.0,1393000000.0,,,272700000.0,5084700000.0,0.0,6700000.0,3915900000.0,9000600000.0,,205800000.0,,-213400000.0,-21300000.0,,-78300000.0,,-27000000.0,,980100000.0,701300000.0,,,,0.0,165400000.0,,-2600000.0,599900000.0,,33400000.0,-2707300000.0,-1124400000.0,39500000.0
2014-04-25,6325100000.0,2406000000.0,3919100000.0,917300000.0,,3184800000.0,734300000.0,6400000.0,740700000.0,103200000.0,637500000.0,1.87,1.83,340300000.0,347900000.0,2291000000.0,2712300000.0,855900000.0,122400000.0,514300000.0,,489700000.0,6471300000.0,36000000.0,1108800000.0,988100000.0,,529500000.0,9219200000.0,247000000.0,386000000.0,1653800000.0,2694600000.0,1446400000.0,,,296200000.0,5432700000.0,1100000.0,9100000.0,3786500000.0,9219200000.0,,273000000.0,-76000000.0,56600000.0,-17000000.0,,-74600000.0,,106600000.0,,1349600000.0,1018500000.0,,,,0.0,221400000.0,,-6800000.0,760400000.0,,52500000.0,-3104000000.0,-986100000.0,58100000.0
2014-07-25,1489200000.0,551100000.0,938100000.0,228000000.0,,778200000.0,159900000.0,-200000.0,159700000.0,71300000.0,88400000.0,0.27,0.27,323500000.0,329100000.0,3031600000.0,2532600000.0,585400000.0,104200000.0,253600000.0,,494300000.0,6748100000.0,26400000.0,1098000000.0,988100000.0,,531200000.0,9472400000.0,183100000.0,318400000.0,1656400000.0,2400900000.0,1419900000.0,,,320800000.0,5635700000.0,36100000.0,9100000.0,3836700000.0,9472400000.0,,62300000.0,,-271500000.0,-18100000.0,,13100000.0,,-26500000.0,,215500000.0,331700000.0,,,,,58400000.0,,-200000.0,133000000.0,,42600000.0,391600000.0,740600000.0,68200000.0
2014-10-24,3031700000.0,1111100000.0,1920600000.0,457000000.0,,1568200000.0,352400000.0,-3800000.0,348600000.0,100400000.0,248200000.0,0.77,0.76,320800000.0,326300000.0,2905200000.0,,632700000.0,107600000.0,254200000.0,,479400000.0,6489100000.0,23000000.0,1081700000.0,988100000.0,,526100000.0,9177500000.0,210300000.0,333300000.0,1632100000.0,2491000000.0,1414900000.0,,,315900000.0,5716200000.0,0.0,600000.0,3461300000.0,9177500000.0,,130100000.0,,-222400000.0,-14900000.0,,-22800000.0,,-44800000.0,,596900000.0,602600000.0,,,,,109500000.0,,900000.0,250700000.0,,49400000.0,-212600000.0,614200000.0,68600000.0
2015-01-23,4583000000.0,1685000000.0,2898000000.0,686900000.0,,2343100000.0,554900000.0,-6200000.0,548700000.0,123700000.0,425000000.0,1.34,1.31,317800000.0,323300000.0,2539700000.0,,666300000.0,117800000.0,252000000.0,,518000000.0,6554600000.0,0.0,1050700000.0,1031300000.0,,493100000.0,9234700000.0,194200000.0,335100000.0,1679400000.0,2491300000.0,1430300000.0,,,310400000.0,5726700000.0,69800000.0,-14300000.0,3508000000.0,9234700000.0,,196100000.0,,-186700000.0,-4600000.0,,-10300000.0,,34400000.0,12000000.0,871500000.0,1431500000.0,,,,84600000.0,138100000.0,,-2500000.0,-178600000.0,,53800000.0,-389300000.0,248700000.0,89000000.0
2015-04-24,6122700000.0,2289500000.0,3833200000.0,919300000.0,,3116700000.0,716500000.0,-3700000.0,712800000.0,152900000.0,559900000.0,1.77,1.75,315500000.0,320700000.0,1921500000.0,,778900000.0,146500000.0,507600000.0,,521800000.0,6773400000.0,0.0,1029900000.0,1027400000.0,,481000000.0,9401200000.0,283400000.0,701400000.0,1724200000.0,2709000000.0,1473000000.0,,,317600000.0,5987100000.0,53200000.0,-23700000.0,3414100000.0,9401200000.0,243500000.0,259300000.0,-2700000.0,-74800000.0,24100000.0,,-13000000.0,,122100000.0,7300000.0,1268100000.0,2596800000.0,,,,84600000.0,175300000.0,,-1500000.0,-903200000.0,,55200000.0,-675200000.0,-369500000.0,97400000.0
2015-07-31,1335000000.0,519000000.0,816000000.0,244000000.0,,842000000.0,-26000000.0,4000000.0,-22000000.0,8000000.0,-30000000.0,-0.1,-0.1,304000000.0,304000000.0,2324000000.0,,415000000.0,193000000.0,290000000.0,,561000000.0,6119000000.0,,1011000000.0,1027000000.0,,476000000.0,8697000000.0,249000000.0,592000000.0,,2480000000.0,,,,302000000.0,5697000000.0,-31000000.0,-34000000.0,3000000000.0,8697000000.0,,77000000.0,-51000000.0,-361000000.0,47000000.0,,-17000000.0,,,-9000000.0,129000000.0,238000000.0,,,,,38000000.0,,-2000000.0,742000000.0,,2000000.0,-464000000.0,402000000.0,40000000.0
2015-10-30,2780000000.0,1080000000.0,1700000000.0,460000000.0,,1581000000.0,145000000.0,3000000.0,144000000.0,38000000.0,114000000.0,0.39,0.39,299000000.0,302000000.0,2198000000.0,,587000000.0,125000000.0,305000000.0,,555000000.0,6081000000.0,,1004000000.0,1027000000.0,,472000000.0,8635000000.0,226000000.0,618000000.0,,2453000000.0,,,,269000000.0,5648000000.0,0.0,-35000000.0,2987000000.0,8635000000.0,,136000000.0,-79000000.0,-189000000.0,-21000000.0,,-59000000.0,,,-14000000.0,274000000.0,886000000.0,,,,,84000000.0,,0.0,704000000.0,,4000000.0,-694000000.0,276000000.0,94000000.0
2016-01-29,4166000000.0,1611000000.0,2555000000.0,660000000.0,,2271000000.0,284000000.0,-2000000.0,285000000.0,48000000.0,237000000.0,0.8,0.79,297000000.0,300000000.0,2495000000.0,,585000000.0,102000000.0,0.0,,354000000.0,6064000000.0,,873000000.0,1027000000.0,,784000000.0,8785000000.0,175000000.0,617000000.0,,2476000000.0,,,,269000000.0,5676000000.0,51000000.0,-41000000.0,3109000000.0,8785000000.0,,199000000.0,-104000000.0,-190000000.0,-44000000.0,,-82000000.0,,,-8000000.0,629000000.0,1169000000.0,,,,0.0,125000000.0,,1000000.0,753000000.0,,5000000.0,-790000000.0,573000000.0,113000000.0
2016-04-29,5546000000.0,2173000000.0,3373000000.0,861000000.0,,3025000000.0,348000000.0,-3000000.0,345000000.0,116000000.0,229000000.0,0.78,0.77,294000000.0,297000000.0,2868000000.0,,813000000.0,98000000.0,621000000.0,,234000000.0,6448000000.0,,937000000.0,1676000000.0,,796000000.0,10037000000.0,254000000.0,765000000.0,,3662000000.0,,,,413000000.0,7156000000.0,0.0,-31000000.0,2881000000.0,10037000000.0,212000000.0,260000000.0,-113000000.0,16000000.0,-49000000.0,,-109000000.0,,,-5000000.0,974000000.0,1589000000.0,,,,842000000.0,160000000.0,,-3000000.0,85000000.0,,5000000.0,-109000000.0,946000000.0,161000000.0
2016-07-29,1294000000.0,497000000.0,797000000.0,207000000.0,,704000000.0,93000000.0,-1000000.0,92000000.0,28000000.0,64000000.0,0.23,0.23,279000000.0,282000000.0,2294000000.0,,501000000.0,81000000.0,,,220000000.0,5223000000.0,,942000000.0,1676000000.0,,777000000.0,8787000000.0,239000000.0,561000000.0,,2524000000.0,,,,404000000.0,5995000000.0,0.0,-31000000.0,2792000000.0,8787000000.0,,52000000.0,19000000.0,-311000000.0,-17000000.0,,-32000000.0,,,-9000000.0,228000000.0,285000000.0,,,,,36000000.0,,1000000.0,276000000.0,,,-1071000000.0,-574000000.0,62000000.0
2016-10-28,2634000000.0,1008000000.0,1626000000.0,407000000.0,,1391000000.0,235000000.0,-1000000.0,234000000.0,61000000.0,173000000.0,0.62,0.61,278000000.0,284000000.0,2113000000.0,,547000000.0,97000000.0,,,219000000.0,5220000000.0,,949000000.0,1676000000.0,,759000000.0,8762000000.0,253000000.0,620000000.0,,2528000000.0,,,,407000000.0,5973000000.0,0.0,-41000000.0,2789000000.0,8762000000.0,,103000000.0,28000000.0,-264000000.0,-1000000.0,,-49000000.0,,,-4000000.0,386000000.0,795000000.0,,,,,92000000.0,,1000000.0,97000000.0,,,-1225000000.0,-755000000.0,70000000.0
2017-01-27,4038000000.0,1561000000.0,2477000000.0,588000000.0,,2059000000.0,418000000.0,-1000000.0,417000000.0,98000000.0,319000000.0,1.15,1.13,277000000.0,282000000.0,2213000000.0,,605000000.0,125000000.0,,,277000000.0,5646000000.0,,892000000.0,1676000000.0,,696000000.0,9055000000.0,258000000.0,747000000.0,,3844000000.0,,,,238000000.0,6361000000.0,0.0,-37000000.0,2694000000.0,9055000000.0,,149000000.0,73000000.0,-208000000.0,27000000.0,,-16000000.0,,,-16000000.0,621000000.0,1383000000.0,,,,,137000000.0,,-2000000.0,-133000000.0,,,-1128000000.0,-655000000.0,90000000.0
2017-04-28,5519000000.0,2129000000.0,3390000000.0,779000000.0,,2725000000.0,665000000.0,0.0,665000000.0,156000000.0,509000000.0,1.85,1.81,275000000.0,281000000.0,2444000000.0,,731000000.0,163000000.0,524000000.0,,383000000.0,6198000000.0,,799000000.0,1684000000.0,,681000000.0,9493000000.0,347000000.0,782000000.0,,4122000000.0,,,,249000000.0,6713000000.0,40000000.0,-29000000.0,2780000000.0,9493000000.0,178000000.0,195000000.0,90000000.0,-81000000.0,65000000.0,,-1000000.0,,,-6000000.0,986000000.0,1977000000.0,,,,8000000.0,175000000.0,,-6000000.0,-220000000.0,,0.0,-1179000000.0,-424000000.0,102000000.0
2017-07-28,1325000000.0,491000000.0,834000000.0,193000000.0,,686000000.0,148000000.0,5000000.0,153000000.0,17000000.0,136000000.0,0.5,0.49,270000000.0,278000000.0,2951000000.0,,518000000.0,143000000.0,,,316000000.0,6298000000.0,,799000000.0,1701000000.0,,677000000.0,9599000000.0,289000000.0,653000000.0,,4287000000.0,,,,250000000.0,6831000000.0,10000000.0,-13000000.0,2768000000.0,9599000000.0,,48000000.0,2000000.0,-218000000.0,-20000000.0,,-71000000.0,,,-1000000.0,250000000.0,275000000.0,,,,24000000.0,36000000.0,,-5000000.0,57000000.0,,,181000000.0,507000000.0,22000000.0
2017-10-27,2747000000.0,1011000000.0,1736000000.0,387000000.0,,1369000000.0,367000000.0,11000000.0,378000000.0,67000000.0,311000000.0,1.15,1.12,270000000.0,277000000.0,3535000000.0,,584000000.0,108000000.0,,,363000000.0,7020000000.0,,795000000.0,1739000000.0,,634000000.0,10308000000.0,379000000.0,722000000.0,,4214000000.0,,,,255000000.0,7531000000.0,17000000.0,-19000000.0,2777000000.0,10308000000.0,,87000000.0,44000000.0,-149000000.0,-55000000.0,,-38000000.0,,,0.0,564000000.0,609000000.0,,,,75000000.0,65000000.0,,-5000000.0,-87000000.0,,,601000000.0,1091000000.0,28000000.0
2018-01-26,4270000000.0,1593000000.0,2677000000.0,580000000.0,,1839000000.0,838000000.0,25000000.0,863000000.0,1058000000.0,-506000000.0,-1.89,-1.89,269000000.0,269000000.0,2974000000.0,,754000000.0,98000000.0,,,295000000.0,6766000000.0,,741000000.0,1739000000.0,,435000000.0,9787000000.0,458000000.0,739000000.0,,3548000000.0,,,569000000.0,973000000.0,7611000000.0,-489000000.0,-42000000.0,2176000000.0,9787000000.0,,125000000.0,258000000.0,8000000.0,-65000000.0,,-28000000.0,,,-7000000.0,984000000.0,1262000000.0,,,,75000000.0,97000000.0,,1000000.0,-141000000.0,,,-350000000.0,530000000.0,51000000.0
2018-04-27,5911000000.0,2212000000.0,3699000000.0,783000000.0,,2574000000.0,1125000000.0,41000000.0,1166000000.0,1090000000.0,76000000.0,0.28,0.28,268000000.0,276000000.0,2941000000.0,,1009000000.0,126000000.0,269000000.0,,330000000.0,6856000000.0,,756000000.0,1739000000.0,,420000000.0,9865000000.0,609000000.0,825000000.0,,3623000000.0,,,549000000.0,961000000.0,7798000000.0,-218000000.0,-70000000.0,2067000000.0,9865000000.0,145000000.0,161000000.0,277000000.0,272000000.0,-37000000.0,,7000000.0,,,-9000000.0,1478000000.0,1389000000.0,,,,75000000.0,145000000.0,,1000000.0,-21000000.0,,,-986000000.0,497000000.0,87000000.0
2018-07-27,1474000000.0,511000000.0,963000000.0,208000000.0,,709000000.0,254000000.0,18000000.0,272000000.0,-11000000.0,283000000.0,1.08,1.05,262000000.0,269000000.0,2627000000.0,,616000000.0,97000000.0,,,329000000.0,5853000000.0,,768000000.0,1739000000.0,,464000000.0,8905000000.0,425000000.0,592000000.0,1623000000.0,2840000000.0,,,549000000.0,964000000.0,6983000000.0,0.0,-70000000.0,1922000000.0,8905000000.0,,40000000.0,-26000000.0,-423000000.0,-25000000.0,,-5000000.0,,,-1000000.0,326000000.0,19000000.0,,,,0.0,64000000.0,,-2000000.0,186000000.0,,,-812000000.0,-314000000.0,22000000.0
2018-10-26,2991000000.0,1054000000.0,1937000000.0,419000000.0,,1397000000.0,540000000.0,25000000.0,565000000.0,52000000.0,524000000.0,2.02,1.96,260000000.0,267000000.0,2359000000.0,,765000000.0,86000000.0,,,321000000.0,5471000000.0,,770000000.0,1742000000.0,,499000000.0,8551000000.0,472000000.0,652000000.0,1538000000.0,3310000000.0,,,476000000.0,899000000.0,7021000000.0,0.0,-75000000.0,1530000000.0,8551000000.0,,78000000.0,-25000000.0,-269000000.0,-36000000.0,,19000000.0,,-129000000.0,0.0,491000000.0,20000000.0,,,,3000000.0,107000000.0,,-2000000.0,381000000.0,,,-1429000000.0,-582000000.0,104000000.0
2019-01-25,4554000000.0,1635000000.0,2919000000.0,622000000.0,,2068000000.0,851000000.0,33000000.0,884000000.0,111000000.0,773000000.0,3.01,2.94,257000000.0,263000000.0,2271000000.0,,872000000.0,100000000.0,,,340000000.0,5361000000.0,,763000000.0,1742000000.0,,496000000.0,8418000000.0,497000000.0,730000000.0,1641000000.0,3430000000.0,,,476000000.0,898000000.0,7188000000.0,0.0,-68000000.0,1230000000.0,8418000000.0,,121000000.0,-21000000.0,-165000000.0,-22000000.0,,42000000.0,,17000000.0,-4000000.0,942000000.0,22000000.0,,,,3000000.0,138000000.0,,-1000000.0,521000000.0,,,-2117000000.0,-671000000.0,150000000.0
2019-04-26,6146000000.0,2201000000.0,3945000000.0,827000000.0,,2724000000.0,1221000000.0,47000000.0,1268000000.0,99000000.0,1169000000.0,4.6,4.51,254000000.0,259000000.0,2325000000.0,,1216000000.0,131000000.0,199000000.0,,364000000.0,5610000000.0,,759000000.0,1735000000.0,,590000000.0,8741000000.0,542000000.0,851000000.0,1825000000.0,3867000000.0,,,447000000.0,797000000.0,7651000000.0,0.0,-43000000.0,1090000000.0,8741000000.0,150000000.0,158000000.0,-3000000.0,185000000.0,9000000.0,,73000000.0,,343000000.0,-6000000.0,1341000000.0,41000000.0,,,,3000000.0,173000000.0,,-4000000.0,704000000.0,,,-2631000000.0,-616000000.0,205000000.0
2019-07-26,1236000000.0,420000000.0,816000000.0,215000000.0,,712000000.0,104000000.0,15000000.0,119000000.0,16000000.0,103000000.0,0.43,0.42,239000000.0,243000000.0,2967000000.0,,542000000.0,116000000.0,,,326000000.0,4516000000.0,,754000000.0,1770000000.0,,709000000.0,7811000000.0,348000000.0,633000000.0,1764000000.0,3175000000.0,,,447000000.0,882000000.0,6948000000.0,0.0,-39000000.0,863000000.0,7811000000.0,,42000000.0,-7000000.0,-672000000.0,-15000000.0,,-59000000.0,,-154000000.0,0.0,310000000.0,4000000.0,,,,56000000.0,32000000.0,,1000000.0,938000000.0,,,-603000000.0,642000000.0,55000000.0
2019-10-25,2607000000.0,866000000.0,1741000000.0,424000000.0,,1341000000.0,400000000.0,18000000.0,418000000.0,72000000.0,346000000.0,1.46,1.44,237000000.0,240000000.0,2545000000.0,,780000000.0,111000000.0,,,313000000.0,4191000000.0,,746000000.0,1770000000.0,,714000000.0,7472000000.0,382000000.0,606000000.0,1718000000.0,3204000000.0,,,399000000.0,837000000.0,6936000000.0,0.0,-36000000.0,536000000.0,7472000000.0,,82000000.0,-23000000.0,-435000000.0,-20000000.0,,-41000000.0,,-197000000.0,,257000000.0,9000000.0,,,,56000000.0,68000000.0,,2000000.0,1116000000.0,,,-1148000000.0,220000000.0,260000000.0
2020-01-24,4011000000.0,1329000000.0,2682000000.0,635000000.0,,2014000000.0,668000000.0,26000000.0,694000000.0,71000000.0,623000000.0,2.67,2.64,233000000.0,236000000.0,2705000000.0,,821000000.0,113000000.0,,,276000000.0,4218000000.0,,740000000.0,1770000000.0,,712000000.0,7483000000.0,381000000.0,660000000.0,1795000000.0,3529000000.0,,,399000000.0,748000000.0,7201000000.0,0.0,-39000000.0,282000000.0,7483000000.0,,118000000.0,-23000000.0,-394000000.0,-18000000.0,,-78000000.0,,-93000000.0,-5000000.0,677000000.0,12000000.0,,,,56000000.0,100000000.0,,1000000.0,1227000000.0,,,-1520000000.0,380000000.0,266000000.0
2020-04-24,5412000000.0,1789000000.0,3623000000.0,847000000.0,,2678000000.0,945000000.0,-1000000.0,944000000.0,125000000.0,819000000.0,3.56,3.52,230000000.0,233000000.0,2658000000.0,,973000000.0,145000000.0,210000000.0,,274000000.0,4274000000.0,,727000000.0,1778000000.0,,699000000.0,7522000000.0,426000000.0,774000000.0,1894000000.0,3616000000.0,,,399000000.0,714000000.0,7280000000.0,0.0,-42000000.0,242000000.0,7522000000.0,154000000.0,153000000.0,-17000000.0,-238000000.0,14000000.0,,-84000000.0,,54000000.0,-7000000.0,1060000000.0,,,,,73000000.0,124000000.0,,0.0,1269000000.0,,,-1960000000.0,335000000.0,276000000.0
2020-07-31,1303000000.0,431000000.0,872000000.0,233000000.0,,736000000.0,136000000.0,-32000000.0,104000000.0,27000000.0,77000000.0,0.35,0.35,221000000.0,222000000.0,3633000000.0,,604000000.0,136000000.0,,,304000000.0,4817000000.0,,737000000.0,2038000000.0,,684000000.0,8416000000.0,396000000.0,616000000.0,1814000000.0,2976000000.0,,,399000000.0,720000000.0,8132000000.0,0.0,-39000000.0,284000000.0,8416000000.0,,54000000.0,0.0,-391000000.0,-9000000.0,,-7000000.0,,-158000000.0,-18000000.0,240000000.0,,,,,350000000.0,52000000.0,,0.0,-311000000.0,,,1003000000.0,975000000.0,136000000.0
2020-10-30,2719000000.0,914000000.0,1805000000.0,445000000.0,,1487000000.0,318000000.0,-39000000.0,279000000.0,65000000.0,214000000.0,0.96,0.96,222000000.0,224000000.0,3529000000.0,,796000000.0,116000000.0,,,263000000.0,4821000000.0,,737000000.0,2039000000.0,,698000000.0,8420000000.0,367000000.0,738000000.0,1815000000.0,2920000000.0,,,351000000.0,663000000.0,8050000000.0,30000000.0,-32000000.0,370000000.0,8420000000.0,,103000000.0,0.0,-197000000.0,-29000000.0,,-8000000.0,,-118000000.0,-17000000.0,401000000.0,,,,,350000000.0,92000000.0,,-8000000.0,-321000000.0,,,746000000.0,870000000.0,238000000.0
2021-01-29,4189000000.0,1409000000.0,2780000000.0,660000000.0,,2204000000.0,576000000.0,-50000000.0,526000000.0,130000000.0,396000000.0,1.78,1.76,223000000.0,227000000.0,3808000000.0,,799000000.0,106000000.0,,,315000000.0,5114000000.0,,731000000.0,2039000000.0,,692000000.0,8686000000.0,336000000.0,761000000.0,1953000000.0,3050000000.0,,,351000000.0,651000000.0,8208000000.0,56000000.0,-34000000.0,478000000.0,8686000000.0,,149000000.0,-1000000.0,-208000000.0,-39000000.0,,35000000.0,,10000000.0,-20000000.0,774000000.0,,,,,350000000.0,124000000.0,,-8000000.0,-320000000.0,,,624000000.0,1148000000.0,309000000.0
2021-04-30,5744000000.0,1929000000.0,3815000000.0,881000000.0,,2784000000.0,1031000000.0,-69000000.0,962000000.0,232000000.0,730000000.0,3.29,3.23,222000000.0,226000000.0,4529000000.0,,945000000.0,114000000.0,203000000.0,,346000000.0,6001000000.0,,525000000.0,2039000000.0,,694000000.0,9360000000.0,420000000.0,970000000.0,2062000000.0,3452000000.0,,,351000000.0,650000000.0,8675000000.0,211000000.0,-30000000.0,685000000.0,9360000000.0,158000000.0,197000000.0,-6000000.0,-62000000.0,-31000000.0,,60000000.0,,193000000.0,-7000000.0,1333000000.0,,,,,350000000.0,162000000.0,,-2000000.0,21000000.0,,,444000000.0,1869000000.0,338000000.0
2021-07-30,1458000000.0,459000000.0,999000000.0,210000000.0,,750000000.0,249000000.0,-12000000.0,237000000.0,35000000.0,202000000.0,0.91,0.88,223000000.0,229000000.0,4492000000.0,,655000000.0,108000000.0,,,321000000.0,5631000000.0,,533000000.0,2050000000.0,,845000000.0,9156000000.0,368000000.0,747000000.0,1988000000.0,3103000000.0,,,351000000.0,784000000.0,8436000000.0,204000000.0,-34000000.0,720000000.0,9156000000.0,,53000000.0,-15000000.0,-287000000.0,-6000000.0,,-29000000.0,,-82000000.0,0.0,242000000.0,,,,,14000000.0,51000000.0,,,-54000000.0,,,-218000000.0,-35000000.0,17000000.0
2021-10-29,3024000000.0,966000000.0,2058000000.0,426000000.0,,1515000000.0,543000000.0,-26000000.0,517000000.0,91000000.0,426000000.0,1.91,1.86,223000000.0,229000000.0,4509000000.0,,647000000.0,155000000.0,,,319000000.0,5669000000.0,,549000000.0,2050000000.0,,867000000.0,9222000000.0,432000000.0,796000000.0,1967000000.0,3195000000.0,,,303000000.0,735000000.0,8463000000.0,194000000.0,-38000000.0,759000000.0,9222000000.0,,115000000.0,-32000000.0,-292000000.0,41000000.0,,-34000000.0,,-97000000.0,-5000000.0,540000000.0,,,,,14000000.0,97000000.0,,0.0,-85000000.0,,,-461000000.0,-19000000.0,232000000.0
2022-01-28,4638000000.0,1507000000.0,3131000000.0,646000000.0,,2267000000.0,864000000.0,-41000000.0,823000000.0,145000000.0,678000000.0,3.04,2.96,223000000.0,229000000.0,4170000000.0,,799000000.0,167000000.0,,,346000000.0,5513000000.0,,575000000.0,2330000000.0,,932000000.0,9500000000.0,432000000.0,807000000.0,2063000000.0,3552000000.0,,,303000000.0,775000000.0,8618000000.0,214000000.0,-41000000.0,882000000.0,9500000000.0,,179000000.0,-66000000.0,-137000000.0,53000000.0,,-0.0,,46000000.0,-6000000.0,800000000.0,,,,,359000000.0,158000000.0,,0.0,-481000000.0,,,-651000000.0,-358000000.0,318000000.0
2022-04-29,6318000000.0,2098000000.0,4220000000.0,881000000.0,,3063000000.0,1157000000.0,-62000000.0,1095000000.0,158000000.0,937000000.0,4.2,4.09,223000000.0,229000000.0,4112000000.0,,1230000000.0,204000000.0,339000000.0,,377000000.0,5945000000.0,,602000000.0,2346000000.0,,991000000.0,10026000000.0,607000000.0,925000000.0,2171000000.0,3953000000.0,,,303000000.0,788000000.0,9188000000.0,122000000.0,-44000000.0,838000000.0,10026000000.0,148000000.0,245000000.0,-144000000.0,313000000.0,90000000.0,,21000000.0,,384000000.0,-7000000.0,1211000000.0,,,,,380000000.0,226000000.0,,-0.0,-561000000.0,,,-1017000000.0,-416000000.0,398000000.0
2022-07-29,1592000000.0,546000000.0,1046000000.0,240000000.0,,791000000.0,255000000.0,15000000.0,270000000.0,56000000.0,214000000.0,0.97,0.96,220000000.0,224000000.0,3288000000.0,,865000000.0,232000000.0,,,386000000.0,4922000000.0,,622000000.0,2767000000.0,,1001000000.0,9544000000.0,515000000.0,722000000.0,2088000000.0,3575000000.0,,,303000000.0,843000000.0,8887000000.0,0.0,-48000000.0,657000000.0,9544000000.0,,67000000.0,-15000000.0,-364000000.0,28000000.0,,-1000000.0,,-32000000.0,1000000.0,281000000.0,,,,,491000000.0,65000000.0,,-59000000.0,-628000000.0,,,-459000000.0,-824000000.0,12000000.0
2022-10-28,3255000000.0,1122000000.0,2133000000.0,483000000.0,,1596000000.0,537000000.0,38000000.0,575000000.0,-445000000.0,964000000.0,4.4,4.34,219000000.0,222000000.0,2669000000.0,,910000000.0,244000000.0,,,416000000.0,4603000000.0,,661000000.0,2767000000.0,,1534000000.0,9780000000.0,584000000.0,819000000.0,1992000000.0,3395000000.0,,,215000000.0,737000000.0,8578000000.0,499000000.0,-62000000.0,1202000000.0,9780000000.0,,145000000.0,-570000000.0,-313000000.0,40000000.0,,24000000.0,,-93000000.0,3000000.0,495000000.0,,,,,491000000.0,142000000.0,,-59000000.0,-916000000.0,,,-979000000.0,-1443000000.0,203000000.0
2023-01-27,4781000000.0,1647000000.0,3134000000.0,713000000.0,,2425000000.0,709000000.0,43000000.0,752000000.0,-277000000.0,1029000000.0,4.72,4.66,218000000.0,221000000.0,2640000000.0,,821000000.0,175000000.0,,,403000000.0,4540000000.0,,667000000.0,2767000000.0,,1538000000.0,9710000000.0,432000000.0,835000000.0,2126000000.0,3393000000.0,,,215000000.0,737000000.0,8608000000.0,268000000.0,-55000000.0,1102000000.0,9710000000.0,,238000000.0,-577000000.0,-425000000.0,-29000000.0,,8000000.0,,-47000000.0,2000000.0,872000000.0,,,,,491000000.0,200000000.0,,-60000000.0,-1105000000.0,,,-1244000000.0,-1473000000.0,290000000.0
2023-04-28,6362000000.0,2153000000.0,4209000000.0,956000000.0,,3191000000.0,1018000000.0,48000000.0,1066000000.0,-208000000.0,1274000000.0,5.87,5.79,217000000.0,220000000.0,2316000000.0,,987000000.0,167000000.0,919000000.0,,456000000.0,4680000000.0,,650000000.0,2759000000.0,,1548000000.0,9818000000.0,392000000.0,857000000.0,2218000000.0,3467000000.0,,,215000000.0,708000000.0,8659000000.0,265000000.0,-51000000.0,1159000000.0,9818000000.0,181000000.0,312000000.0,-606000000.0,-260000000.0,-37000000.0,,63000000.0,,46000000.0,0.0,1107000000.0,,,,,491000000.0,239000000.0,,-59000000.0,-1390000000.0,,,-1513000000.0,-1797000000.0,386000000.0
2023-07-28,1432000000.0,436000000.0,996000000.0,247000000.0,,818000000.0,178000000.0,8000000.0,186000000.0,37000000.0,149000000.0,0.7,0.69,212000000.0,216000000.0,2020000000.0,,653000000.0,131000000.0,,,401000000.0,4160000000.0,,641000000.0,2759000000.0,,1544000000.0,9270000000.0,344000000.0,778000000.0,2127000000.0,3249000000.0,,,215000000.0,703000000.0,8397000000.0,0.0,-48000000.0,873000000.0,9270000000.0,,87000000.0,-6000000.0,-332000000.0,-37000000.0,,-57000000.0,,-133000000.0,1000000.0,453000000.0,,,,,0.0,35000000.0,,1000000.0,-228000000.0,,,-521000000.0,-296000000.0,9000000.0
2023-10-27,2994000000.0,888000000.0,2106000000.0,509000000.0,,1624000000.0,482000000.0,19000000.0,501000000.0,119000000.0,382000000.0,1.82,1.79,210000000.0,214000000.0,1934000000.0,,787000000.0,122000000.0,,,464000000.0,3993000000.0,,623000000.0,2759000000.0,,1546000000.0,9073000000.0,411000000.0,919000000.0,2003000000.0,3733000000.0,,,100000000.0,580000000.0,8303000000.0,0.0,-55000000.0,770000000.0,9073000000.0,,180000000.0,-13000000.0,-185000000.0,-46000000.0,,26000000.0,,-241000000.0,-1000000.0,588000000.0,,,,,0.0,73000000.0,,0.0,-1000000.0,,,-942000000.0,-381000000.0,222000000.0
2024-01-26,4600000000.0,1343000000.0,3257000000.0,758000000.0,,2409000000.0,848000000.0,35000000.0,883000000.0,188000000.0,695000000.0,3.33,3.26,209000000.0,213000000.0,1820000000.0,,787000000.0,131000000.0,,,492000000.0,4327000000.0,,607000000.0,2759000000.0,,1538000000.0,9369000000.0,396000000.0,876000000.0,2093000000.0,3765000000.0,,,100000000.0,585000000.0,8375000000.0,115000000.0,-55000000.0,994000000.0,9369000000.0,,269000000.0,-2000000.0,-195000000.0,-37000000.0,,71000000.0,,-160000000.0,-0.0,1072000000.0,,,,,0.0,109000000.0,,0.0,-438000000.0,,,-1120000000.0,-496000000.0,294000000.0
2024-04-26,6268000000.0,1835000000.0,4433000000.0,1029000000.0,,3219000000.0,1214000000.0,49000000.0,1263000000.0,277000000.0,986000000.0,4.74,4.63,208000000.0,213000000.0,1903000000.0,,1007000000.0,186000000.0,866000000.0,,452000000.0,4897000000.0,,604000000.0,2759000000.0,,1503000000.0,9887000000.0,517000000.0,1013000000.0,2176000000.0,4106000000.0,,,100000000.0,585000000.0,8741000000.0,208000000.0,-59000000.0,1146000000.0,9887000000.0,198000000.0,357000000.0,53000000.0,33000000.0,18000000.0,,62000000.0,,-14000000.0,-1000000.0,1685000000.0,,,,,0.0,155000000.0,,0.0,-735000000.0,,,-1344000000.0,-413000000.0,357000000.0
2024-07-26,1541000000.0,443000000.0,1098000000.0,252000000.0,,816000000.0,282000000.0,17000000.0,299000000.0,51000000.0,248000000.0,1.2,1.17,206000000.0,212000000.0,1652000000.0,,679000000.0,214000000.0,,,411000000.0,4321000000.0,,594000000.0,2759000000.0,,1527000000.0,9311000000.0,437000000.0,793000000.0,2133000000.0,4512000000.0,,,100000000.0,590000000.0,8382000000.0,0.0,-59000000.0,929000000.0,9311000000.0,,85000000.0,-17000000.0,-335000000.0,29000000.0,,-49000000.0,,-92000000.0,2000000.0,341000000.0,,,,,,41000000.0,,0.0,-51000000.0,,,-548000000.0,-250000000.0,21000000.0
2024-10-25,3199000000.0,924000000.0,2275000000.0,509000000.0,,1648000000.0,627000000.0,32000000.0,659000000.0,112000000.0,547000000.0,2.67,2.59,205000000.0,211000000.0,1478000000.0,,873000000.0,317000000.0,,,527000000.0,3939000000.0,,593000000.0,2759000000.0,,1617000000.0,9004000000.0,554000000.0,969000000.0,2045000000.0,4317000000.0,,,0.0,496000000.0,8112000000.0,0.0,-55000000.0,892000000.0,9004000000.0,,188000000.0,-69000000.0,-138000000.0,132000000.0,,107000000.0,,-164000000.0,2000000.0,446000000.0,,,,,,86000000.0,,-2000000.0,513000000.0,,,-1390000000.0,-422000000.0,222000000.0
,,,,,,,,,,,,,,,,,,,,,,,,,,,,,,,,,,,,,,,,,,,,,,,,,,,,,,,,,,,,,,,,,,,
,,,,,,,,,,,,,,,,,,,,,,,,,,,,,,,,,,,,,,,,,,,,,,,,,,,,,,,,,,,,,,,,,,,
,,,,,,,,,,,,,,,,,,,,,,,,,,,,,,,,,,,,,,,,,,,,,,,,,,,,,,,,,,,,,,,,,,,
