Date,Net sales,Cost of sales,Gross margin,Research and development,"Selling, general and administrative",Total operating expenses,Operating income,"Other income/(expense), net",Income before provision for income taxes,Provision for income taxes,Net income,Earnings per share basic,Earnings per share diluted,Weighted-average basic,Weighted-average diluted,Cash and cash equivalents,Short-term marketable securities,"Accounts receivable, net",Inventories,Deferred tax assets,Vendor non-trade receivables,Other current assets,Total current assets,Long-term marketable securities,"Property, Plant and Equipment, Net",Goodwill,"Acquired intangible assets, net","Other Assets, Noncurrent",Total assets,accounts payable,Accrued expenses,Deferred revenue,Total current liabilities,Deferred revenue - non-current,deferred tax liabilities,long term taxes payable,Total other non-current liabilities,Total liabilities,Retained Earnings (Accumulated Deficit),Accumulated other comprehensive (loss)/income,Total shareholders equity,Total liabilities and shareholders' equity,"Depreciation, amortization and accretion",Stock-based compensation expense,Deferred income tax expense,"Increase (Decrease) in Accounts receivable, net",Increase (Decrease) in Inventories,Increase (Decrease) in Other Receivables,Increase (Decrease) in Other Operating Assets,Increase (Decrease) in Accounts Payable,Increase (Decrease) in Deferred Revenue,Increase (Decrease) Other liabilities,Cash generated by operating activities,Purchases of marketable securities,Proceeds from maturities of marketable securities,Proceeds from sales of marketable securities,Purchases of other long-term investments,"Business acquisitions, net of cash acquired",Cash payments for capital asset purchases,Payments for acquisition of intangible assets,Payments for (Proceeds from) Other Investing Activities,Cash used in investing activities,Proceeds from issuance of common stock,Excess tax benefits from stock-based compensation,Cash generated/used in financing activities,Increase/(decrease) in cash and cash equivalents,"Cash paid for income taxes, net"
2010-01-31,3326445000.0,2149522000.0,1176923000.0,908851000.0,367017000.0,1275868000.0,-98945000.0,,,-14307000.0,-67987000.0,-0.12,-0.12,549574.0,549574.0,447221000.0,1281006000.0,374963000.0,330674000.0,8752000.0,,,2480830000.0,,571858000.0,369844000.0,120458000.0,,3585918000.0,344527000.0,439851000.0,,784378000.0,,,,111950000.0,,1896182000.0,12172000.0,2665140000.0,3585918000.0,,107091000.0,-21147000.0,-56741000.0,204656000.0,,,119366000.0,,,487807000.0,,,,,0.0,,,218000.0,-519333000.0,138029000.0,,61059000.0,29533000.0,4217000.0
2010-05-02,1001813000.0,545436000.0,456377000.0,218105000.0,90879000.0,308984000.0,147393000.0,,,13131000.0,137594000.0,0.24,0.23,567183.0,590997.0,447262000.0,1317634000.0,529663000.0,388139000.0,8752000.0,,,2726980000.0,,548916000.0,369844000.0,115423000.0,,3803030000.0,362740000.0,402553000.0,,765293000.0,,,,152994000.0,,2033776000.0,10872000.0,2860645000.0,3803030000.0,,25177000.0,14398000.0,-155011000.0,-56816000.0,,,16822000.0,,,-5397000.0,,,,,,,,,-57342000.0,63062000.0,,62780000.0,41000.0,1089000.0
2010-08-01,1813021000.0,1222352000.0,590669000.0,428740000.0,189743000.0,618483000.0,-175207000.0,,-169047000.0,-28086000.0,-140961000.0,-0.25,-0.25,572764.0,572764.0,377003000.0,1395497000.0,395934000.0,434227000.0,8752000.0,,,2655962000.0,,542216000.0,369844000.0,118879000.0,,3731268000.0,280041000.0,539098000.0,13448000.0,819139000.0,,32173000.0,50430000.0,127881000.0,,1892815000.0,11234000.0,2760514000.0,3731268000.0,,49808000.0,-15244000.0,-21193000.0,-102778000.0,,,-67486000.0,,,28947000.0,,,,,,,,1525000.0,-176443000.0,77852000.0,,77278000.0,-70218000.0,1605000.0
2010-10-31,2656933000.0,1674202000.0,982731000.0,633267000.0,273495000.0,906762000.0,103783000.0,,103585000.0,18723000.0,84862000.0,0.15,0.15,577323.0,584500.0,451174000.0,1536046000.0,399502000.0,377812000.0,8752000.0,,,2807702000.0,,585672000.0,369844000.0,112642000.0,,3915579000.0,324770000.0,491719000.0,27336000.0,816489000.0,,47245000.0,53567000.0,177851000.0,,1977677000.0,12667000.0,2897880000.0,3915579000.0,,74985000.0,-172000.0,-24567000.0,-46746000.0,,,-21868000.0,,,241124000.0,,,,,,,,1656000.0,-340427000.0,104131000.0,,103256000.0,3953000.0,2522000.0
2011-01-30,3543309000.0,2134219000.0,1409090000.0,848830000.0,361513000.0,1153343000.0,255747000.0,,271169000.0,18023000.0,253146000.0,0.44,0.43,575177.0,588684.0,665361000.0,1825202000.0,348770000.0,345525000.0,-35823000.0,,,3226950000.0,,568857000.0,369844000.0,288745000.0,3816000.0,4495246000.0,286138000.0,656544000.0,245596000.0,942682000.0,163000000.0,46129000.0,57590000.0,347713000.0,,2149328000.0,10272000.0,3181462000.0,4495246000.0,,100353000.0,-2646000.0,26341000.0,-14128000.0,,,-69786000.0,,,675797000.0,,,,,0.0,,,2163000.0,-649678000.0,177276000.0,15316000.0,192021000.0,218140000.0,-1071000.0
2011-05-01,962039000.0,477536000.0,484503000.0,231524000.0,98117000.0,329641000.0,154862000.0,,156485000.0,21266000.0,135219000.0,0.23,0.22,594802.0,613474.0,683633000.0,2042908000.0,343202000.0,380964000.0,9456000.0,,,3496763000.0,,553366000.0,369844000.0,278761000.0,,4736744000.0,346295000.0,634871000.0,281790000.0,981166000.0,98583000.0,54544000.0,56460000.0,284813000.0,,2284547000.0,11121000.0,3447808000.0,4736744000.0,,31739000.0,8415000.0,5820000.0,-35183000.0,,,53740000.0,,,172200000.0,,,,,,,,383000.0,-252506000.0,85286000.0,13644000.0,98578000.0,18272000.0,1404000.0
2011-07-31,1978556000.0,968769000.0,1009787000.0,479245000.0,201650000.0,680895000.0,328892000.0,,334032000.0,47240000.0,286792000.0,0.48,0.47,601340.0,615552.0,532614000.0,1941882000.0,419944000.0,361911000.0,26281000.0,,,3317557000.0,,550896000.0,593513000.0,358136000.0,,4864424000.0,297813000.0,662486000.0,277594000.0,960299000.0,32699000.0,29029000.0,60078000.0,192163000.0,,2436120000.0,14434000.0,3689469000.0,4864424000.0,,67688000.0,20082000.0,-57511000.0,-2169000.0,,,-8366000.0,,,254221000.0,,,,,348884000.0,,,1890000.0,-525724000.0,124785000.0,25021000.0,138756000.0,-132747000.0,2854000.0
2012-01-29,3997930000.0,1941413000.0,2056517000.0,1002605000.0,405613000.0,1408218000.0,648299000.0,,663396000.0,82306000.0,581090000.0,0.96,0.94,603646000.0,616371000.0,667876000.0,2461700000.0,336143000.0,340297000.0,-75898000.0,,,3905358000.0,,560072000.0,641030000.0,326136000.0,120332000.0,5552928000.0,335072000.0,594886000.0,270649000.0,929958000.0,200370000.0,133288000.0,63007000.0,455807000.0,,2730418000.0,10614000.0,4145724000.0,5552928000.0,,136354000.0,19056000.0,-26236000.0,-18884000.0,,,35708000.0,,,909156000.0,,,,,348884000.0,138735000.0,,1590000.0,-1143364000.0,,52793000.0,236723000.0,2515000.0,58328000.0
2012-04-29,924877000.0,461513000.0,463364000.0,283902000.0,106636000.0,390538000.0,72826000.0,,77095000.0,16658000.0,60437000.0,0.1,0.1,615780000.0,623786000.0,369135000.0,2761677000.0,411155000.0,342707000.0,49931000.0,,118085000.0,4032116000.0,,553541000.0,641030000.0,363395000.0,,5708167000.0,395578000.0,551826000.0,272367000.0,947404000.0,134338000.0,133004000.0,108281000.0,452505000.0,,2790855000.0,10447000.0,4287428000.0,5708167000.0,,35569000.0,3630000.0,-75369000.0,-2191000.0,,-1882000.0,33516000.0,,,-9208000.0,,,,,,28923000.0,,-216000.0,-335054000.0,37361000.0,8675000.0,45521000.0,-298741000.0,2010000.0
2012-07-29,1969147000.0,965064000.0,1004083000.0,565095000.0,226539000.0,791634000.0,212449000.0,,222303000.0,42820000.0,179483000.0,0.29,0.29,618996000.0,623397000.0,499618000.0,2778482000.0,445312000.0,387185000.0,49931000.0,,116006000.0,4213851000.0,,574056000.0,641030000.0,346938000.0,,5891881000.0,417250000.0,604710000.0,273182000.0,1021960000.0,68172000.0,143165000.0,108588000.0,396019000.0,,2909901000.0,11159000.0,4453665000.0,5891881000.0,,67824000.0,13791000.0,-109218000.0,-46834000.0,,494000.0,65646000.0,,,191678000.0,,,,,0.0,90867000.0,,82000.0,-419757000.0,42678000.0,18154000.0,59821000.0,-168258000.0,
2012-10-28,3173257000.0,1532516000.0,1640741000.0,849275000.0,326800000.0,1176075000.0,464666000.0,,475931000.0,87368000.0,388563000.0,0.63,0.62,622352000.0,628845000.0,525388000.0,2909384000.0,444944000.0,428983000.0,49931000.0,,111499000.0,4424827000.0,,566540000.0,641030000.0,331248000.0,,6075144000.0,390265000.0,601094000.0,269003000.0,991359000.0,2190000.0,172058000.0,111653000.0,341312000.0,,3118981000.0,10860000.0,4722846000.0,6075144000.0,,100893000.0,42684000.0,-109008000.0,-88378000.0,,4784000.0,49099000.0,,,373163000.0,,,,,0.0,135551000.0,,-135000.0,-602556000.0,62781000.0,25646000.0,86905000.0,-142488000.0,
2013-01-27,4280159000.0,2053816000.0,2226343000.0,1147282000.0,430822000.0,1578104000.0,648239000.0,,662039000.0,99503000.0,562536000.0,0.91,0.9,619324000.0,624957000.0,732786000.0,2995097000.0,454252000.0,419686000.0,-85687000.0,,,4775258000.0,,576144000.0,641030000.0,312332000.0,107481000.0,6412245000.0,356428000.0,619795000.0,273605000.0,976223000.0,236152000.0,192950000.0,115267000.0,589321000.0,,3246088000.0,9981000.0,4827703000.0,6412245000.0,,136662000.0,31860000.0,118940000.0,78949000.0,,,10885000.0,,,824172000.0,,,,,0.0,,,-352000.0,-743992000.0,,68710000.0,-15270000.0,64910000.0,38608000.0
2013-04-28,954739000.0,436171000.0,518568000.0,327161000.0,108626000.0,435787000.0,82781000.0,,88062000.0,10171000.0,77891000.0,0.13,0.13,616872000.0,619302000.0,561423000.0,3151928000.0,346998000.0,377597000.0,106336000.0,,107125000.0,4606616000.0,,588023000.0,641030000.0,336733000.0,,6279527000.0,328259000.0,597318000.0,269569000.0,925577000.0,170068000.0,192487000.0,114531000.0,510681000.0,,3277713000.0,10293000.0,4824936000.0,6279527000.0,,33397000.0,-3063000.0,108476000.0,41510000.0,,1806000.0,-53101000.0,,,175650000.0,,,,,0.0,65667000.0,,1450000.0,-230786000.0,22996000.0,10120000.0,-116227000.0,-171363000.0,2286000.0
2013-07-28,1931977000.0,867871000.0,1064106000.0,658899000.0,216892000.0,875791000.0,188315000.0,,199882000.0,25543000.0,174339000.0,0.29,0.29,601109000.0,606051000.0,591321000.0,2344572000.0,418123000.0,378280000.0,108436000.0,,104486000.0,3922608000.0,,578948000.0,641030000.0,322520000.0,,5569592000.0,310271000.0,625520000.0,267252000.0,935791000.0,104011000.0,197039000.0,114830000.0,443943000.0,,3330815000.0,5897000.0,4172173000.0,5569592000.0,,65792000.0,-611000.0,37271000.0,34722000.0,,4445000.0,-36452000.0,,,272119000.0,,,1248511000.0,,,150653000.0,,1450000.0,481032000.0,31303000.0,17360000.0,-894616000.0,781800000.0,5083000.0
2014-01-26,4130162000.0,1862399000.0,2267763000.0,1335834000.0,435702000.0,1771536000.0,496227000.0,,510254000.0,70264000.0,439990000.0,0.75,0.74,587893000.0,594517000.0,1151587000.0,3520223000.0,426357000.0,387765000.0,-86218000.0,,,5624711000.0,,582740000.0,643179000.0,296012000.0,104252000.0,7250894000.0,324391000.0,621105000.0,273108000.0,945496000.0,172199000.0,157953000.0,119977000.0,475125000.0,,3504742000.0,4877000.0,4456398000.0,7250894000.0,,136295000.0,15430000.0,-28852000.0,-24651000.0,,,-20382000.0,,,835146000.0,,,1926817000.0,,17145000.0,,,4950000.0,-805937000.0,,25801000.0,389592000.0,418801000.0,14615000.0
2014-07-27,2205611000.0,982435000.0,1223176000.0,671387000.0,237251000.0,908638000.0,314538000.0,,317907000.0,53415000.0,264492000.0,0.47,0.46,558657000.0,570599000.0,515092000.0,3870962000.0,469625000.0,387434000.0,66697000.0,,95430000.0,5377586000.0,,556911000.0,643179000.0,260613000.0,,6933719000.0,261627000.0,607102000.0,265704000.0,868729000.0,40063000.0,192702000.0,119661000.0,374113000.0,,3675071000.0,4378000.0,4304786000.0,6933719000.0,,73936000.0,38313000.0,45747000.0,-508000.0,,-1028000.0,-63648000.0,,,247304000.0,,,869087000.0,,,51595000.0,,250000.0,-393276000.0,98220000.0,6843000.0,-490523000.0,-636495000.0,6766000.0
2014-10-26,3430993000.0,1531119000.0,1899874000.0,1011472000.0,360549000.0,1372021000.0,527853000.0,,526977000.0,89518000.0,437459000.0,0.79,0.77,555035000.0,565653000.0,394683000.0,3846114000.0,563400000.0,408081000.0,61498000.0,,93679000.0,5341109000.0,,566601000.0,643179000.0,241301000.0,,6885869000.0,328097000.0,605810000.0,240829000.0,933907000.0,0.0,210388000.0,122854000.0,355133000.0,,3801966000.0,9761000.0,4204593000.0,6885869000.0,,115371000.0,62081000.0,138729000.0,19875000.0,,,9827000.0,,,462927000.0,,,1100014000.0,,0.0,91336000.0,,500000.0,-408871000.0,129691000.0,11744000.0,-810960000.0,-756904000.0,
2015-01-25,4681507000.0,2082030000.0,2599477000.0,1359725000.0,480763000.0,1840488000.0,758989000.0,,754836000.0,124249000.0,630587000.0,1.14,1.12,552319000.0,563068000.0,496654000.0,4126685000.0,473637000.0,482893000.0,-165609000.0,,,5713297000.0,,557282000.0,618179000.0,221714000.0,90896000.0,7201368000.0,293223000.0,602807000.0,292735000.0,896030000.0,107838000.0,232307000.0,120961000.0,488928000.0,,3948877000.0,7844000.0,4417982000.0,7201368000.0,,157841000.0,82569000.0,49324000.0,94984000.0,,,-26895000.0,,,905656000.0,,,1371982000.0,,0.0,,,500000.0,-727048000.0,,18456000.0,-833541000.0,-654933000.0,14470000.0
2015-04-26,1151000000.0,498000000.0,653000000.0,339000000.0,138000000.0,477000000.0,176000000.0,,172000000.0,38000000.0,134000000.0,0.24,0.24,549000000.0,568000000.0,464000000.0,4328000000.0,455000000.0,438000000.0,58000000.0,,89000000.0,5832000000.0,,547000000.0,618000000.0,205000000.0,,7291000000.0,222000000.0,661000000.0,,883000000.0,42000000.0,254000000.0,121000000.0,448000000.0,,4037000000.0,8000000.0,4556000000.0,7291000000.0,,45000000.0,28000000.0,-18000000.0,-45000000.0,,,-67000000.0,,,246000000.0,,,825000000.0,,,30000000.0,,1000000.0,-235000000.0,50000000.0,6000000.0,-44000000.0,-33000000.0,
2015-07-26,2304000000.0,1018000000.0,1286000000.0,658000000.0,289000000.0,1036000000.0,250000000.0,,244000000.0,84000000.0,160000000.0,0.29,0.28,545000000.0,563000000.0,435000000.0,4070000000.0,514000000.0,441000000.0,59000000.0,,66000000.0,5608000000.0,,497000000.0,618000000.0,190000000.0,,6979000000.0,277000000.0,659000000.0,,936000000.0,1000000.0,292000000.0,124000000.0,447000000.0,,4010000000.0,1000000.0,4185000000.0,6979000000.0,,93000000.0,65000000.0,41000000.0,-42000000.0,,,-13000000.0,,,409000000.0,,,1415000000.0,,,54000000.0,,1000000.0,12000000.0,64000000.0,6000000.0,-483000000.0,-62000000.0,
2015-10-25,3609000000.0,1589000000.0,2020000000.0,987000000.0,441000000.0,1525000000.0,495000000.0,,489000000.0,83000000.0,406000000.0,0.75,0.72,544000000.0,565000000.0,471000000.0,4257000000.0,536000000.0,425000000.0,52000000.0,,73000000.0,5834000000.0,,477000000.0,618000000.0,172000000.0,,7174000000.0,295000000.0,560000000.0,,855000000.0,1000000.0,325000000.0,76000000.0,437000000.0,,4204000000.0,2000000.0,4465000000.0,7174000000.0,,145000000.0,107000000.0,63000000.0,-59000000.0,,,7000000.0,,,664000000.0,,,1651000000.0,,,71000000.0,,1000000.0,-187000000.0,99000000.0,5000000.0,-503000000.0,-26000000.0,
2016-01-31,5010000000.0,2199000000.0,2811000000.0,1331000000.0,602000000.0,2064000000.0,747000000.0,,743000000.0,129000000.0,614000000.0,1.13,1.08,543000000.0,569000000.0,596000000.0,4441000000.0,505000000.0,418000000.0,297000000.0,,,6053000000.0,,466000000.0,618000000.0,166000000.0,67000000.0,7370000000.0,296000000.0,642000000.0,322000000.0,2351000000.0,44000000.0,301000000.0,78000000.0,453000000.0,2814000000.0,4350000000.0,-4000000.0,4469000000.0,7370000000.0,,204000000.0,134000000.0,32000000.0,-66000000.0,,,-11000000.0,,,1175000000.0,,,2102000000.0,,0.0,,,6000000.0,-400000000.0,,10000000.0,-676000000.0,99000000.0,14000000.0
2016-05-01,1305000000.0,554000000.0,751000000.0,346000000.0,159000000.0,506000000.0,245000000.0,,241000000.0,45000000.0,196000000.0,0.36,0.33,537000000.0,597000000.0,547000000.0,4207000000.0,523000000.0,394000000.0,,,66000000.0,5790000000.0,,479000000.0,618000000.0,155000000.0,,7108000000.0,320000000.0,636000000.0,,2377000000.0,1000000.0,333000000.0,78000000.0,447000000.0,2833000000.0,4484000000.0,1000000.0,4196000000.0,7108000000.0,,53000000.0,33000000.0,17000000.0,-23000000.0,,,32000000.0,,,309000000.0,,,529000000.0,,,55000000.0,,4000000.0,176000000.0,20000000.0,9000000.0,-534000000.0,-49000000.0,
2016-07-31,2733000000.0,1156000000.0,1577000000.0,697000000.0,316000000.0,1016000000.0,561000000.0,,558000000.0,109000000.0,449000000.0,0.84,0.73,536000000.0,631000000.0,426000000.0,4453000000.0,644000000.0,521000000.0,,,64000000.0,6156000000.0,,485000000.0,618000000.0,138000000.0,,7461000000.0,423000000.0,556000000.0,,2407000000.0,1000000.0,372000000.0,80000000.0,494000000.0,2909000000.0,4675000000.0,4000000.0,4480000000.0,7461000000.0,,111000000.0,74000000.0,138000000.0,104000000.0,,,131000000.0,,,493000000.0,,,901000000.0,,,87000000.0,,4000000.0,-93000000.0,40000000.0,26000000.0,-570000000.0,-170000000.0,
2016-10-30,4737000000.0,1977000000.0,2760000000.0,1069000000.0,487000000.0,1559000000.0,1201000000.0,,1180000000.0,168000000.0,1012000000.0,1.89,1.59,538000000.0,653000000.0,1940000000.0,4731000000.0,833000000.0,679000000.0,,,64000000.0,8307000000.0,,503000000.0,618000000.0,120000000.0,,9612000000.0,523000000.0,507000000.0,,2041000000.0,2000000.0,88000000.0,85000000.0,213000000.0,4243000000.0,5529000000.0,-4000000.0,5324000000.0,9612000000.0,,176000000.0,146000000.0,328000000.0,261000000.0,,,218000000.0,,,951000000.0,,,1239000000.0,,,125000000.0,,3000000.0,-420000000.0,,,813000000.0,1344000000.0,
2017-01-29,6910000000.0,2847000000.0,4063000000.0,1463000000.0,663000000.0,2129000000.0,1934000000.0,,1905000000.0,239000000.0,1666000000.0,3.08,2.57,541000000.0,649000000.0,1766000000.0,5032000000.0,826000000.0,794000000.0,134000000.0,,,8536000000.0,,521000000.0,618000000.0,104000000.0,62000000.0,9841000000.0,485000000.0,507000000.0,85000000.0,1788000000.0,4000000.0,141000000.0,96000000.0,271000000.0,4048000000.0,6108000000.0,-16000000.0,5762000000.0,9841000000.0,,247000000.0,197000000.0,321000000.0,375000000.0,,,184000000.0,,,1672000000.0,,,1546000000.0,,,,,5000000.0,-793000000.0,,0.0,291000000.0,1170000000.0,14000000.0
2017-04-30,1937000000.0,787000000.0,1150000000.0,411000000.0,185000000.0,596000000.0,554000000.0,-18000000.0,536000000.0,29000000.0,507000000.0,0.86,0.79,592000000.0,641000000.0,1989000000.0,4217000000.0,976000000.0,821000000.0,,,47000000.0,8116000000.0,,539000000.0,618000000.0,90000000.0,,9410000000.0,348000000.0,420000000.0,,983000000.0,5000000.0,159000000.0,101000000.0,300000000.0,3271000000.0,6506000000.0,-14000000.0,6132000000.0,9410000000.0,,76000000.0,22000000.0,150000000.0,27000000.0,,,-133000000.0,,,282000000.0,,,649000000.0,,,54000000.0,,5000000.0,754000000.0,,,-813000000.0,223000000.0,
2017-07-30,4167000000.0,1715000000.0,2452000000.0,827000000.0,383000000.0,1210000000.0,1242000000.0,-21000000.0,1221000000.0,130000000.0,1091000000.0,1.83,1.71,597000000.0,637000000.0,1988000000.0,3889000000.0,1213000000.0,855000000.0,,,60000000.0,8070000000.0,,578000000.0,618000000.0,76000000.0,,9402000000.0,431000000.0,517000000.0,,1032000000.0,6000000.0,252000000.0,105000000.0,408000000.0,3427000000.0,7006000000.0,-12000000.0,5973000000.0,9402000000.0,,158000000.0,115000000.0,387000000.0,61000000.0,,,-63000000.0,,,987000000.0,,,726000000.0,,,108000000.0,,16000000.0,1016000000.0,,,-1781000000.0,222000000.0,
2017-10-29,6803000000.0,2782000000.0,4021000000.0,1290000000.0,594000000.0,1884000000.0,2137000000.0,-20000000.0,2117000000.0,189000000.0,1928000000.0,3.23,3.05,603000000.0,633000000.0,2802000000.0,3518000000.0,1167000000.0,857000000.0,,,70000000.0,8479000000.0,,600000000.0,618000000.0,63000000.0,,9830000000.0,511000000.0,493000000.0,,1027000000.0,10000000.0,295000000.0,116000000.0,464000000.0,3477000000.0,7760000000.0,-14000000.0,6352000000.0,9830000000.0,,265000000.0,158000000.0,342000000.0,61000000.0,,,27000000.0,,,2144000000.0,,,802000000.0,,,177000000.0,,26000000.0,1302000000.0,,,-2410000000.0,1036000000.0,
2018-04-29,3207000000.0,1139000000.0,2068000000.0,542000000.0,231000000.0,773000000.0,1295000000.0,16000000.0,1311000000.0,67000000.0,1244000000.0,2.05,1.98,606000000.0,627000000.0,765000000.0,6535000000.0,1220000000.0,797000000.0,,,273000000.0,9448000000.0,,1066000000.0,618000000.0,55000000.0,,11460000000.0,623000000.0,469000000.0,,1106000000.0,18000000.0,19000000.0,569000000.0,651000000.0,3743000000.0,9948000000.0,-23000000.0,7717000000.0,11460000000.0,,129000000.0,51000000.0,-56000000.0,2000000.0,,,22000000.0,,,1445000000.0,,,33000000.0,,,118000000.0,,0.0,-3551000000.0,,,-1131000000.0,-3237000000.0,
2018-07-29,6330000000.0,2287000000.0,4043000000.0,1124000000.0,467000000.0,1591000000.0,2452000000.0,39000000.0,2491000000.0,146000000.0,2345000000.0,3.86,3.74,607000000.0,627000000.0,718000000.0,7225000000.0,1662000000.0,1090000000.0,,,220000000.0,10831000000.0,,1162000000.0,618000000.0,51000000.0,,12882000000.0,800000000.0,648000000.0,77000000.0,1462000000.0,27000000.0,,544000000.0,638000000.0,4087000000.0,10957000000.0,-23000000.0,8795000000.0,12882000000.0,,262000000.0,113000000.0,386000000.0,295000000.0,,,172000000.0,,,2358000000.0,7136000000.0,,77000000.0,,,247000000.0,,7000000.0,-4356000000.0,,,-1286000000.0,-3284000000.0,
2018-10-28,9511000000.0,3547000000.0,5964000000.0,1729000000.0,725000000.0,2454000000.0,3510000000.0,62000000.0,3572000000.0,-149000000.0,3575000000.0,5.88,5.71,609000000.0,626000000.0,721000000.0,6870000000.0,2219000000.0,1417000000.0,,,312000000.0,11386000000.0,,1292000000.0,618000000.0,49000000.0,,13657000000.0,902000000.0,703000000.0,80000000.0,1608000000.0,40000000.0,,469000000.0,587000000.0,4182000000.0,12096000000.0,-24000000.0,9475000000.0,13657000000.0,,400000000.0,30000000.0,943000000.0,620000000.0,,,224000000.0,,,2845000000.0,10112000000.0,,114000000.0,,,397000000.0,,9000000.0,-4137000000.0,,,-1989000000.0,-3281000000.0,
2019-04-28,2220000000.0,924000000.0,1296000000.0,674000000.0,264000000.0,938000000.0,358000000.0,31000000.0,389000000.0,-5000000.0,394000000.0,0.65,0.64,607000000.0,616000000.0,2772000000.0,5030000000.0,1242000000.0,1426000000.0,,,110000000.0,10629000000.0,,1473000000.0,618000000.0,54000000.0,,14021000000.0,368000000.0,815000000.0,85000000.0,1183000000.0,49000000.0,,524000000.0,660000000.0,4317000000.0,12862000000.0,-2000000.0,9704000000.0,14021000000.0,,178000000.0,-42000000.0,-182000000.0,-153000000.0,,,-123000000.0,,,720000000.0,622000000.0,,26000000.0,,,128000000.0,,,1495000000.0,,,-225000000.0,1990000000.0,
2019-07-28,4799000000.0,1962000000.0,2837000000.0,1379000000.0,529000000.0,1908000000.0,929000000.0,66000000.0,995000000.0,54000000.0,947000000.0,1.56,1.54,609000000.0,616000000.0,7105000000.0,1370000000.0,1561000000.0,1204000000.0,,,110000000.0,11391000000.0,,1484000000.0,618000000.0,49000000.0,,14775000000.0,437000000.0,880000000.0,127000000.0,1317000000.0,,,501000000.0,650000000.0,4439000000.0,13317000000.0,-1000000.0,10336000000.0,14775000000.0,,401000000.0,-27000000.0,137000000.0,-378000000.0,,,-45000000.0,,,1656000000.0,1461000000.0,,3152000000.0,2000000.0,,241000000.0,,,5040000000.0,,,-373000000.0,6323000000.0,
2019-10-27,7813000000.0,3060000000.0,4753000000.0,2091000000.0,806000000.0,2897000000.0,1856000000.0,98000000.0,1954000000.0,109000000.0,1845000000.0,3.03,2.99,610000000.0,618000000.0,9765000000.0,4000000.0,1455000000.0,1047000000.0,,,,12420000000.0,,1517000000.0,618000000.0,43000000.0,,15810000000.0,591000000.0,884000000.0,119000000.0,1475000000.0,,,511000000.0,662000000.0,4596000000.0,14118000000.0,-3000000.0,11214000000.0,15810000000.0,,624000000.0,-5000000.0,32000000.0,-531000000.0,,,91000000.0,,,3296000000.0,1461000000.0,,3363000000.0,6000000.0,,344000000.0,,,6296000000.0,,,-609000000.0,8983000000.0,
2020-01-26,10918000000.0,4150000000.0,6768000000.0,2829000000.0,1093000000.0,3922000000.0,2846000000.0,124000000.0,2970000000.0,174000000.0,2796000000.0,4.59,4.52,609000000.0,618000000.0,10896000000.0,1000000.0,1657000000.0,979000000.0,519000000.0,,,13690000000.0,,1674000000.0,618000000.0,49000000.0,118000000.0,17315000000.0,687000000.0,1097000000.0,141000000.0,1784000000.0,,,528000000.0,775000000.0,5111000000.0,14971000000.0,1000000.0,12204000000.0,17315000000.0,,844000000.0,18000000.0,233000000.0,-597000000.0,,,194000000.0,,,4761000000.0,1461000000.0,,3365000000.0,,,,,14000000.0,6145000000.0,,,-792000000.0,10114000000.0,176000000.0
2020-04-26,3080000000.0,1076000000.0,2004000000.0,735000000.0,293000000.0,1028000000.0,976000000.0,5000000.0,981000000.0,64000000.0,917000000.0,1.49,1.47,614000000.0,622000000.0,15494000000.0,860000000.0,1907000000.0,1128000000.0,,,,19584000000.0,,1715000000.0,628000000.0,80000000.0,,23254000000.0,761000000.0,1142000000.0,174000000.0,1903000000.0,,,535000000.0,774000000.0,10155000000.0,15790000000.0,-10000000.0,13099000000.0,23254000000.0,,224000000.0,16000000.0,249000000.0,151000000.0,,,71000000.0,,,909000000.0,861000000.0,,1000000.0,6000000.0,34000000.0,155000000.0,,,-1055000000.0,,,4744000000.0,4598000000.0,
2020-07-26,6946000000.0,2667000000.0,4279000000.0,1732000000.0,920000000.0,2652000000.0,1627000000.0,-42000000.0,1591000000.0,52000000.0,1539000000.0,2.5,2.47,616000000.0,626000000.0,3274000000.0,7707000000.0,2084000000.0,1401000000.0,,,,14681000000.0,,1964000000.0,4193000000.0,2854000000.0,,25180000000.0,893000000.0,1517000000.0,222000000.0,2410000000.0,,,721000000.0,1285000000.0,11266000000.0,16313000000.0,4000000.0,13914000000.0,25180000000.0,,598000000.0,-64000000.0,205000000.0,97000000.0,,,63000000.0,,,2476000000.0,8286000000.0,1032000000.0,259000000.0,7000000.0,7171000000.0,372000000.0,,,-14545000000.0,,,4447000000.0,-7622000000.0,
2020-10-25,11672000000.0,4432000000.0,7240000000.0,2778000000.0,1437000000.0,4215000000.0,3025000000.0,-86000000.0,2939000000.0,64000000.0,2875000000.0,4.67,4.59,618000000.0,630000000.0,2251000000.0,7888000000.0,2546000000.0,1495000000.0,,,,14393000000.0,,2059000000.0,4193000000.0,2861000000.0,2028000000.0,26881000000.0,1097000000.0,1574000000.0,235000000.0,3669000000.0,,,747000000.0,1311000000.0,11547000000.0,17550000000.0,12000000.0,15334000000.0,26881000000.0,,981000000.0,-117000000.0,667000000.0,190000000.0,,,289000000.0,,,3755000000.0,12840000000.0,5165000000.0,502000000.0,4000000.0,8524000000.0,845000000.0,,,-16546000000.0,,,4146000000.0,-8645000000.0,
2021-01-31,16675000000.0,6279000000.0,10396000000.0,3924000000.0,1940000000.0,5864000000.0,4532000000.0,-123000000.0,4409000000.0,77000000.0,4332000000.0,7.02,6.9,617000000.0,628000000.0,847000000.0,10714000000.0,2429000000.0,1826000000.0,565000000.0,,,16055000000.0,,2149000000.0,4193000000.0,2737000000.0,2144000000.0,28791000000.0,1201000000.0,1725000000.0,288000000.0,3925000000.0,,,836000000.0,1375000000.0,11898000000.0,18908000000.0,19000000.0,16893000000.0,28791000000.0,,1397000000.0,-282000000.0,550000000.0,524000000.0,,,363000000.0,,,5822000000.0,19308000000.0,,527000000.0,,8524000000.0,,,34000000.0,-19675000000.0,,,3804000000.0,-10049000000.0,249000000.0
2021-05-02,5661000000.0,2032000000.0,3629000000.0,1153000000.0,520000000.0,1673000000.0,1956000000.0,88000000.0,2044000000.0,132000000.0,1912000000.0,3.08,3.03,621000000.0,632000000.0,978000000.0,11689000000.0,3024000000.0,1992000000.0,,,132000000.0,18127000000.0,,2268000000.0,4193000000.0,2613000000.0,2090000000.0,30796000000.0,1218000000.0,1787000000.0,333000000.0,4004000000.0,,,864000000.0,1414000000.0,12022000000.0,20721000000.0,14000000.0,18774000000.0,30796000000.0,,429000000.0,24000000.0,595000000.0,159000000.0,,,70000000.0,,,1874000000.0,4470000000.0,3140000000.0,358000000.0,,0.0,298000000.0,,2000000.0,-1272000000.0,,,-471000000.0,131000000.0,
2021-08-01,12168000000.0,4324000000.0,7844000000.0,2398000000.0,1046000000.0,3444000000.0,4400000000.0,-50000000.0,4438000000.0,153000000.0,4285000000.0,1.72,1.69,2493000000.0,2532000000.0,5628000000.0,14026000000.0,3586000000.0,2114000000.0,,,129000000.0,25806000000.0,,2364000000.0,4193000000.0,2478000000.0,2050000000.0,38650000000.0,1474000000.0,1974000000.0,301000000.0,4448000000.0,,,897000000.0,1396000000.0,17503000000.0,22995000000.0,8000000.0,21147000000.0,38650000000.0,,894000000.0,-161000000.0,1157000000.0,282000000.0,,,279000000.0,,,4556000000.0,9268000000.0,5236000000.0,705000000.0,,0.0,481000000.0,,-3000000.0,-3805000000.0,,,4030000000.0,4781000000.0,
2021-10-31,19271000000.0,6795000000.0,12476000000.0,3802000000.0,1603000000.0,5405000000.0,7071000000.0,-33000000.0,7076000000.0,327000000.0,6749000000.0,2.71,2.67,2499000000.0,2538000000.0,1288000000.0,18010000000.0,3954000000.0,2233000000.0,,,,25806000000.0,,2509000000.0,4302000000.0,2454000000.0,3761000000.0,40632000000.0,1664000000.0,1948000000.0,298000000.0,3612000000.0,,,1051000000.0,1535000000.0,16834000000.0,25359000000.0,9000000.0,23798000000.0,40632000000.0,865000000.0,1453000000.0,-182000000.0,1523000000.0,400000000.0,,,474000000.0,,,6075000000.0,16020000000.0,7780000000.0,916000000.0,,203000000.0,703000000.0,,14000000.0,-8244000000.0,,,2610000000.0,441000000.0,
2022-01-30,26914000000.0,9439000000.0,17475000000.0,5268000000.0,2166000000.0,7434000000.0,10041000000.0,-100000000.0,9941000000.0,189000000.0,9752000000.0,3.91,3.85,2496000000.0,2535000000.0,1990000000.0,19218000000.0,4650000000.0,2605000000.0,976000000.0,,,28829000000.0,,2778000000.0,4350000000.0,2339000000.0,3841000000.0,44187000000.0,1783000000.0,2552000000.0,300000000.0,4335000000.0,,,980000000.0,1553000000.0,17575000000.0,16235000000.0,-11000000.0,26612000000.0,44187000000.0,1174000000.0,2004000000.0,-406000000.0,2215000000.0,774000000.0,,,568000000.0,,,9108000000.0,24787000000.0,15197000000.0,1023000000.0,,263000000.0,,,24000000.0,-9830000000.0,,,1865000000.0,1143000000.0,396000000.0
2022-05-01,8288000000.0,2857000000.0,5431000000.0,1618000000.0,592000000.0,3563000000.0,1868000000.0,-63000000.0,1805000000.0,187000000.0,1618000000.0,0.65,0.64,2506000000.0,2537000000.0,3887000000.0,16451000000.0,5438000000.0,3163000000.0,,,,29575000000.0,,2916000000.0,4365000000.0,2211000000.0,3505000000.0,45212000000.0,1999000000.0,3563000000.0,334000000.0,5562000000.0,,,1051000000.0,1631000000.0,18892000000.0,15758000000.0,-64000000.0,26320000000.0,45212000000.0,334000000.0,578000000.0,-542000000.0,788000000.0,560000000.0,,,255000000.0,,,1731000000.0,3932000000.0,5947000000.0,1029000000.0,,36000000.0,,,35000000.0,2612000000.0,,,-2446000000.0,1897000000.0,
2022-07-31,14992000000.0,6646000000.0,8346000000.0,3443000000.0,1183000000.0,5979000000.0,2367000000.0,-87000000.0,2280000000.0,-181000000.0,2274000000.0,0.91,0.9,2500000000.0,2526000000.0,3013000000.0,14024000000.0,5317000000.0,3889000000.0,,,,27418000000.0,,3233000000.0,4372000000.0,2036000000.0,3340000000.0,43476000000.0,2421000000.0,3903000000.0,359000000.0,7573000000.0,,,1022000000.0,1609000000.0,19625000000.0,12971000000.0,-90000000.0,23851000000.0,43476000000.0,712000000.0,1226000000.0,-985000000.0,668000000.0,1285000000.0,,,559000000.0,,,3001000000.0,7576000000.0,10983000000.0,1731000000.0,,49000000.0,,,65000000.0,4230000000.0,,,-6208000000.0,1023000000.0,1108000000.0
2022-10-30,20923000000.0,9400000000.0,11523000000.0,5387000000.0,1815000000.0,8555000000.0,2968000000.0,-75000000.0,2893000000.0,-67000000.0,2954000000.0,1.18,1.17,2495000000.0,2517000000.0,2800000000.0,10343000000.0,4908000000.0,4454000000.0,,,,23223000000.0,,3774000000.0,4372000000.0,1850000000.0,3580000000.0,40488000000.0,1491000000.0,4115000000.0,338000000.0,6855000000.0,,,1057000000.0,1785000000.0,19139000000.0,9905000000.0,-123000000.0,21349000000.0,40488000000.0,1118000000.0,1971000000.0,-1517000000.0,258000000.0,1848000000.0,,,-358000000.0,,,3393000000.0,9764000000.0,16792000000.0,1806000000.0,,49000000.0,,,83000000.0,7378000000.0,,,-9961000000.0,810000000.0,1372000000.0
2023-01-29,26974000000.0,11618000000.0,15356000000.0,7339000000.0,2440000000.0,11132000000.0,4224000000.0,-43000000.0,4181000000.0,-187000000.0,4368000000.0,1.76,1.74,2487000000.0,2507000000.0,3389000000.0,9907000000.0,3827000000.0,5159000000.0,3148000000.0,,,23073000000.0,,3807000000.0,4372000000.0,1676000000.0,3820000000.0,41182000000.0,1193000000.0,4120000000.0,354000000.0,6563000000.0,,,1204000000.0,1913000000.0,19081000000.0,10171000000.0,-43000000.0,22101000000.0,41182000000.0,1544000000.0,2709000000.0,-2164000000.0,-822000000.0,2554000000.0,,,-551000000.0,,,5641000000.0,11897000000.0,19425000000.0,1806000000.0,,49000000.0,,,77000000.0,7375000000.0,,,-11617000000.0,1399000000.0,1404000000.0
2023-04-30,7192000000.0,2544000000.0,4648000000.0,1875000000.0,633000000.0,2508000000.0,2140000000.0,69000000.0,2209000000.0,166000000.0,2043000000.0,0.83,0.82,2470000000.0,2490000000.0,5079000000.0,10241000000.0,4080000000.0,4611000000.0,,,,24883000000.0,,3740000000.0,4430000000.0,1541000000.0,4204000000.0,44460000000.0,1141000000.0,4869000000.0,367000000.0,7260000000.0,,,1300000000.0,2037000000.0,19940000000.0,12115000000.0,-50000000.0,24520000000.0,44460000000.0,384000000.0,,-1135000000.0,252000000.0,-566000000.0,,,11000000.0,,,2911000000.0,2801000000.0,2512000000.0,0.0,,83000000.0,,,221000000.0,-841000000.0,,,-380000000.0,1690000000.0,
2023-07-30,20699000000.0,6589000000.0,14110000000.0,3916000000.0,1253000000.0,5169000000.0,8941000000.0,249000000.0,9190000000.0,958000000.0,8232000000.0,3.33,3.3,2473000000.0,2499000000.0,5783000000.0,10240000000.0,7066000000.0,4319000000.0,,,,28797000000.0,,3799000000.0,4430000000.0,1395000000.0,4501000000.0,49555000000.0,1929000000.0,7156000000.0,421000000.0,10334000000.0,,,1350000000.0,2223000000.0,22054000000.0,14921000000.0,-51000000.0,27501000000.0,49555000000.0,749000000.0,1576000000.0,-1881000000.0,3239000000.0,-861000000.0,,,789000000.0,,,9259000000.0,5343000000.0,5111000000.0,0.0,,83000000.0,,,435000000.0,-1287000000.0,,,-5479000000.0,2493000000.0,328000000.0
2023-10-29,38819000000.0,11309000000.0,27510000000.0,6210000000.0,1942000000.0,8152000000.0,19358000000.0,354000000.0,19712000000.0,2240000000.0,17475000000.0,7.07,7.01,2470000000.0,2494000000.0,5519000000.0,12762000000.0,8309000000.0,4779000000.0,,,,32658000000.0,,3844000000.0,4430000000.0,1251000000.0,4667000000.0,54148000000.0,2380000000.0,5472000000.0,513000000.0,9101000000.0,,,1206000000.0,2234000000.0,20883000000.0,20360000000.0,-88000000.0,33265000000.0,54148000000.0,1121000000.0,2555000000.0,-2411000000.0,4482000000.0,-405000000.0,,,1250000000.0,,,16591000000.0,10688000000.0,8001000000.0,0.0,,83000000.0,815000000.0,,872000000.0,-4457000000.0,,,-10004000000.0,2130000000.0,4676000000.0
2024-01-28,60922000000.0,16621000000.0,44301000000.0,8675000000.0,2654000000.0,11329000000.0,32972000000.0,846000000.0,33818000000.0,4058000000.0,29760000000.0,12.05,11.93,2469000000.0,2494000000.0,7280000000.0,18704000000.0,9999000000.0,5282000000.0,5617000000.0,,,44345000000.0,,3914000000.0,4430000000.0,1112000000.0,4500000000.0,65728000000.0,2699000000.0,6682000000.0,764000000.0,10631000000.0,,,1361000000.0,2541000000.0,22750000000.0,29817000000.0,27000000.0,42978000000.0,65728000000.0,1508000000.0,3549000000.0,-2489000000.0,6172000000.0,98000000.0,,,1531000000.0,,,28090000000.0,18211000000.0,9732000000.0,50000000.0,,83000000.0,1069000000.0,,985000000.0,-10566000000.0,,,-13633000000.0,3891000000.0,6549000000.0
2024-04-28,26044000000.0,5638000000.0,20406000000.0,2720000000.0,777000000.0,3497000000.0,16909000000.0,370000000.0,17279000000.0,2400000000.0,14881000000.0,6.04,5.98,2462000000.0,2489000000.0,7587000000.0,23851000000.0,12365000000.0,5864000000.0,,,,53729000000.0,,4006000000.0,4453000000.0,986000000.0,4568000000.0,77072000000.0,2715000000.0,11258000000.0,845000000.0,15223000000.0,,,1553000000.0,2966000000.0,27930000000.0,36598000000.0,-109000000.0,49142000000.0,77072000000.0,410000000.0,1011000000.0,-1577000000.0,2366000000.0,577000000.0,,,-22000000.0,,,15345000000.0,9303000000.0,4004000000.0,149000000.0,,39000000.0,369000000.0,,135000000.0,-5693000000.0,,,-9345000000.0,307000000.0,
2024-07-28,56084000000.0,13105000000.0,42979000000.0,5810000000.0,1618000000.0,7428000000.0,35551000000.0,942000000.0,36493000000.0,5013000000.0,31480000000.0,1.28,1.27,24599000000.0,24869000000.0,8563000000.0,26237000000.0,14132000000.0,6675000000.0,,,,59633000000.0,,4885000000.0,4622000000.0,952000000.0,4001000000.0,85227000000.0,3680000000.0,10289000000.0,948000000.0,13969000000.0,,,1670000000.0,3336000000.0,27070000000.0,45961000000.0,56000000.0,58157000000.0,85227000000.0,843000000.0,2164000000.0,-3276000000.0,4133000000.0,1380000000.0,,,801000000.0,,,29833000000.0,15047000000.0,8098000000.0,164000000.0,,317000000.0,1346000000.0,,0.0,-8877000000.0,,,-19665000000.0,1291000000.0,7449000000.0
2024-10-27,91166000000.0,22031000000.0,69135000000.0,9200000000.0,2516000000.0,11716000000.0,57419000000.0,1390000000.0,58809000000.0,8020000000.0,50789000000.0,2.07,2.04,24577000000.0,24837000000.0,9107000000.0,29380000000.0,17693000000.0,7654000000.0,,,,67640000000.0,,5343000000.0,4724000000.0,838000000.0,5437000000.0,96013000000.0,5353000000.0,11126000000.0,752000000.0,16479000000.0,,,1945000000.0,3683000000.0,30114000000.0,53950000000.0,103000000.0,65899000000.0,96013000000.0,1321000000.0,3416000000.0,-3879000000.0,7694000000.0,2357000000.0,,,2490000000.0,,,47460000000.0,19565000000.0,9485000000.0,318000000.0,,465000000.0,2159000000.0,,0.0,-13223000000.0,,,-32410000000.0,1827000000.0,10989000000.0
