Date,Net sales,Cost of sales,Gross margin,Research and development,"Selling, general and administrative",Total operating expenses,Operating income,"Other income/(expense), net",Income before provision for income taxes,Provision for income taxes,Net income,Earnings per share basic,Earnings per share diluted,Weighted-average basic,Weighted-average diluted,Cash and cash equivalents,Short-term marketable securities,"Accounts receivable, net",Inventories,Deferred tax assets,Vendor non-trade receivables,Other current assets,Total current assets,Long-term marketable securities,"Property, Plant and Equipment, Net",Goodwill,"Acquired intangible assets, net","Other Assets, Noncurrent",Total assets,accounts payable,Accrued expenses,Deferred revenue,Total current liabilities,Deferred revenue - non-current,deferred tax liabilities,long term taxes payable,Total other non-current liabilities,Total liabilities,Retained Earnings (Accumulated Deficit),Accumulated other comprehensive (loss)/income,Total shareholders equity,Total liabilities and shareholders' equity,"Depreciation, amortization and accretion",Stock-based compensation expense,Deferred income tax expense,"Increase (Decrease) in Accounts receivable, net",Increase (Decrease) in Inventories,Increase (Decrease) in Other Receivables,Increase (Decrease) in Other Operating Assets,Increase (Decrease) in Accounts Payable,Increase (Decrease) in Deferred Revenue,Increase (Decrease) Other liabilities,Cash generated by operating activities,Purchases of marketable securities,Proceeds from maturities of marketable securities,Proceeds from sales of marketable securities,Purchases of other long-term investments,"Business acquisitions, net of cash acquired",Cash payments for capital asset purchases,Payments for acquisition of intangible assets,Payments for (Proceeds from) Other Investing Activities,Cash used in investing activities,Proceeds from issuance of common stock,Excess tax benefits from stock-based compensation,Cash generated/used in financing activities,Increase/(decrease) in cash and cash equivalents,"Cash paid for income taxes, net"
2010-06-30,,,,,,,,,170990000.0,67627000.0,103363000.0,16.96,16.15,6123000.0,6405000.0,1090882000.0,,,,,,,,,,,,,2359435000.0,,,,,,,,,543969000.0,3926430000.0,,1815466000.0,2359435000.0,,20826000.0,,6169000.0,1983000.0,,,,,,-66306000.0,,,,,,2921000.0,,,39879000.0,,58562000.0,-132841000.0,-159268000.0,9710000.0
2010-09-30,,,,,,,,,235880000.0,88573000.0,147307000.0,24.64,23.49,5978000.0,6271000.0,1055843000.0,,,,,,,,,,,,,2249819000.0,,,,,,,,,563141000.0,3970374000.0,,1686678000.0,2249819000.0,5548000.0,40750000.0,,1899000.0,140278000.0,,,,,,-85599000.0,,,,,,4308000.0,,,188733000.0,,61659000.0,-297441000.0,-194307000.0,17424000.0
2010-12-31,,,,,,,,,,116388000.0,206005000.0,34.96,33.42,5893000.0,6165000.0,1193750000.0,,,,,,,,,,,,,2260061000.0,,,,,,,,,519687000.0,4029072000.0,,1740374000.0,2260061000.0,7263000.0,53136000.0,13558000.0,-1532000.0,8783000.0,,,,,,55388000.0,,,,,,6943000.0,,,212440000.0,,63558000.0,-324228000.0,-56400000.0,40669000.0
2011-03-31,,,,,,,,,,9661000.0,15174000.0,2.61,2.52,5823000.0,6020000.0,1220295000.0,,,,,,,,,,,,,2275728000.0,,,,,,,,,457527000.0,4044246000.0,,1818201000.0,2275728000.0,1598000.0,15580000.0,,-101000.0,61423000.0,,,,,,-9033000.0,,,,,,1012000.0,,,3538000.0,,17811000.0,32040000.0,26545000.0,10635000.0
2011-06-30,1210385000.0,,,,,,,,,34570000.0,53619000.0,9.24,8.98,5804000.0,5974000.0,930396000.0,,,,172318000.0,,,,,,,,,2175675000.0,,,,,,,,,524879000.0,4082691000.0,,1650796000.0,2175675000.0,3236000.0,31705000.0,,487000.0,103558000.0,,,,,,-25223000.0,,,,,,7478000.0,,,-61428000.0,,21391000.0,-176703000.0,-263354000.0,14033000.0
2011-09-30,1917861000.0,,,,,,,,,60103000.0,97028000.0,17.22,16.75,5634000.0,5792000.0,497122000.0,,,,171737000.0,,,,,,,,,1799616000.0,,,,,,,,,453597000.0,4126100000.0,,1346019000.0,1799616000.0,4948000.0,47966000.0,,-91000.0,148415000.0,,,,,,-4581000.0,,,,,,8674000.0,,,-60368000.0,,21272000.0,-631679000.0,-696628000.0,22733000.0
2011-12-31,2659149000.0,,,,,,,,,78156000.0,129420000.0,23.66,23.01,5469000.0,5624000.0,480794000.0,,,,164416000.0,,,,,,,,,1779485000.0,,,,,,,,,404686000.0,4158492000.0,,1374799000.0,1779485000.0,6672000.0,64473000.0,23732000.0,-465000.0,99527000.0,,,,,,1463000.0,,,,,,11444000.0,,,-61866000.0,,22835000.0,-652553000.0,-712956000.0,49763000.0
2012-03-31,600492000.0,,,,,,,,,10835000.0,20123000.0,3.99,3.9,5044000.0,5159000.0,575159000.0,,,,156843000.0,,,,,,,,,1850912000.0,,,,,,,,,432671000.0,4178615000.0,,1418241000.0,1850912000.0,1805000.0,16440000.0,,-788000.0,99635000.0,,,,,,90838000.0,,,,,,2895000.0,,,-291000.0,,876000.0,3818000.0,94365000.0,-376000.0
2012-06-30,1370275000.0,,,,,,,,,27952000.0,66961000.0,13.19,12.9,5106000.0,5221000.0,593263000.0,,,,156839000.0,,,,,,,,,1990960000.0,,,,,,,,,469136000.0,4225453000.0,,1521824000.0,1990960000.0,3730000.0,33173000.0,,3005000.0,164327000.0,,,,,,72391000.0,,,,,,5999000.0,,,-2315000.0,,4709000.0,42393000.0,112469000.0,15041000.0
2012-09-30,2240912000.0,,,,,,,,,59085000.0,119961000.0,23.76,23.22,5049000.0,5167000.0,1078548000.0,,,,163815000.0,,,,,,,,,2480726000.0,,,,,,,,,1101418000.0,4278453000.0,,1379308000.0,2480726000.0,5822000.0,50136000.0,,3265000.0,162507000.0,,,,,,178450000.0,,,,,,10367000.0,,,-5268000.0,,5687000.0,424572000.0,597754000.0,36054000.0
2012-12-31,3184650000.0,,,,,,,,,94489000.0,180588000.0,36.04,35.12,5011000.0,5142000.0,1153507000.0,,,,151662000.0,,,,,,441000.0,,,2604842000.0,,,,,,,,,1124365000.0,4339080000.0,,1480477000.0,2604842000.0,8100000.0,64841000.0,11843000.0,2522000.0,97750000.0,,,,,,264384000.0,,,,,14257000.0,12365000.0,,,-22611000.0,,14319000.0,430940000.0,672713000.0,59604000.0
2013-03-31,770256000.0,,,,,,,,,20064000.0,35041000.0,7.04,6.84,4979000.0,5122000.0,1087731000.0,,,,146737000.0,,,,,,,,,2665055000.0,,,,,,,,,1112963000.0,4374121000.0,,1552092000.0,2665055000.0,2772000.0,8063000.0,,5215000.0,159852000.0,,,,,,-78093000.0,,,,,,3455000.0,,,-14006000.0,,23099000.0,26323000.0,-65776000.0,3242000.0
2013-06-30,1780148000.0,,,,,,,,,49555000.0,85731000.0,17.38,16.92,4934000.0,5067000.0,778424000.0,,,,,,,,,,,,,2531167000.0,,,,,,,,,1210888000.0,4424811000.0,,1320279000.0,2531167000.0,5848000.0,18652000.0,,5595000.0,256541000.0,,,,,,-90514000.0,,,,,,8088000.0,,,-16707000.0,,23727000.0,-267862000.0,-375083000.0,12946000.0
2013-09-30,2969115000.0,,,,,,,,,98210000.0,168666000.0,35.01,34.13,4817000.0,4942000.0,814197000.0,,,,,,,,,,,,,2518897000.0,,,,,,,,,1243803000.0,4507746000.0,,1275094000.0,2518897000.0,9375000.0,30385000.0,,3909000.0,231676000.0,,,,,,88165000.0,,,,,,14069000.0,,,-18553000.0,,23811000.0,-408922000.0,-339310000.0,55209000.0
2014-03-31,811310000.0,,,,,,,,,25858000.0,23849000.0,5.34,5.16,4467000.0,4620000.0,879323000.0,,,,,,,,,,441000.0,,,2524753000.0,,,,,,,,,1198671000.0,4629406000.0,,1326082000.0,2524753000.0,3710000.0,10703000.0,,281000.0,102729000.0,,,,,,-15786000.0,,,,,,5433000.0,,,5000.0,,5696000.0,28851000.0,13070000.0,28661000.0
2014-06-30,1913364000.0,,,,,,,,,66504000.0,92027000.0,20.88,20.19,4408000.0,4557000.0,553705000.0,,,,,,,,,,441000.0,,,2382063000.0,,,,,,,,,1282848000.0,4697584000.0,,1099215000.0,2382063000.0,7926000.0,26641000.0,,5549000.0,212502000.0,,,,,,-17080000.0,,,,,,20805000.0,,,-12160000.0,,6050000.0,-283308000.0,-312548000.0,63128000.0
2014-09-30,3116530000.0,,,,,,,,,120143000.0,182179000.0,42.01,40.59,4336000.0,4489000.0,466293000.0,,,,,,,,,,441000.0,,,2413076000.0,,,,,,,,,1261682000.0,4787736000.0,,1151394000.0,2413076000.0,12583000.0,44874000.0,,1755000.0,272457000.0,,,,,,-41861000.0,,,,,,27324000.0,,,-17988000.0,,6786000.0,-340111000.0,-399960000.0,121772000.0
2014-12-31,4444568000.0,,,,,,,,,171916000.0,281630000.0,65.83,63.5,4278000.0,4435000.0,545419000.0,,,,172688000.0,,,,,,,,,2351335000.0,,,,,,,,,1227080000.0,4887187000.0,,1124255000.0,2351335000.0,17614000.0,63227000.0,-4176000.0,533000.0,127729000.0,,,,,,184549000.0,,,,,,31672000.0,,,-19082000.0,,9437000.0,-486301000.0,-320834000.0,181840000.0
2015-03-31,957749000.0,,,,,,,,,23305000.0,39058000.0,9.63,9.22,4057000.0,4235000.0,532513000.0,,,,,,,,,,441000.0,,,2376134000.0,,,,,,,,,1210897000.0,4926245000.0,,1165237000.0,2376134000.0,5281000.0,13399000.0,,-223000.0,84212000.0,,,,,,-1603000.0,,,,,,4893000.0,,,536000.0,,7998000.0,-11839000.0,-12906000.0,14458000.0
2015-06-30,2201382000.0,,,,,,,,,78594000.0,132453000.0,32.61,31.17,4066000.0,4262000.0,497585000.0,,,,,,,,,,441000.0,,,2596235000.0,,,,,,,,,1321354000.0,5019640000.0,,1274881000.0,2596235000.0,10741000.0,26303000.0,,6948000.0,213837000.0,,,,,,-40409000.0,,,,,,8585000.0,,,1069000.0,,9899000.0,-8494000.0,-47834000.0,52781000.0
2015-09-30,3603733000.0,,,,,,,,,147120000.0,248923000.0,61.34,58.32,4058000.0,4296000.0,387462000.0,,,,,,,,,,441000.0,,,2570682000.0,,,,,,,,,1330192000.0,5136110000.0,,1240490000.0,2570682000.0,16182000.0,39874000.0,,-12000.0,289754000.0,,,,,,15582000.0,,,,,,13468000.0,,,-613000.0,,14465000.0,-172926000.0,-157957000.0,123841000.0
2015-12-31,5159008000.0,,,,,,,,,220285000.0,382927000.0,95.21,89.99,4022000.0,4255000.0,425316000.0,,,,170786000.0,,,,,,,,,2515131000.0,,,,,,,,,1275966000.0,5270114000.0,,1239165000.0,2515131000.0,21534000.0,54091000.0,1902000.0,1527000.0,134803000.0,,,,,,203391000.0,,,,,,18277000.0,,,-1022000.0,,23311000.0,-322472000.0,-120103000.0,194670000.0
2016-03-31,1144026000.0,,,,,,,,,38009000.0,65303000.0,16.81,15.79,3884000.0,4135000.0,318982000.0,,,,,,,,,,441000.0,,,2541651000.0,,,,,,,,,1285188000.0,5335417000.0,,1256463000.0,2541651000.0,5447000.0,10549000.0,,4022000.0,254639000.0,,,,,,-46277000.0,,,,,,5431000.0,,,-1353000.0,,6284000.0,-58704000.0,-106334000.0,16516000.0
2016-06-30,2532209000.0,,,,,,,,,91053000.0,156979000.0,40.34,37.82,3900000.0,4165000.0,364494000.0,,,,,,,,,,441000.0,,,2698424000.0,,,,,,,,,1340823000.0,5427093000.0,,1357601000.0,2698424000.0,10934000.0,21378000.0,,7406000.0,240708000.0,,,,,,3894000.0,,,,,,11773000.0,,,-4645000.0,,8678000.0,-60071000.0,-60822000.0,90078000.0
2016-09-30,4069778000.0,,,,,,,,,158664000.0,274371000.0,70.7,66.24,3881000.0,4142000.0,262428000.0,,,,,,,,,,441000.0,,,2663216000.0,,,,,,,,,1364077000.0,5544485000.0,,1299139000.0,2663216000.0,16591000.0,32459000.0,,2913000.0,309824000.0,,,,,,91488000.0,,,,,,16513000.0,,,-7303000.0,,10949000.0,-247073000.0,-162888000.0,148117000.0
2016-12-31,5822544000.0,,,,,,,,,236435000.0,425262000.0,110.53,103.61,3847000.0,4104000.0,396619000.0,,,,180810000.0,,,,,,,,,2643943000.0,,,,,,,,,1339502000.0,5695376000.0,,1304441000.0,2643943000.0,22269000.0,43598000.0,-10024000.0,9083000.0,85194000.0,,,,,,384465000.0,,,,,,22369000.0,,,-9428000.0,,13661000.0,-403734000.0,-28697000.0,218984000.0
2017-03-31,1277092000.0,,,,,,,,,29238000.0,102923000.0,27.78,25.12,3705000.0,4097000.0,493761000.0,,,,,,,,,,441000.0,,,2742299000.0,,,,,,,,,1334019000.0,5797342000.0,,1408280000.0,2742299000.0,5699000.0,10589000.0,,736000.0,140334000.0,,,,,,110383000.0,,,,,,5161000.0,,,-2959000.0,,,-10282000.0,97142000.0,7079000.0
2017-06-30,2821584000.0,,,,,,,,,90329000.0,250800000.0,67.3,60.36,3748000.0,4202000.0,529313000.0,,,,,,,,,,,,,2918087000.0,,,,,,,,,1382310000.0,5945219000.0,,1535777000.0,2918087000.0,11494000.0,21467000.0,,2888000.0,272851000.0,,,,,,179731000.0,,,,,,9784000.0,,,-5497000.0,,,-41540000.0,132694000.0,99370000.0
2017-09-30,4489504000.0,,,,,,,,,172691000.0,412902000.0,110.6,98.33,3747000.0,4263000.0,628061000.0,,,,,,,,,,,,,3049511000.0,,,,,,,,,1398835000.0,6107321000.0,,1650676000.0,3049511000.0,17087000.0,32678000.0,,-162000.0,284459000.0,,,,,,340776000.0,,,,,,15670000.0,,,-9380000.0,,,-99954000.0,231442000.0,169949000.0
2017-12-31,6305840000.0,,,,,,,,,309390000.0,537521000.0,144.0,126.77,3733000.0,4240000.0,667863000.0,,,,119519000.0,,,,,,,,,2989279000.0,,,,,,,,,1383787000.0,6231940000.0,,1605492000.0,2989279000.0,22667000.0,44562000.0,61290000.0,502000.0,154099000.0,,,,,,568904000.0,,,,,,20269000.0,,,-16019000.0,,,-281641000.0,271244000.0,260232000.0
2018-03-31,1529414000.0,,,,,,,,,24949000.0,166049000.0,45.19,39.34,3675000.0,4220000.0,,,,,,,,,,,,,,2846065000.0,,,,,,,,,1379257000.0,6400185000.0,,1466808000.0,2846065000.0,5036000.0,9509000.0,,4585000.0,98193000.0,,,,,,78028000.0,,,,,,3113000.0,,,-436000.0,,,-316438000.0,-238846000.0,3333000.0
2018-06-30,3316719000.0,,,,,,,,,63361000.0,369223000.0,101.03,88.31,3655000.0,4181000.0,,,,,,,,,,,,,,3009395000.0,,,,,,,,,1401824000.0,6603359000.0,,1607571000.0,3009395000.0,10024000.0,28104000.0,,10417000.0,187416000.0,,,,,,169450000.0,,,,,,9251000.0,,,-3083000.0,,,-397444000.0,-231077000.0,86269000.0
2018-09-30,5169126000.0,,,,,,,,,117255000.0,565039000.0,155.22,136.53,3640000.0,4139000.0,,,,,,,,,,,,,,3089823000.0,,,,,,,,,1407507000.0,6799175000.0,,1682316000.0,3089823000.0,15053000.0,51690000.0,,7028000.0,174871000.0,,,,,,491815000.0,,,,,,14818000.0,,,-6487000.0,,,-542335000.0,-57007000.0,125762000.0
2018-12-31,7163674000.0,,,,,,,,,162535000.0,797197000.0,219.58,194.8,3631000.0,4092000.0,732248000.0,,,,118604000.0,,,,,,,,,3165933000.0,,,,,,,,,1357371000.0,7031333000.0,,1808562000.0,3165933000.0,20168000.0,75701000.0,914000.0,1008000.0,6911000.0,,,,,,723126000.0,,,,,,19665000.0,,,-8177000.0,,,-672258000.0,42691000.0,181166000.0
2019-03-31,1687011000.0,,,,,,,,,30201000.0,188406000.0,52.23,47.64,3607000.0,3955000.0,,,,,,,,,,,,,,3362771000.0,,,,,,,,,1463995000.0,7219739000.0,,1898776000.0,3362771000.0,5062000.0,19333000.0,,12005000.0,28059000.0,,,,,,227855000.0,,,,,,5285000.0,,,-1879000.0,,,-117525000.0,108451000.0,2316000.0
2019-06-30,3487205000.0,,,,,,,,,64704000.0,398615000.0,110.43,100.61,3612000.0,3962000.0,,,,,,,,,,,,,,3603240000.0,,,,,,,,,1483801000.0,7429948000.0,,2119439000.0,3603240000.0,10146000.0,37910000.0,,9597000.0,144618000.0,,,,,,302619000.0,,,,,,10699000.0,,,-2798000.0,,,-125660000.0,174161000.0,71486000.0
2019-09-30,5398469000.0,,,,,,,,,108091000.0,622402000.0,171.43,156.61,3672000.0,3988000.0,,,,,,,,,,,,,,3843359000.0,,,,,,,,,1471902000.0,7653735000.0,,2371457000.0,3843359000.0,15369000.0,58680000.0,,8481000.0,243339000.0,,,,,,509436000.0,,,,,,16740000.0,,,-7321000.0,,,-118303000.0,383812000.0,109116000.0
2019-12-31,7388664000.0,,,,,,,,,147256000.0,878539000.0,241.31,221.13,3641000.0,3973000.0,,,,,122676000.0,,,,,,,,,3809815000.0,,,,,,,,,1468571000.0,7909872000.0,,2341244000.0,3809815000.0,20818000.0,78532000.0,-4070000.0,-2754000.0,94178000.0,,,,,,866535000.0,,,,,,22699000.0,,,-13284000.0,,,-424695000.0,428556000.0,153915000.0
2020-03-31,1582527000.0,,,,,,,,,-14328000.0,175703000.0,47.97,44.96,3663000.0,3908000.0,,,,,,,,,,,,,,3887523000.0,,,,,,,,,1470604000.0,8085575000.0,,2416919000.0,3887523000.0,5622000.0,7492000.0,,33190000.0,168352000.0,,,,15275000.0,,68441000.0,,,,,,3510000.0,,,-3258000.0,,,-107720000.0,-42537000.0,2438000.0
2020-06-30,3202896000.0,,,,,,,,,45756000.0,339778000.0,92.52,87.56,3682000.0,3881000.0,,,,,,,,,,,,,,4730020000.0,,,,,,,,,2117608000.0,8249650000.0,,2612412000.0,4730020000.0,11254000.0,21926000.0,,2825000.0,255852000.0,,,,26130000.0,,370669000.0,,,,,,8217000.0,,,-7806000.0,,,504330000.0,867193000.0,11740000.0
2020-09-30,5192908000.0,,,,,,,,,96419000.0,596244000.0,161.85,153.03,3706000.0,3939000.0,,,,,,,,,,,,,,5499920000.0,,,,,,,,,2580927000.0,8506116000.0,,2918993000.0,5499920000.0,16801000.0,35565000.0,,3060000.0,416488000.0,,,,79236000.0,,579340000.0,,,,,,12329000.0,,,-12099000.0,,,864430000.0,1431671000.0,86214000.0
2020-12-31,7536923000.0,,,,,,,,,176785000.0,901248000.0,244.11,230.11,3692000.0,3917000.0,2809782000.0,,,,140245000.0,,,,,,,,,5777141000.0,,,,,,,,,2674067000.0,8811120000.0,,3103074000.0,5777141000.0,21992000.0,50794000.0,-17565000.0,1675000.0,362384000.0,,,,108872000.0,,925269000.0,,,,,,16119000.0,,,-3933000.0,,,727642000.0,1648978000.0,163076000.0
2021-03-31,2041446000.0,,,,,,,,,63244000.0,248762000.0,67.72,63.21,3673000.0,3935000.0,,,,,,,,,,,,,,5820808000.0,,,,,,,,,2774301000.0,9059882000.0,,3046507000.0,5820808000.0,5203000.0,14471000.0,,4243000.0,120710000.0,,,,73695000.0,,328258000.0,,,,,,3104000.0,,,-3394000.0,,,-320129000.0,4735000.0,2635000.0
2021-06-30,4325044000.0,,,,,,,,,159414000.0,570057000.0,156.27,145.53,3648000.0,3917000.0,,,,,,,,,,,,,,5854436000.0,,,,,,,,,2812148000.0,9381177000.0,,3042288000.0,5854436000.0,10038000.0,27850000.0,,4327000.0,264291000.0,,,,124685000.0,,521020000.0,,,,,,6620000.0,,,-6622000.0,,,-659354000.0,-144956000.0,172563000.0
2021-09-30,6720684000.0,,,,,,,,1163598000.0,261460000.0,902138000.0,249.3,231.75,3619000.0,3893000.0,,,,,,,,,,,,,,5788894000.0,,,,,,,,,2771843000.0,9713258000.0,,3017051000.0,5788894000.0,14720000.0,42859000.0,,2349000.0,154443000.0,,,,140836000.0,,982292000.0,,,,,,11946000.0,,,-11986000.0,,,-1032028000.0,-61722000.0,289850000.0
2021-12-31,8951025000.0,,,,,,,,,353684000.0,1236719000.0,345.37,320.48,3581000.0,3859000.0,,,,,140475000.0,,,,,,,,,5834475000.0,,,,,,,,,2832097000.0,10047839000.0,,3002378000.0,5834475000.0,19463000.0,58234000.0,-234000.0,-1956000.0,238284000.0,,,,176705000.0,,1242393000.0,,,,,,17875000.0,,,-18179000.0,,,-1397012000.0,-172798000.0,389383000.0
2022-03-31,2378409000.0,,,,,,,,,139845000.0,426100000.0,125.87,116.56,3385259.0,3656000.0,,,,,,,,,,,,,,5726213000.0,,,,,,,,,3000614000.0,10473939000.0,,2725599000.0,5726213000.0,4460000.0,11668000.0,,13782000.0,246273000.0,,,,35715000.0,,309326000.0,,,,,,4056000.0,,,-4318000.0,,,-714903000.0,-409895000.0,2536000.0
2022-06-30,5037352000.0,,,,,,,,,280543000.0,859414000.0,257.65,240.05,3336000.0,3580089.0,,,,,,,,,,,,,,5287699000.0,,,,,,,,,2296033000.0,10907253000.0,,2991666000.0,5287699000.0,8991000.0,31755000.0,,16394000.0,431379000.0,,,,21656000.0,,447206000.0,,,,,,8751000.0,,,-17627000.0,,,-1502604000.0,-1073025000.0,291721000.0
2022-09-30,7814252000.0,,,,,,,,,407665000.0,1270807000.0,383.68,358.61,3312145.0,3544000.0,,,,,,,,,,,,,,5389534000.0,,,,,,,,,2304695000.0,11318646000.0,,3084839000.0,5389534000.0,13237000.0,58441000.0,,69132000.0,223083000.0,,,,-41303000.0,,1052906000.0,,,,,,11972000.0,,,-20641000.0,,,-1847894000.0,-815629000.0,403875000.0
2022-12-31,10526434000.0,,,,,,,,,527619000.0,1725575000.0,525.2,491.82,3286000.0,3509000.0,,,,,151577000.0,,,,,,,,,5660973000.0,,,,,,,,,2154124000.0,11773414000.0,,3506849000.0,5660973000.0,17396000.0,82537000.0,-11101000.0,27384000.0,-159091000.0,,,,-103659000.0,,1870101000.0,,,,,,18428000.0,,,-27431000.0,,,-1905136000.0,-62466000.0,529820000.0
2023-03-31,2178277000.0,,,,,,,,,89458000.0,344352000.0,106.31,99.89,3239263.0,3447474.0,,,,,,,,,,,,,,6075905000.0,,,,,,,,,2230559000.0,12117766000.0,,3845346000.0,6075905000.0,4188000.0,22277000.0,,-9801000.0,77267000.0,,,,21426000.0,,315522000.0,,,,,,2714000.0,,,-2915000.0,,,-28532000.0,284075000.0,5423000.0
2023-06-30,4516607000.0,,,,,,,,,156607000.0,748379000.0,230.2,216.52,3263000.0,3467000.0,,,,,,,,,,,,,,6266775000.0,,,,,,,,,2113512000.0,12521793000.0,,4153263000.0,6266775000.0,8405000.0,47436000.0,,-4183000.0,231814000.0,,,,54959000.0,,344204000.0,,,,,,11448000.0,,,-10453000.0,,,-150212000.0,183539000.0,262608000.0
2023-09-30,7085632000.0,,,,,,,,,262790000.0,1181536000.0,363.14,341.97,3259000.0,3458142.0,,,,,,,,,,,,,,6372263000.0,,,,,,,,,2199680000.0,12954950000.0,,4172583000.0,6372263000.0,12585000.0,73488000.0,,17628000.0,215498000.0,,,,41507000.0,,1002287000.0,,,,,,18531000.0,,,-17354000.0,,,-589457000.0,395476000.0,312631000.0
2023-12-31,9518202000.0,,,,,,,,,336762000.0,1591611000.0,491.52,463.31,3238161.0,3435294.0,,,,,155319000.0,,,,,,,,,6601757000.0,,,,,,,,,2237032000.0,13365025000.0,,4364725000.0,6601757000.0,16916000.0,99507000.0,-3743000.0,59653000.0,161875000.0,,,,20637000.0,,1497993000.0,,,,,,24877000.0,,,-24100000.0,,,-832967000.0,640926000.0,407185000.0
2024-03-31,2333463000.0,,,,,,,,,76423000.0,394269000.0,123.76,116.41,3186000.0,3387000.0,,,,,,,,,,,,,,6538157000.0,,,,,,,,,2193776000.0,13759294000.0,,4344381000.0,6538157000.0,4381000.0,17141000.0,,-57637000.0,166884000.0,,,,20890000.0,,146458000.0,,,,,,8979000.0,,,-6733000.0,,,-430376000.0,-290651000.0,6891000.0
2024-06-30,4945920000.0,,,,,,,,,209087000.0,795173000.0,251.94,237.05,3156247.0,3355000.0,,,,,,,,,,,,,,6407288000.0,,,,,,,,,2273380000.0,14160198000.0,,4133908000.0,6407288000.0,8737000.0,35242000.0,,-49473000.0,294269000.0,,,,34833000.0,,379150000.0,,,,,,15411000.0,,,-11145000.0,,,-1054503000.0,-686498000.0,164007000.0
2024-09-30,7678871000.0,,,,,,,,,318376000.0,1224496000.0,391.37,367.2,3129000.0,3335000.0,,,,,,,,,,,,,,6488159000.0,,,,,,,,,2216911000.0,14589521000.0,,4271248000.0,6488159000.0,13422000.0,54465000.0,,-46993000.0,307247000.0,,,,24168000.0,,737412000.0,,,,,,23621000.0,,,-19797000.0,,,-1364392000.0,-646777000.0,307263000.0
,,,,,,,,,,,,,,,,,,,,,,,,,,,,,,,,,,,,,,,,,,,,,,,,,,,,,,,,,,,,,,,,,,,
,,,,,,,,,,,,,,,,,,,,,,,,,,,,,,,,,,,,,,,,,,,,,,,,,,,,,,,,,,,,,,,,,,,
