Date,Net sales,Cost of sales,Gross margin,Research and development,"Selling, general and administrative",Total operating expenses,Operating income,"Other income/(expense), net",Income before provision for income taxes,Provision for income taxes,Net income,Earnings per share basic,Earnings per share diluted,Weighted-average basic,Weighted-average diluted,Cash and cash equivalents,Short-term marketable securities,"Accounts receivable, net",Inventories,Deferred tax assets,Vendor non-trade receivables,Other current assets,Total current assets,Long-term marketable securities,"Property, Plant and Equipment, Net",Goodwill,"Acquired intangible assets, net","Other Assets, Noncurrent",Total assets,accounts payable,Accrued expenses,Deferred revenue,Total current liabilities,Deferred revenue - non-current,deferred tax liabilities,long term taxes payable,Total other non-current liabilities,Total liabilities,Retained Earnings (Accumulated Deficit),Accumulated other comprehensive (loss)/income,Total shareholders equity,Total liabilities and shareholders' equity,"Depreciation, amortization and accretion",Stock-based compensation expense,Deferred income tax expense,"Increase (Decrease) in Accounts receivable, net",Increase (Decrease) in Inventories,Increase (Decrease) in Other Receivables,Increase (Decrease) in Other Operating Assets,Increase (Decrease) in Accounts Payable,Increase (Decrease) in Deferred Revenue,Increase (Decrease) Other liabilities,Cash generated by operating activities,Purchases of marketable securities,Proceeds from maturities of marketable securities,Proceeds from sales of marketable securities,Purchases of other long-term investments,"Business acquisitions, net of cash acquired",Cash payments for capital asset purchases,Payments for acquisition of intangible assets,Payments for (Proceeds from) Other Investing Activities,Cash used in investing activities,Proceeds from issuance of common stock,Excess tax benefits from stock-based compensation,Cash generated/used in financing activities,Increase/(decrease) in cash and cash equivalents,"Cash paid for income taxes, net"
2013-09-30,2072000000.0,,,,636000000.0,,,,-438000000.0,-476000000.0,27000000.0,,,578800000.0,579500000.0,2688000000.0,,1426000000.0,275000000.0,,,532000000.0,5230000000.0,,3012000000.0,2739000000.0,2174000000.0,617000000.0,16343000000.0,238000000.0,1107000000.0,414000000.0,2645000000.0,,185000000.0,,286000000.0,,27000000.0,489000000.0,12821000000.0,16343000000.0,,,,,-32000000.0,,,,,,59000000.0,,,,,2000000.0,67000000.0,,,27000000.0,,,205000000.0,291000000.0,
2013-12-31,4310000000.0,,,,1273000000.0,,,,-483000000.0,-687000000.0,178000000.0,0.31,0.31,578900000.0,579600000.0,2908000000.0,,1481000000.0,277000000.0,,,576000000.0,5112000000.0,,2927000000.0,2728000000.0,2120000000.0,665000000.0,15983000000.0,242000000.0,1115000000.0,380000000.0,2292000000.0,,239000000.0,,277000000.0,,177000000.0,257000000.0,12749000000.0,15983000000.0,,,,,-51000000.0,,,,,,407000000.0,,,,,26000000.0,147000000.0,,,-75000000.0,,,204000000.0,536000000.0,
2014-03-31,6388000000.0,,,,1917000000.0,,,,-421000000.0,-686000000.0,226000000.0,0.39,0.39,579000000.0,579800000.0,3207000000.0,,1394000000.0,364000000.0,,,678000000.0,5370000000.0,,2959000000.0,2763000000.0,2116000000.0,784000000.0,16543000000.0,245000000.0,1200000000.0,406000000.0,2498000000.0,,295000000.0,,309000000.0,,225000000.0,482000000.0,13034000000.0,16543000000.0,,,,,32000000.0,,,,,,803000000.0,,,,,39000000.0,244000000.0,,,-186000000.0,,,191000000.0,808000000.0,
2014-06-30,8574000000.0,,,,2665000000.0,,,,-397000000.0,-691000000.0,239000000.0,0.41,0.41,579000000.0,579700000.0,3145000000.0,,1388000000.0,310000000.0,-38000000.0,,671000000.0,5270000000.0,,3009000000.0,2782000000.0,2137000000.0,682000000.0,16489000000.0,276000000.0,1188000000.0,369000000.0,2264000000.0,,224000000.0,,310000000.0,,237000000.0,610000000.0,13243000000.0,16489000000.0,,,51000000.0,,-23000000.0,,,,,,854000000.0,,,,83000000.0,45000000.0,379000000.0,,,-306000000.0,,,189000000.0,,
2014-09-30,2150000000.0,,,,666000000.0,,,,125000000.0,37000000.0,65000000.0,0.11,0.11,579500000.0,579900000.0,2735000000.0,,1411000000.0,293000000.0,77000000.0,,659000000.0,4865000000.0,,2910000000.0,2909000000.0,2246000000.0,696000000.0,16123000000.0,272000000.0,1132000000.0,404000000.0,2293000000.0,,245000000.0,,302000000.0,,302000000.0,152000000.0,12841000000.0,16123000000.0,,,,,-46000000.0,,,,,,183000000.0,,,,,414000000.0,114000000.0,,,-529000000.0,,,-26000000.0,,
2014-12-31,4430000000.0,,,,1352000000.0,,,,340000000.0,89000000.0,208000000.0,0.36,0.36,580200000.0,582500000.0,1918000000.0,,1450000000.0,274000000.0,76000000.0,,629000000.0,4052000000.0,,2809000000.0,3547000000.0,2379000000.0,717000000.0,15970000000.0,320000000.0,1136000000.0,412000000.0,2329000000.0,,274000000.0,,307000000.0,,444000000.0,-261000000.0,12610000000.0,15970000000.0,,,,,-66000000.0,,,,,,492000000.0,,,,,1183000000.0,183000000.0,,,-1498000000.0,,,-156000000.0,,
2015-03-31,6492000000.0,,,,2035000000.0,,,,392000000.0,107000000.0,231000000.0,0.4,0.4,581800000.0,583200000.0,2027000000.0,,1308000000.0,370000000.0,79000000.0,,701000000.0,4088000000.0,,2699000000.0,3510000000.0,2313000000.0,694000000.0,15686000000.0,225000000.0,1121000000.0,399000000.0,2273000000.0,,295000000.0,,306000000.0,,467000000.0,-554000000.0,12369000000.0,15686000000.0,,,,,46000000.0,,,,,,702000000.0,,,,,1188000000.0,268000000.0,,-16000000.0,-1563000000.0,,,-160000000.0,,
2015-06-30,8633000000.0,,,,2756000000.0,,,,56000000.0,134000000.0,-147000000.0,-0.26,-0.26,581000000.0,581000000.0,1951000000.0,,1310000000.0,319000000.0,110000000.0,,651000000.0,3975000000.0,,2746000000.0,3063000000.0,2242000000.0,688000000.0,15093000000.0,239000000.0,1151000000.0,361000000.0,2155000000.0,,166000000.0,,331000000.0,,88000000.0,-582000000.0,11945000000.0,15093000000.0,,,-14000000.0,,-11000000.0,,,,,,831000000.0,,,,224000000.0,1190000000.0,378000000.0,,-15000000.0,-1741000000.0,,,-190000000.0,,
2015-09-30,2014000000.0,,,,650000000.0,,,,52000000.0,-91000000.0,175000000.0,,,581000000.0,582700000.0,1898000000.0,,1301000000.0,293000000.0,67000000.0,,630000000.0,3889000000.0,,2553000000.0,3012000000.0,2143000000.0,963000000.0,14756000000.0,272000000.0,1133000000.0,354000000.0,2166000000.0,,171000000.0,,320000000.0,,204000000.0,-1025000000.0,11616000000.0,14756000000.0,,,,,-30000000.0,,,,,,141000000.0,,,,,16000000.0,63000000.0,,-5000000.0,-86000000.0,,,-37000000.0,,
2015-12-31,4175000000.0,,,,1338000000.0,,,,207000000.0,49000000.0,238000000.0,,,581200000.0,582700000.0,1883000000.0,,1349000000.0,254000000.0,0.0,,503000000.0,3795000000.0,,2554000000.0,3090000000.0,2164000000.0,984000000.0,14875000000.0,248000000.0,1108000000.0,337000000.0,2096000000.0,,145000000.0,,344000000.0,,268000000.0,-923000000.0,11792000000.0,14875000000.0,,,,,-72000000.0,,,,,,346000000.0,,,,,101000000.0,120000000.0,,-5000000.0,-250000000.0,,,-99000000.0,,
2016-03-31,6066000000.0,,,,1987000000.0,,,,-226000000.0,-140000000.0,-149000000.0,,,580800000.0,582500000.0,1972000000.0,,1254000000.0,367000000.0,0.0,,679000000.0,3905000000.0,,2499000000.0,3681000000.0,2229000000.0,472000000.0,15716000000.0,227000000.0,1439000000.0,378000000.0,2648000000.0,,200000000.0,,353000000.0,,60000000.0,-845000000.0,11646000000.0,15716000000.0,,,,,37000000.0,,,,,,589000000.0,,,,,486000000.0,180000000.0,,-21000000.0,-703000000.0,,,204000000.0,,
2016-06-30,8292000000.0,,,,2722000000.0,,,,181000000.0,-54000000.0,179000000.0,,,580600000.0,582500000.0,1832000000.0,,1229000000.0,218000000.0,431000000.0,,513000000.0,3889000000.0,,2405000000.0,3714000000.0,2207000000.0,396000000.0,15483000000.0,217000000.0,1371000000.0,388000000.0,2442000000.0,,171000000.0,,349000000.0,,150000000.0,-1026000000.0,11564000000.0,15483000000.0,,,-176000000.0,,-35000000.0,,,,,,952000000.0,,,,54000000.0,520000000.0,256000000.0,,-30000000.0,-1124000000.0,,,150000000.0,,
2016-09-30,1965000000.0,,,,678000000.0,,,,-1000000.0,-1000000.0,-15000000.0,,,580800000.0,580800000.0,1499000000.0,,1294000000.0,233000000.0,,,535000000.0,3328000000.0,,2367000000.0,3889000000.0,2381000000.0,407000000.0,15269000000.0,240000000.0,1136000000.0,401000000.0,2287000000.0,,171000000.0,,336000000.0,,76000000.0,-986000000.0,11530000000.0,15269000000.0,,,,,16000000.0,,,,,,-268000000.0,,,,,283000000.0,49000000.0,,8000000.0,-11000000.0,,,-59000000.0,,
2016-12-31,4081000000.0,,,,1343000000.0,,,,-252000000.0,-33000000.0,-304000000.0,,,581400000.0,581400000.0,1564000000.0,,1528000000.0,226000000.0,,,499000000.0,3591000000.0,,1981000000.0,3791000000.0,2298000000.0,385000000.0,14527000000.0,240000000.0,1121000000.0,404000000.0,2325000000.0,,40000000.0,,331000000.0,,-213000000.0,-1289000000.0,10955000000.0,14527000000.0,,,,,9000000.0,,,,,,4000000.0,,,,,342000000.0,108000000.0,,3000000.0,-118000000.0,,,-121000000.0,,
2017-03-31,6059000000.0,,,,2005000000.0,,,,-207000000.0,45000000.0,-309000000.0,,,581600000.0,581600000.0,1850000000.0,,1326000000.0,228000000.0,,,586000000.0,3762000000.0,100000000.0,1961000000.0,3859000000.0,2316000000.0,442000000.0,14886000000.0,229000000.0,1214000000.0,435000000.0,2461000000.0,,82000000.0,,328000000.0,,-219000000.0,-1045000000.0,11139000000.0,14886000000.0,,,,,8000000.0,,,,,,219000000.0,,,,,345000000.0,168000000.0,,-10000000.0,-49000000.0,,,-152000000.0,,
2017-06-30,8139000000.0,,,,2725000000.0,,,,-615000000.0,28000000.0,-738000000.0,,,581400000.0,581400000.0,2016000000.0,,1276000000.0,208000000.0,464000000.0,,523000000.0,3815000000.0,97000000.0,1624000000.0,3838000000.0,2281000000.0,442000000.0,14552000000.0,222000000.0,1204000000.0,426000000.0,2452000000.0,,61000000.0,,351000000.0,,-648000000.0,-964000000.0,10789000000.0,14552000000.0,,,-95000000.0,,-15000000.0,,,,,,494000000.0,,,,39000000.0,347000000.0,256000000.0,,-10000000.0,-105000000.0,,,-217000000.0,,
2017-09-30,2058000000.0,,,,660000000.0,,,,141000000.0,54000000.0,68000000.0,0.12,0.12,582300000.0,583400000.0,1877000000.0,,1365000000.0,225000000.0,,,526000000.0,3768000000.0,81000000.0,1636000000.0,3922000000.0,2301000000.0,438000000.0,14662000000.0,235000000.0,1146000000.0,448000000.0,2417000000.0,,73000000.0,,362000000.0,,-581000000.0,-852000000.0,10913000000.0,14662000000.0,,,,,16000000.0,,,,,,-4000000.0,,,,,54000000.0,62000000.0,,-7000000.0,-121000000.0,,,-31000000.0,,
2017-12-31,4238000000.0,,,,1372000000.0,,,,310000000.0,289000000.0,-83000000.0,-0.14,-0.14,582700000.0,582700000.0,1856000000.0,,1379000000.0,216000000.0,,,483000000.0,3718000000.0,80000000.0,1631000000.0,3917000000.0,2281000000.0,444000000.0,14359000000.0,216000000.0,1113000000.0,390000000.0,2270000000.0,,59000000.0,,360000000.0,,-664000000.0,-832000000.0,10860000000.0,14359000000.0,,,,,8000000.0,,,,,,204000000.0,,,,,53000000.0,128000000.0,,-23000000.0,-176000000.0,,,-202000000.0,,
2018-03-31,6331000000.0,,,,2132000000.0,,,,-1107000000.0,292000000.0,-1143000000.0,,,,,2112000000.0,,1328000000.0,224000000.0,,,546000000.0,3986000000.0,78000000.0,1642000000.0,3724000000.0,2226000000.0,467000000.0,13372000000.0,230000000.0,1223000000.0,448000000.0,2467000000.0,,55000000.0,,354000000.0,,-1792000000.0,-829000000.0,9695000000.0,13372000000.0,,,,,14000000.0,,,,,,465000000.0,,,,,62000000.0,200000000.0,,-23000000.0,-144000000.0,,,-234000000.0,,
2018-06-30,9024000000.0,,,,3049000000.0,,,,-1089000000.0,355000000.0,-1514000000.0,,,582700000.0,582700000.0,2034000000.0,,1612000000.0,376000000.0,,,372000000.0,4394000000.0,93000000.0,2560000000.0,5218000000.0,2671000000.0,831000000.0,16346000000.0,605000000.0,1340000000.0,516000000.0,3295000000.0,,,,430000000.0,,-2163000000.0,-874000000.0,9291000000.0,16346000000.0,,,236000000.0,,14000000.0,,,,,,757000000.0,,,,33000000.0,77000000.0,364000000.0,,-33000000.0,-321000000.0,,,-398000000.0,,160000000.0
2018-09-30,2524000000.0,,,,826000000.0,2166000000.0,,,178000000.0,50000000.0,101000000.0,0.17,0.17,583900000.0,585600000.0,1886000000.0,,1648000000.0,388000000.0,,,547000000.0,4469000000.0,,2512000000.0,5153000000.0,2607000000.0,897000000.0,16288000000.0,537000000.0,1258000000.0,436000000.0,3545000000.0,,,,485000000.0,,-2032000000.0,-970000000.0,9261000000.0,16288000000.0,,,,,23000000.0,,,,595000000.0,,113000000.0,,,,,-1000000.0,133000000.0,,-16000000.0,-121000000.0,,,-124000000.0,,29000000.0
2018-12-31,5151000000.0,,,,1599000000.0,4423000000.0,,,352000000.0,105000000.0,196000000.0,0.34,0.33,584900000.0,587100000.0,1618000000.0,,1853000000.0,400000000.0,,,558000000.0,4429000000.0,,2517000000.0,5225000000.0,2571000000.0,912000000.0,16227000000.0,625000000.0,1243000000.0,430000000.0,3712000000.0,,,,524000000.0,,-1937000000.0,-1076000000.0,9264000000.0,16227000000.0,,,,,43000000.0,,,,1337000000.0,,358000000.0,,,,,185000000.0,264000000.0,,-16000000.0,-409000000.0,,,-333000000.0,,75000000.0
2019-03-31,7608000000.0,,,,2409000000.0,6633000000.0,,,382000000.0,112000000.0,206000000.0,,,585000000.0,588800000.0,1648000000.0,,1631000000.0,404000000.0,,,564000000.0,4247000000.0,,2557000000.0,5223000000.0,2514000000.0,913000000.0,16058000000.0,432000000.0,1364000000.0,460000000.0,3679000000.0,,,,495000000.0,,-1927000000.0,-1019000000.0,9289000000.0,16058000000.0,,,,,74000000.0,,,,2271000000.0,,661000000.0,,,,,187000000.0,417000000.0,,-18000000.0,-523000000.0,,,-501000000.0,,107000000.0
2019-06-30,10074000000.0,,,,3208000000.0,8830000000.0,,,354000000.0,126000000.0,155000000.0,0.27,0.26,584700000.0,587900000.0,1643000000.0,,1544000000.0,348000000.0,,,515000000.0,4050000000.0,,2554000000.0,5147000000.0,2426000000.0,930000000.0,15711000000.0,411000000.0,1328000000.0,428000000.0,3340000000.0,,,,495000000.0,,-1979000000.0,-1126000000.0,9144000000.0,15711000000.0,,,1000000.0,,58000000.0,,,,3008000000.0,,928000000.0,,,,34000000.0,188000000.0,572000000.0,,-18000000.0,-677000000.0,,,-610000000.0,,
2019-09-30,2340000000.0,,,,782000000.0,,,,-232000000.0,-21000000.0,-227000000.0,,,586700000.0,586700000.0,1441000000.0,,1540000000.0,402000000.0,,,416000000.0,3799000000.0,,2433000000.0,4885000000.0,2239000000.0,953000000.0,16233000000.0,406000000.0,1167000000.0,448000000.0,3492000000.0,,,,344000000.0,,-2200000000.0,-1266000000.0,8714000000.0,16233000000.0,,,,,72000000.0,,,,821000000.0,,27000000.0,,,,,,117000000.0,,-1000000.0,-118000000.0,,,-95000000.0,,
2019-12-31,4819000000.0,,,,1556000000.0,,,,155000000.0,52000000.0,-142000000.0,-0.24,-0.24,588200000.0,590300000.0,1272000000.0,,1570000000.0,358000000.0,,,518000000.0,3718000000.0,,2476000000.0,4976000000.0,2257000000.0,948000000.0,16282000000.0,375000000.0,1072000000.0,411000000.0,2727000000.0,,,,358000000.0,,-2114000000.0,-1117000000.0,8958000000.0,16282000000.0,,,,,-3000000.0,,,,1575000000.0,,192000000.0,,,,,2000000.0,237000000.0,,-3000000.0,-234000000.0,,,-328000000.0,,
2020-03-31,7085000000.0,,,,2299000000.0,,,,-1123000000.0,21000000.0,-872000000.0,,,588300000.0,588300000.0,1388000000.0,,1237000000.0,363000000.0,,,753000000.0,3741000000.0,,2225000000.0,3831000000.0,1846000000.0,963000000.0,14428000000.0,342000000.0,981000000.0,387000000.0,2689000000.0,,,,321000000.0,,-2845000000.0,-1466000000.0,7832000000.0,14428000000.0,,,,,47000000.0,,,,2426000000.0,,462000000.0,,,,,2000000.0,335000000.0,,-3000000.0,-327000000.0,,,-341000000.0,,
2020-06-30,9008000000.0,,,,2995000000.0,,,,-1524000000.0,21000000.0,-1269000000.0,-2.16,-2.16,587900000.0,587900000.0,1517000000.0,,1203000000.0,348000000.0,74000000.0,,393000000.0,3461000000.0,,2256000000.0,3951000000.0,1864000000.0,1039000000.0,14261000000.0,351000000.0,1019000000.0,398000000.0,2682000000.0,,,,326000000.0,,-3241000000.0,-1331000000.0,7582000000.0,14261000000.0,,,-80000000.0,,-9000000.0,,,,3091000000.0,,780000000.0,,,,,32000000.0,438000000.0,,-4000000.0,-427000000.0,,,-472000000.0,,
2020-09-30,2117000000.0,,,,685000000.0,,,,72000000.0,25000000.0,34000000.0,,,589500000.0,590800000.0,1539000000.0,,1240000000.0,203000000.0,,,453000000.0,3435000000.0,,2225000000.0,3997000000.0,1869000000.0,1175000000.0,14400000000.0,322000000.0,1060000000.0,409000000.0,2738000000.0,,,,344000000.0,,-3207000000.0,-1235000000.0,7639000000.0,14400000000.0,,,,,-2000000.0,,,,707000000.0,,155000000.0,,,,,1000000.0,93000000.0,,-3000000.0,-96000000.0,,,-50000000.0,,
2020-12-31,4531000000.0,,,,1404000000.0,,,,418000000.0,110000000.0,265000000.0,0.45,0.45,590700000.0,592600000.0,1562000000.0,,1444000000.0,203000000.0,,,387000000.0,3596000000.0,,2315000000.0,4292000000.0,1934000000.0,1193000000.0,15094000000.0,291000000.0,1094000000.0,400000000.0,2861000000.0,,,,362000000.0,,-2976000000.0,-990000000.0,8131000000.0,15094000000.0,,,,,-27000000.0,,,,1462000000.0,,483000000.0,,,,,90000000.0,173000000.0,,5000000.0,-276000000.0,,,-219000000.0,,
2021-03-31,6866000000.0,,,,2255000000.0,,,,557000000.0,153000000.0,344000000.0,,,590800000.0,594500000.0,1974000000.0,,1335000000.0,246000000.0,,,388000000.0,3943000000.0,,2261000000.0,4304000000.0,1915000000.0,1219000000.0,15397000000.0,336000000.0,1249000000.0,449000000.0,3169000000.0,,,,368000000.0,,-2897000000.0,-965000000.0,8188000000.0,15397000000.0,,,,,21000000.0,,,,2285000000.0,,1060000000.0,,,,,91000000.0,253000000.0,,1000000.0,-346000000.0,,,-329000000.0,,
2021-06-30,9358000000.0,,,,3254000000.0,,,,450000000.0,61000000.0,330000000.0,0.56,0.56,590400000.0,593400000.0,2236000000.0,,1498000000.0,253000000.0,118000000.0,,469000000.0,4456000000.0,,2272000000.0,4653000000.0,2179000000.0,1447000000.0,16771000000.0,321000000.0,1339000000.0,473000000.0,3234000000.0,,,,519000000.0,,-2911000000.0,-941000000.0,8211000000.0,16771000000.0,,,-86000000.0,,-6000000.0,,,,3152000000.0,,1237000000.0,,,,,886000000.0,390000000.0,,1000000.0,-1292000000.0,,,699000000.0,,
2021-09-30,2502000000.0,,,,848000000.0,,,,338000000.0,71000000.0,196000000.0,0.33,0.33,591700000.0,594400000.0,2100000000.0,,1499000000.0,308000000.0,,,465000000.0,4372000000.0,,2162000000.0,4568000000.0,2106000000.0,1358000000.0,16418000000.0,309000000.0,1173000000.0,467000000.0,3272000000.0,,,,498000000.0,,-2715000000.0,-1061000000.0,8210000000.0,16418000000.0,,,,,59000000.0,,,,815000000.0,,68000000.0,,,,,0.0,101000000.0,,-24000000.0,-95000000.0,,,-85000000.0,,
2021-12-31,5219000000.0,,,,1700000000.0,,,,699000000.0,170000000.0,431000000.0,0.73,0.72,592100000.0,594700000.0,2184000000.0,,1665000000.0,248000000.0,,,502000000.0,4599000000.0,,2134000000.0,4557000000.0,2082000000.0,1385000000.0,16520000000.0,351000000.0,1118000000.0,462000000.0,3233000000.0,,,,494000000.0,,-2482000000.0,-1089000000.0,8383000000.0,16520000000.0,,,,,-6000000.0,,,,1674000000.0,,430000000.0,,,,,21000000.0,208000000.0,,-28000000.0,-249000000.0,,,-198000000.0,,
2022-03-31,7711000000.0,,,,2588000000.0,,,,832000000.0,199000000.0,513000000.0,0.87,0.86,590900000.0,593700000.0,1865000000.0,,1532000000.0,308000000.0,,,457000000.0,4162000000.0,,2167000000.0,5174000000.0,2651000000.0,1452000000.0,17419000000.0,317000000.0,1285000000.0,528000000.0,3527000000.0,,,,513000000.0,,-2403000000.0,-1001000000.0,8425000000.0,17419000000.0,,,,,82000000.0,,,,2574000000.0,,1030000000.0,,,,,1167000000.0,315000000.0,,-29000000.0,-1554000000.0,,,174000000.0,,
2022-06-30,10385000000.0,,,,3592000000.0,,,,812000000.0,52000000.0,623000000.0,1.06,1.05,589500000.0,592500000.0,1822000000.0,,1502000000.0,311000000.0,224000000.0,,458000000.0,4093000000.0,,2103000000.0,5169000000.0,2671000000.0,1384000000.0,17221000000.0,411000000.0,1236000000.0,604000000.0,3519000000.0,,,,483000000.0,,-2293000000.0,-1270000000.0,8222000000.0,17221000000.0,,,-117000000.0,,87000000.0,,,,3558000000.0,,1354000000.0,,,,,1501000000.0,499000000.0,,-33000000.0,-2076000000.0,,,404000000.0,,
2022-09-30,2478000000.0,,,,855000000.0,,,,101000000.0,35000000.0,40000000.0,0.07,0.07,581300000.0,583200000.0,1458000000.0,,1473000000.0,373000000.0,,,450000000.0,3754000000.0,,1971000000.0,5041000000.0,2563000000.0,1357000000.0,16387000000.0,348000000.0,1101000000.0,592000000.0,3013000000.0,,,,462000000.0,,-2253000000.0,-1465000000.0,7872000000.0,16387000000.0,,,,,61000000.0,,,,897000000.0,,-31000000.0,,,,,3000000.0,104000000.0,,19000000.0,-130000000.0,,,-149000000.0,,
2022-12-31,4999000000.0,,,,1673000000.0,,,,256000000.0,96000000.0,107000000.0,0.18,0.18,578700000.0,580500000.0,1328000000.0,,1636000000.0,328000000.0,,,471000000.0,3763000000.0,,2045000000.0,5167000000.0,2585000000.0,1400000000.0,16891000000.0,308000000.0,1052000000.0,591000000.0,2939000000.0,,,,471000000.0,,-2186000000.0,-1255000000.0,8115000000.0,16891000000.0,,,,,11000000.0,,,,1790000000.0,,161000000.0,,,,,15000000.0,217000000.0,,21000000.0,-337000000.0,,,-312000000.0,,
2023-03-31,7446000000.0,,,,2514000000.0,,,,347000000.0,128000000.0,157000000.0,0.27,0.27,577600000.0,579600000.0,1659000000.0,,1540000000.0,356000000.0,,,477000000.0,4032000000.0,,2017000000.0,5136000000.0,2542000000.0,1411000000.0,17034000000.0,407000000.0,1164000000.0,623000000.0,3204000000.0,,,,465000000.0,,-2136000000.0,-1279000000.0,8077000000.0,17034000000.0,,,,,55000000.0,,,,2699000000.0,,670000000.0,,,,,15000000.0,350000000.0,,21000000.0,-440000000.0,,,-382000000.0,,
2023-06-30,9879000000.0,,,,3335000000.0,,,,330000000.0,143000000.0,149000000.0,0.26,0.26,576400000.0,578800000.0,1833000000.0,,1425000000.0,311000000.0,230000000.0,,484000000.0,4053000000.0,,,5140000000.0,2489000000.0,1341000000.0,16921000000.0,440000000.0,1123000000.0,622000000.0,3165000000.0,,,,446000000.0,,-2144000000.0,-1247000000.0,8064000000.0,16921000000.0,,,2000000.0,,2000000.0,,,,3624000000.0,,1092000000.0,,,,,17000000.0,499000000.0,,21000000.0,-574000000.0,,,-501000000.0,,
2023-09-30,2499000000.0,,,,862000000.0,,,,95000000.0,37000000.0,30000000.0,0.05,0.05,572300000.0,574100000.0,1529000000.0,,1559000000.0,378000000.0,,,503000000.0,3969000000.0,,1947000000.0,5104000000.0,2417000000.0,1289000000.0,16475000000.0,324000000.0,1153000000.0,624000000.0,3037000000.0,,,,431000000.0,,-2114000000.0,-1347000000.0,7892000000.0,16475000000.0,,,,,55000000.0,,,,937000000.0,,-55000000.0,,,,,20000000.0,124000000.0,,0.0,-159000000.0,,,-65000000.0,,
2023-12-31,5085000000.0,,,,1694000000.0,,,,372000000.0,131000000.0,186000000.0,0.33,0.32,572100000.0,573800000.0,1724000000.0,,1516000000.0,297000000.0,,,466000000.0,4003000000.0,,1985000000.0,5214000000.0,2423000000.0,1320000000.0,16681000000.0,243000000.0,1095000000.0,510000000.0,2784000000.0,,,,456000000.0,,-1958000000.0,-1200000000.0,8182000000.0,16681000000.0,,,,,-50000000.0,,,,1743000000.0,,305000000.0,,,,,20000000.0,236000000.0,,0.0,-278000000.0,,,-144000000.0,,
2024-03-31,7508000000.0,,,,2557000000.0,,,,436000000.0,153000000.0,216000000.0,0.38,0.38,571700000.0,573700000.0,1943000000.0,,1438000000.0,331000000.0,,,416000000.0,4128000000.0,,1901000000.0,5131000000.0,2359000000.0,1330000000.0,16544000000.0,269000000.0,1238000000.0,549000000.0,3042000000.0,,,,438000000.0,,-1933000000.0,-1292000000.0,8051000000.0,16544000000.0,,,,,12000000.0,,,,2648000000.0,,844000000.0,,,,,20000000.0,353000000.0,,0.0,-404000000.0,,,-317000000.0,,
2024-06-30,10085000000.0,,,,3493000000.0,,,,546000000.0,192000000.0,266000000.0,0.47,0.46,571200000.0,573500000.0,1960000000.0,,1503000000.0,296000000.0,213000000.0,,613000000.0,4372000000.0,,1914000000.0,5186000000.0,2322000000.0,1170000000.0,16684000000.0,314000000.0,1231000000.0,551000000.0,3055000000.0,,,,492000000.0,,-1889000000.0,-1251000000.0,8120000000.0,16684000000.0,,,16000000.0,,-54000000.0,,,,3638000000.0,,1098000000.0,,,,,38000000.0,496000000.0,,-25000000.0,-524000000.0,,,-441000000.0,,
2024-09-30,2577000000.0,,,,899000000.0,,,,204000000.0,60000000.0,119000000.0,0.21,0.21,569200000.0,571200000.0,1778000000.0,,1698000000.0,378000000.0,,,652000000.0,4506000000.0,,1919000000.0,5258000000.0,2324000000.0,1174000000.0,16927000000.0,374000000.0,1213000000.0,559000000.0,3269000000.0,,,,508000000.0,,-1779000000.0,-1131000000.0,8253000000.0,16927000000.0,,,,,68000000.0,,,,967000000.0,,64000000.0,,,,,12000000.0,95000000.0,,,-136000000.0,,,-147000000.0,,
,,,,,,,,,,,,,,,,,,,,,,,,,,,,,,,,,,,,,,,,,,,,,,,,,,,,,,,,,,,,,,,,,,,
