Date,Net sales,Cost of sales,Gross margin,Research and development,"Selling, general and administrative",Total operating expenses,Operating income,"Other income/(expense), net",Income before provision for income taxes,Provision for income taxes,Net income,Earnings per share basic,Earnings per share diluted,Weighted-average basic,Weighted-average diluted,Cash and cash equivalents,Short-term marketable securities,"Accounts receivable, net",Inventories,Deferred tax assets,Vendor non-trade receivables,Other current assets,Total current assets,Long-term marketable securities,"Property, Plant and Equipment, Net",Goodwill,"Acquired intangible assets, net","Other Assets, Noncurrent",Total assets,accounts payable,Accrued expenses,Deferred revenue,Total current liabilities,Deferred revenue - non-current,deferred tax liabilities,long term taxes payable,Total other non-current liabilities,Total liabilities,Retained Earnings (Accumulated Deficit),Accumulated other comprehensive (loss)/income,Total shareholders equity,Total liabilities and shareholders' equity,"Depreciation, amortization and accretion",Stock-based compensation expense,Deferred income tax expense,"Increase (Decrease) in Accounts receivable, net",Increase (Decrease) in Inventories,Increase (Decrease) in Other Receivables,Increase (Decrease) in Other Operating Assets,Increase (Decrease) in Accounts Payable,Increase (Decrease) in Deferred Revenue,Increase (Decrease) Other liabilities,Cash generated by operating activities,Purchases of marketable securities,Proceeds from maturities of marketable securities,Proceeds from sales of marketable securities,Purchases of other long-term investments,"Business acquisitions, net of cash acquired",Cash payments for capital asset purchases,Payments for acquisition of intangible assets,Payments for (Proceeds from) Other Investing Activities,Cash used in investing activities,Proceeds from issuance of common stock,Excess tax benefits from stock-based compensation,Cash generated/used in financing activities,Increase/(decrease) in cash and cash equivalents,"Cash paid for income taxes, net"
2010-06-30,,,,,,629659000.0,56386000.0,-7696000.0,48690000.0,19476000.0,29214000.0,0.78,0.78,37284675.0,37284675.0,4783000.0,,162703000.0,,18175000.0,,,206832000.0,,942540000.0,19463000.0,,34046000.0,1202881000.0,30639000.0,,,179662000.0,,78575000.0,,70288000.0,580667000.0,527593000.0,,622214000.0,1202881000.0,,,-4078000.0,,,,,,,,69180000.0,,,,,,45625000.0,,,-51459000.0,,,-17109000.0,612000.0,
2010-09-30,,,,,,982256000.0,99770000.0,-10445000.0,89325000.0,35730000.0,53595000.0,0.96,0.96,55927003.0,55927003.0,5057000.0,,176595000.0,,18212000.0,,,221063000.0,,947315000.0,19463000.0,,31240000.0,1219081000.0,31166000.0,,,248768000.0,,83148000.0,,72593000.0,572488000.0,551974000.0,,646593000.0,1219081000.0,,,458000.0,,,,,,,,110165000.0,,,,,,69148000.0,,,-68361000.0,,,-40918000.0,886000.0,
2010-12-31,,,,,,1343259000.0,137739000.0,-13313000.0,124426000.0,48775000.0,75651000.0,1.35,1.35,55926988.0,55926988.0,5450000.0,,172989000.0,,18666000.0,,,222582000.0,,964216000.0,19463000.0,,33620000.0,1239881000.0,29221000.0,,,170046000.0,,90768000.0,,76331000.0,571232000.0,574030000.0,,668649000.0,1239881000.0,,,7624000.0,,,,,-4247000.0,,,141076000.0,,,,,0.0,106347000.0,,,-104297000.0,,,-35500000.0,1279000.0,
2011-03-31,,,,,,384758000.0,37921000.0,-2439000.0,35482000.0,13909000.0,21573000.0,0.38,0.38,56255970.0,56255970.0,88143000.0,,196694000.0,,21627000.0,,,330337000.0,,1000574000.0,19463000.0,,33528000.0,1383902000.0,48929000.0,,,227038000.0,,89083000.0,,77016000.0,645280000.0,595603000.0,,738622000.0,1383902000.0,,,-4646000.0,,,,,,,,73807000.0,,,,,,58450000.0,,,-57213000.0,48400000.0,,66099000.0,82693000.0,
2011-06-30,,,,,,800368000.0,102566000.0,-6251000.0,96315000.0,35359000.0,60956000.0,1.07,1.07,57443324.0,57443324.0,28664000.0,,212535000.0,,23262000.0,,,296136000.0,,1059702000.0,19463000.0,,34203000.0,1409504000.0,41157000.0,,,212383000.0,,110490000.0,,81483000.0,631499000.0,634986000.0,,778005000.0,1409504000.0,,,15125000.0,,,,,,,,119180000.0,,,,,,142445000.0,,,-138391000.0,48400000.0,,42425000.0,23214000.0,
2011-09-30,,,,,,1226649000.0,170760000.0,-11323000.0,159437000.0,59850000.0,99587000.0,1.75,1.75,57443324.0,57443324.0,42262000.0,,222525000.0,,21833000.0,,,318589000.0,,1103220000.0,19463000.0,,31926000.0,1473198000.0,50707000.0,,,220117000.0,,127614000.0,,81688000.0,656562000.0,673617000.0,,816636000.0,1473198000.0,,,33679000.0,,,,,,,,200349000.0,,,,,,209900000.0,,,-204690000.0,48400000.0,,41153000.0,36812000.0,
2011-12-31,,,,,,1648469000.0,234072000.0,-13988000.0,220084000.0,80614000.0,139470000.0,2.44,2.44,57146486.0,57146486.0,75850000.0,,213481000.0,,-115450000.0,,,331852000.0,,1126950000.0,19463000.0,,34809000.0,1513074000.0,42096000.0,,,204810000.0,,134916000.0,,86998000.0,656555000.0,713500000.0,,856519000.0,1513074000.0,,,43348000.0,,,,,12875000.0,,,277380000.0,,,,,,250214000.0,,,-244778000.0,48400000.0,,37798000.0,70400000.0,
2012-03-31,,,,,,442922000.0,54218000.0,-2821000.0,51397000.0,20302000.0,31095000.0,0.54,0.54,57443324.0,57443324.0,54219000.0,,228398000.0,,19650000.0,,,327900000.0,,1190137000.0,19463000.0,,36692000.0,1574192000.0,54677000.0,,,251268000.0,,121357000.0,,94836000.0,686578000.0,744595000.0,,887614000.0,1574192000.0,,,-13743000.0,,,,,,,,78327000.0,,,,,,89393000.0,,,-88765000.0,0.0,,-11193000.0,-21631000.0,
2012-06-30,,,,,,901839000.0,136806000.0,-6348000.0,130458000.0,51531000.0,78927000.0,1.37,1.37,57443324.0,57443324.0,11015000.0,,241433000.0,,20768000.0,,,301158000.0,,1282509000.0,19463000.0,,36514000.0,1639644000.0,62540000.0,,,244454000.0,,133880000.0,,97717000.0,704198000.0,792427000.0,,935446000.0,1639644000.0,,,-2338000.0,,,,,,,,144422000.0,,,,,,210019000.0,,,-206921000.0,0.0,,-2336000.0,-64835000.0,
2012-09-30,,,,,,1365400000.0,217738000.0,-8919000.0,208819000.0,78848000.0,129971000.0,1.51,1.51,86164980.0,86164980.0,6902000.0,,248254000.0,,19518000.0,,,305739000.0,,1351358000.0,19463000.0,,38062000.0,1714622000.0,56930000.0,,,237628000.0,,146843000.0,,100166000.0,728134000.0,843471000.0,,986488000.0,1714622000.0,,,11875000.0,,,,,,,,222738000.0,,,,,,309661000.0,,,-304216000.0,0.0,,12530000.0,-68948000.0,
2012-12-31,,,,,,1825229000.0,285254000.0,-12156000.0,273098000.0,103646000.0,169452000.0,1.97,1.97,86164964.0,86164964.0,12857000.0,,219039000.0,,-133132000.0,,,275028000.0,,1379305000.0,19463000.0,,38718000.0,1712514000.0,44891000.0,,,225139000.0,,153186000.0,,106791000.0,686545000.0,882952000.0,,1025969000.0,1712514000.0,,,17682000.0,,,,,2795000.0,,,328056000.0,,,,,,373193000.0,,,-361175000.0,0.0,,-29874000.0,-62993000.0,
2013-03-31,,,,,,466631000.0,65944000.0,-2460000.0,63484000.0,22931000.0,40553000.0,0.47,0.47,86164917.0,86164917.0,29183000.0,,248225000.0,,19324000.0,,,324964000.0,,1375749000.0,19463000.0,,41016000.0,1761192000.0,41471000.0,,,254130000.0,,148720000.0,,111106000.0,694670000.0,923505000.0,,1066522000.0,1761192000.0,,,-3736000.0,,,,,,,,63534000.0,,,,,,26949000.0,,,-26134000.0,,,-21074000.0,16326000.0,
2013-06-30,,,,,,965203000.0,163517000.0,-5155000.0,158362000.0,59554000.0,98808000.0,1.15,1.15,86164917.0,86164917.0,7370000.0,,267690000.0,,19605000.0,,,324082000.0,,1469392000.0,19463000.0,,41793000.0,1854730000.0,66718000.0,,,273128000.0,,154804000.0,,111627000.0,729953000.0,981760000.0,,1124777000.0,1854730000.0,,,2067000.0,,,,,,,,153864000.0,,,,,,156354000.0,,,-147741000.0,,,-11610000.0,-5487000.0,
2013-09-30,,,,,,1483585000.0,261593000.0,-7978000.0,253615000.0,94658000.0,158957000.0,1.84,1.84,86164917.0,86164917.0,12104000.0,,268223000.0,,21975000.0,,,333276000.0,,1508617000.0,19463000.0,,43323000.0,1904679000.0,54512000.0,,,248811000.0,,185408000.0,,117824000.0,719753000.0,1041909000.0,,1184926000.0,1904679000.0,,,30301000.0,,,,,,,,253386000.0,,,,,,229199000.0,,,-219845000.0,,,-34294000.0,-753000.0,
2013-12-31,,,,,,1999210000.0,338438000.0,-9752000.0,328686000.0,122573000.0,206113000.0,2.39,2.39,86164917.0,86164917.0,30174000.0,,248069000.0,,-165868000.0,,,332979000.0,,1543059000.0,19463000.0,,36588000.0,1932089000.0,36788000.0,,,232122000.0,,189117000.0,,123054000.0,700007000.0,1089065000.0,,1232082000.0,1932089000.0,,,32736000.0,,,,,-8103000.0,,,350666000.0,,,,,,295606000.0,,,-284371000.0,0.0,,-48978000.0,17317000.0,
2014-03-31,,,,,,540224000.0,80052000.0,-2818000.0,77234000.0,31347000.0,45887000.0,0.53,0.53,86164917.0,86164917.0,41244000.0,,285249000.0,,25726000.0,,,388974000.0,,1586076000.0,19463000.0,,37255000.0,2031768000.0,71764000.0,,,293505000.0,,189892000.0,,125402000.0,753799000.0,1134952000.0,,1277969000.0,2031768000.0,,,-1702000.0,,,,,,,,99568000.0,,,,,,79818000.0,,,-77783000.0,,,-10715000.0,11070000.0,
2014-06-30,,,,,,1120516000.0,202747000.0,-4449000.0,198298000.0,78562000.0,119736000.0,1.39,1.39,86164917.0,86164917.0,19789000.0,,302262000.0,,26722000.0,,,382373000.0,,1676357000.0,19463000.0,,45870000.0,2124063000.0,63783000.0,,,297563000.0,,178115000.0,,132567000.0,772245000.0,1208801000.0,,1351818000.0,2124063000.0,,,-14475000.0,,,,,,,,181673000.0,,,,,,218568000.0,,,-200343000.0,,,8285000.0,-10385000.0,
2014-09-30,,,,,,1737840000.0,329009000.0,-6844000.0,322165000.0,124520000.0,197645000.0,2.29,2.29,86164917.0,86164917.0,8169000.0,,322395000.0,,27110000.0,,,394601000.0,,1730894000.0,19463000.0,,43581000.0,2188539000.0,47285000.0,,,286601000.0,,185828000.0,,138180000.0,758812000.0,1286710000.0,,1429727000.0,2188539000.0,,,-7150000.0,,,,,,,,278015000.0,,,,,,311993000.0,,,-292508000.0,,,-7512000.0,-22005000.0,
2014-12-31,,,,,,2346590000.0,441307000.0,-8793000.0,432514000.0,165000000.0,267514000.0,3.1,3.1,86162137.0,86162137.0,34787000.0,,303170000.0,,-191412000.0,,,433143000.0,,1743245000.0,19463000.0,,40386000.0,2236237000.0,45314000.0,,,255638000.0,,220783000.0,,145752000.0,742173000.0,1351054000.0,,1494064000.0,2236237000.0,,,25544000.0,,,,,8526000.0,,,391674000.0,,,,,,367680000.0,,,-345814000.0,,,-41247000.0,4613000.0,
2015-03-31,,,,,,592680000.0,103565000.0,-1735000.0,101830000.0,39306000.0,62524000.0,0.73,0.73,85970829.0,85970829.0,113038000.0,,317705000.0,,32994000.0,,,499893000.0,,1778471000.0,19463000.0,,42557000.0,2340384000.0,48955000.0,,,321682000.0,,205617000.0,,149228000.0,797123000.0,1400269000.0,,1543261000.0,2340384000.0,,,-18789000.0,,,,,,,,172594000.0,,,,,,72153000.0,,,-70302000.0,,,-24041000.0,78251000.0,
2015-06-30,,,,,,1213932000.0,244464000.0,-3262000.0,241202000.0,93104000.0,148098000.0,1.73,1.73,85848208.0,85848208.0,12789000.0,,330091000.0,,34648000.0,,,421665000.0,,1891465000.0,19463000.0,,45474000.0,2378067000.0,61042000.0,,,298862000.0,,211609000.0,,149833000.0,778304000.0,1456812000.0,,1599763000.0,2378067000.0,,,-14451000.0,,,,,,,,254225000.0,,,,,,231253000.0,,,-220902000.0,,,-55321000.0,-21998000.0,
2015-09-30,,,,,,1853552000.0,384318000.0,-6258000.0,378060000.0,145594000.0,232466000.0,2.71,2.71,85645760.0,85645760.0,11412000.0,,337706000.0,,36646000.0,,,436206000.0,,1971210000.0,19463000.0,,47606000.0,2474485000.0,58258000.0,,,364172000.0,,218770000.0,,149130000.0,827072000.0,1504516000.0,,1647413000.0,2474485000.0,,,-9288000.0,,,,,,,,372274000.0,,,,,,362015000.0,,,-342643000.0,,,-53006000.0,-23375000.0,
2015-12-31,,,,,,2474202000.0,498240000.0,-8223000.0,490017000.0,185327000.0,304690000.0,3.57,3.57,85378480.0,85378480.0,11472000.0,,310501000.0,,110870000.0,,,381730000.0,,2023448000.0,19463000.0,,41863000.0,2466504000.0,66774000.0,,,285402000.0,,235054000.0,,154094000.0,781867000.0,1541795000.0,,1684637000.0,2466504000.0,,,43642000.0,,,,,21460000.0,,,553880000.0,,,,,,462059000.0,,,-437617000.0,,,-139578000.0,-23315000.0,
2016-03-31,,,,,,608185000.0,99548000.0,-1683000.0,97865000.0,37580000.0,60285000.0,0.72,0.72,83983028.0,83983028.0,7133000.0,,311650000.0,,,,,355624000.0,,2098158000.0,19463000.0,,42195000.0,2515440000.0,81079000.0,24944000.0,,323223000.0,,235054000.0,,157161000.0,815164000.0,1557510000.0,,1700276000.0,2515440000.0,,,,,,,,,,,168393000.0,,,,,,120294000.0,,,-119603000.0,,,-53129000.0,-4339000.0,
2016-06-30,,,,,,1230184000.0,232984000.0,-2995000.0,229989000.0,88316000.0,141673000.0,1.69,1.69,83668521.0,83682228.0,10673000.0,,319019000.0,,,,,371859000.0,,2224883000.0,19463000.0,,43597000.0,2659802000.0,79230000.0,37829000.0,,291351000.0,,252501000.0,,155849000.0,918033000.0,1598923000.0,,1741769000.0,2659802000.0,,,,,,,,,,,292231000.0,,,,,,295533000.0,,,-292536000.0,,,-494000.0,-799000.0,
2016-09-30,,,,,,1875391000.0,370388000.0,-4122000.0,366266000.0,139012000.0,227254000.0,2.73,2.73,83357449.0,83389824.0,15014000.0,,333041000.0,,,,,389155000.0,,2229673000.0,19463000.0,,46057000.0,2684348000.0,55145000.0,27045000.0,,268974000.0,,266348000.0,,162422000.0,890873000.0,1650217000.0,,1793475000.0,2684348000.0,,,,,,,,,,,410128000.0,,,,,,351121000.0,,,-346550000.0,,,-60036000.0,3542000.0,
2016-12-31,,,,,,2507682000.0,483835000.0,-6248000.0,477587000.0,181822000.0,295765000.0,3.56,3.56,83112012.0,83153659.0,10171000.0,,320087000.0,,,,,382622000.0,,2241402000.0,19463000.0,,52760000.0,2696247000.0,89216000.0,,,288636000.0,,272599000.0,,178879000.0,845089000.0,1707450000.0,,1851158000.0,2696247000.0,,1410000.0,34808000.0,,,,,22442000.0,,,565583000.0,,,,,,417941000.0,,,-407400000.0,,,-159484000.0,-1301000.0,
2017-03-31,,,,,,645974000.0,108122000.0,-969000.0,107153000.0,41361000.0,65792000.0,0.8,0.8,82349024.0,82444458.0,47551000.0,,332157000.0,,,,,425074000.0,,2246286000.0,19463000.0,,54187000.0,2745010000.0,56843000.0,22315000.0,,334785000.0,,272599000.0,,183263000.0,835647000.0,1764945000.0,,1909363000.0,2745010000.0,,710000.0,,,,,,,,,110809000.0,,,,,,56997000.0,,,-55169000.0,,,-18260000.0,37380000.0,
2017-06-30,,,,,,1325454000.0,268554000.0,-1111000.0,267443000.0,103233000.0,164210000.0,1.99,1.99,82333739.0,82436170.0,33833000.0,,363807000.0,,,,,444612000.0,,2321243000.0,19463000.0,,54880000.0,2840198000.0,54234000.0,25841000.0,,344410000.0,,272599000.0,,185198000.0,847207000.0,1848045000.0,,1992991000.0,2840198000.0,,1590000.0,,,,,,,,,238514000.0,,,,,,188318000.0,,,-180929000.0,,,-33923000.0,23662000.0,
2017-09-30,,,,,,2034566000.0,432429000.0,650000.0,431968000.0,165444000.0,266524000.0,3.24,3.23,82317244.0,82417557.0,78091000.0,,391858000.0,,,,,513095000.0,,2367403000.0,19463000.0,,56209000.0,2956170000.0,59702000.0,26745000.0,,355649000.0,,274414000.0,,194091000.0,869154000.0,1941245000.0,,2087016000.0,2956170000.0,,2416000.0,,,,,,,,,388013000.0,,,,,,288840000.0,,-2139000.0,-277064000.0,,,-43029000.0,67920000.0,
2017-12-31,,,,,,2782226000.0,575886000.0,-54000.0,575832000.0,112058000.0,463774000.0,5.63,5.63,82308417.0,82407068.0,127462000.0,,394169000.0,,,,,584653000.0,,2404459000.0,19463000.0,,59849000.0,3068424000.0,73729000.0,,,351049000.0,,189960000.0,,205561000.0,791570000.0,2130257000.0,,2276854000.0,3068424000.0,,3242000.0,-82639000.0,,,,,-15487000.0,,,536294000.0,,,,,,382125000.0,,2139000.0,-367746000.0,,,-51257000.0,117291000.0,
2018-03-31,,,,,,775680000.0,149340000.0,-1854000.0,147486000.0,38153000.0,109333000.0,1.33,1.33,82253470.0,82356048.0,159937000.0,,412932000.0,,,,,615450000.0,,2450834000.0,19463000.0,,58257000.0,3144004000.0,78498000.0,25872000.0,,345285000.0,,179354000.0,,215614000.0,785253000.0,2211601000.0,,2358751000.0,3144004000.0,,1132000.0,,,,,,,,,211247000.0,,,,,,100558000.0,,,-100211000.0,,,-78561000.0,32475000.0,
2018-06-30,,,,,,1588697000.0,369821000.0,991000.0,368958000.0,96191000.0,,3.32,3.32,82160159.0,82262285.0,140571000.0,,456906000.0,,,,,647585000.0,,2585708000.0,19463000.0,,68326000.0,3321082000.0,81668000.0,27510000.0,,366362000.0,,196945000.0,,230724000.0,839031000.0,2334286000.0,,2482051000.0,3321082000.0,,2275000.0,,,,,,,,,424691000.0,,,,,,292269000.0,,,-291741000.0,,,-119841000.0,13109000.0,
2018-09-30,,,,,,2418545000.0,598206000.0,819000.0,598162000.0,151953000.0,,5.44,5.43,82067519.0,82165731.0,177468000.0,,466455000.0,,,,,696315000.0,,2703275000.0,19463000.0,,70259000.0,3489312000.0,88150000.0,26999000.0,,362457000.0,,227531000.0,,237392000.0,872380000.0,2467902000.0,,2616932000.0,3489312000.0,,3559000.0,37571000.0,,,,,,,,675418000.0,,,,,,469866000.0,,-799000.0,-465738000.0,,,-159674000.0,50006000.0,
2018-12-31,,,,,,3226644000.0,817051000.0,-1538000.0,815513000.0,209845000.0,605668000.0,7.39,7.38,81923564.0,82019781.0,190282000.0,,427569000.0,,,,,706229000.0,,2754943000.0,19463000.0,,64648000.0,3545283000.0,78518000.0,26495000.0,,356732000.0,,247669000.0,,215399000.0,864800000.0,2530184000.0,,2680483000.0,3545283000.0,,4894000.0,57709000.0,,,,,4789000.0,,,900116000.0,,,,,,588292000.0,,-918000.0,-580391000.0,,,-256905000.0,62820000.0,
2019-03-31,,,,,,812356000.0,178426000.0,1961000.0,180387000.0,47064000.0,,1.65,1.64,81033137.0,81143554.0,280627000.0,,447242000.0,,,,,783878000.0,,2761857000.0,19463000.0,,138844000.0,3704042000.0,79397000.0,53842000.0,,358155000.0,,247669000.0,,282847000.0,933671000.0,2619141000.0,,2770371000.0,3704042000.0,,1933000.0,,,,,,,,,206175000.0,,,,,,70741000.0,,,-70464000.0,,,-45366000.0,90345000.0,
2019-06-30,,,,,,1638533000.0,412915000.0,3046000.0,415961000.0,108566000.0,,3.81,3.8,80776296.0,80893083.0,228960000.0,,449984000.0,,,,,741420000.0,,2858171000.0,19463000.0,,139649000.0,3758703000.0,85125000.0,45897000.0,,386105000.0,,247669000.0,,281444000.0,960218000.0,2645533000.0,,2798485000.0,3758703000.0,,4216000.0,,,,,,,,,461883000.0,,,,,,229956000.0,,,-229590000.0,,,-193615000.0,38678000.0,
2019-09-30,,,,,,2469463000.0,630442000.0,3913000.0,634355000.0,162861000.0,,5.86,5.85,80474342.0,80588557.0,322286000.0,,425850000.0,,,,,806978000.0,,2927894000.0,19463000.0,,138083000.0,3892418000.0,81269000.0,53728000.0,,396862000.0,,247669000.0,,293359000.0,982890000.0,2755455000.0,,2909528000.0,3892418000.0,,5363000.0,,,,,,,,,747515000.0,,,,,,370310000.0,,,-367712000.0,,,-247799000.0,132004000.0,
2019-12-31,,,,,,3290405000.0,818706000.0,5243000.0,823949000.0,208431000.0,615518000.0,7.67,7.66,80276145.0,80406399.0,403571000.0,,397579000.0,,,,,866834000.0,,2968835000.0,19463000.0,,140436000.0,3995568000.0,70254000.0,46130000.0,,366085000.0,,261964000.0,,241802000.0,914851000.0,2850318000.0,,3080717000.0,3995568000.0,,16717000.0,13157000.0,,,,,-8264000.0,,,983888000.0,,,,,,479325000.0,,,-473639000.0,,,-296960000.0,213289000.0,
2020-03-31,,,,,,804194000.0,183170000.0,-2469000.0,180701000.0,47524000.0,,1.12,1.11,119050174.0,119805572.0,356972000.0,,419128000.0,,,,,831006000.0,,2953990000.0,19463000.0,,130527000.0,3934986000.0,55097000.0,44597000.0,,428295000.0,,261964000.0,,228678000.0,918937000.0,2787049000.0,,3016049000.0,3934986000.0,,2073000.0,,,,,,,,,204018000.0,,,,,,52211000.0,,,-50668000.0,,,-199949000.0,-46599000.0,
2020-06-30,,,,,,1501238000.0,382336000.0,-2630000.0,379706000.0,98724000.0,,2.37,2.36,118330176.0,119082728.0,518624000.0,,387260000.0,,,,,968570000.0,,2955083000.0,19463000.0,,136912000.0,4080028000.0,51257000.0,51464000.0,,494174000.0,,,,254899000.0,1097560000.0,2788839000.0,,2982468000.0,4080028000.0,,4282000.0,-13400000.0,,,,,,,,516216000.0,,,,,,120128000.0,,,-117558000.0,,,-283605000.0,115053000.0,
2020-09-30,,,,,,2289160000.0,652580000.0,-4539000.0,648041000.0,165191000.0,,4.09,4.07,117946805.0,118696836.0,420396000.0,,453346000.0,,,,,1138496000.0,,2935475000.0,19463000.0,,180254000.0,4273688000.0,59229000.0,60141000.0,,449288000.0,,,,316831000.0,1102855000.0,2973109000.0,,3170833000.0,4273688000.0,,8377000.0,-25155000.0,,,,,,,,686458000.0,,,,,,166459000.0,,100000.0,-368449000.0,,,-301184000.0,16825000.0,
2020-12-31,,,,,,3108247000.0,906882000.0,-5518000.0,901364000.0,228682000.0,672682000.0,5.71,5.68,117737180.0,118493203.0,401430000.0,,444653000.0,,,,,1243339000.0,,2914031000.0,,,212040000.0,4369410000.0,68511000.0,51513000.0,,373130000.0,,,,349851000.0,1043122000.0,3088131000.0,,3326288000.0,4369410000.0,,11337000.0,-41011000.0,,,,,-1743000.0,,,933024000.0,,,,,,225081000.0,,100000.0,-551663000.0,,,-383502000.0,-2141000.0,
2021-03-31,,,,,,856858000.0,269657000.0,-349000.0,269308000.0,69949000.0,,1.71,1.7,116497893.0,117255740.0,351900000.0,,496125000.0,,,,,1223261000.0,,2907672000.0,,,220930000.0,4351863000.0,88452000.0,87019000.0,,513862000.0,,,,325939000.0,1159946000.0,3024195000.0,,3191917000.0,4351863000.0,,,,,,,,,,,310308000.0,,,,,,50953000.0,,,-23072000.0,,,-336766000.0,-49530000.0,
2021-06-30,,,,,,1810223000.0,635701000.0,-2005000.0,633696000.0,164761000.0,,4.04,4.01,116157336.0,116906572.0,484204000.0,,548749000.0,,,,,1311115000.0,,2998727000.0,,,224604000.0,4534446000.0,90956000.0,89680000.0,,482018000.0,,,,329901000.0,1132068000.0,3230593000.0,,3402378000.0,4534446000.0,,,,,,,,,,,508291000.0,,,,,,206109000.0,,,-25490000.0,,,-400027000.0,82774000.0,
2021-09-30,,,,,,2826859000.0,1019111000.0,-2464000.0,1016647000.0,261078000.0,,6.52,6.48,115905834.0,116655504.0,339761000.0,,591783000.0,,,,,1278852000.0,,3110114000.0,,,224154000.0,4613120000.0,135044000.0,96826000.0,,534291000.0,,,,330321000.0,1193222000.0,3238057000.0,,3419898000.0,4613120000.0,,,9193000.0,,,,,,,,872615000.0,,,,,,384688000.0,,500000.0,-261182000.0,,,-673102000.0,-61669000.0,
2021-12-31,,,,,,3864726000.0,1391602000.0,-3179000.0,1388423000.0,354048000.0,1034375000.0,8.94,8.89,115651411.0,116409989.0,462564000.0,,567474000.0,,,,,1383787000.0,,3215686000.0,,,222071000.0,4821544000.0,82519000.0,61988000.0,,464234000.0,,,,328838000.0,1141737000.0,3493861000.0,,3679807000.0,4821544000.0,,15039000.0,30165000.0,,,,,14008000.0,,,1212606000.0,,,,,,550077000.0,,500000.0,-455288000.0,,,-696184000.0,61134000.0,
2022-03-31,,,,,,1091662000.0,405618000.0,-549000.0,405069000.0,105318000.0,299751000.0,2.62,2.6,114418703.0,115172776.0,262122000.0,,669042000.0,,,,,1280957000.0,,3225308000.0,,,216385000.0,4722650000.0,117850000.0,91135000.0,,578596000.0,,,,292078000.0,1219343000.0,3358759000.0,,3503307000.0,4722650000.0,,,,,,,,,,,388725000.0,,,,,,93713000.0,,,-108454000.0,,,-480713000.0,-200442000.0,
2022-06-30,,,,,,2250405000.0,914323000.0,-1041000.0,913282000.0,237453000.0,376078000.0,5.94,5.9,113744878.0,114484894.0,196134000.0,,680096000.0,,,,,1209090000.0,,3378732000.0,,,206045000.0,4793867000.0,136480000.0,92510000.0,,628178000.0,,,,281187000.0,1238038000.0,3307614000.0,,3555829000.0,4793867000.0,,,,,,,,,,,816053000.0,,,,,,323063000.0,,,-274248000.0,,,-808235000.0,-266430000.0,
2022-09-30,,,,,,3358015000.0,1410403000.0,-1056000.0,1409347000.0,356117000.0,1053230000.0,9.32,9.26,113011703.0,113746887.0,216727000.0,,630370000.0,,,,,1111197000.0,,3491511000.0,,,208685000.0,4811393000.0,120160000.0,94154000.0,,639327000.0,,,,265553000.0,1253223000.0,3306285000.0,,3558170000.0,4811393000.0,,,20705000.0,,,,,,,,1330234000.0,,,,,,504782000.0,,,-388835000.0,,,-1187236000.0,-245837000.0,
2022-12-31,,,,,,4419445000.0,1840632000.0,717000.0,1841349000.0,464190000.0,1377159000.0,12.26,12.18,112340791.0,113077820.0,186312000.0,,578648000.0,,,,,933740000.0,,3687068000.0,,,217802000.0,4838610000.0,106275000.0,51933000.0,,529793000.0,,,,265422000.0,1185693000.0,3397305000.0,,3652917000.0,4838610000.0,,15893000.0,62008000.0,,,,,23756000.0,,,1691582000.0,,,,,,775148000.0,,,-547472000.0,,,-1420362000.0,-276252000.0,
2023-03-31,,,,,,1059087000.0,383049000.0,1100000.0,384149000.0,99111000.0,285038000.0,2.59,2.58,109956000.0,110679000.0,207624000.0,,564490000.0,,,,,896950000.0,,3841464000.0,,,218674000.0,4957088000.0,119773000.0,64626000.0,,569520000.0,,,,250587000.0,1210589000.0,3495492000.0,,3746499000.0,4957088000.0,,,,,,,,,,,415367000.0,,,,,,234736000.0,,,-199875000.0,,,-194180000.0,21312000.0,
2023-06-30,,,,,,2080682000.0,774643000.0,1432000.0,776075000.0,198675000.0,577400000.0,5.26,5.23,109737000.0,110438000.0,55141000.0,,543767000.0,,,,,730609000.0,,4001099000.0,,,247224000.0,4978932000.0,96661000.0,75598000.0,,503018000.0,,,,273394000.0,1146897000.0,3582062000.0,,3832035000.0,4978932000.0,,,,,,,,,,,703207000.0,,,,,,479396000.0,,,-412934000.0,,,-421444000.0,-131171000.0,
2023-09-30,,,,,,3150940000.0,1219662000.0,2789000.0,1222451000.0,305764000.0,916687000.0,8.37,8.32,109554000.0,110234000.0,206601000.0,,632874000.0,,,,,954216000.0,,4085410000.0,,,259248000.0,5298874000.0,115712000.0,77958000.0,,552350000.0,,,,276184000.0,1235751000.0,3811183000.0,,4063123000.0,5298874000.0,,,37404000.0,,,,,,,,1132442000.0,,,,,,651363000.0,,,-580285000.0,,,-531868000.0,20289000.0,
2023-12-31,,,,,,4225479000.0,1640673000.0,7103000.0,1647776000.0,408274000.0,1239502000.0,11.33,11.26,109421245.0,110090212.0,433799000.0,,578885000.0,,,,,1143333000.0,,4095405000.0,,,273655000.0,5512393000.0,112774000.0,69585000.0,,544658000.0,,,,286815000.0,1254582000.0,4003956000.0,,4257811000.0,5512393000.0,,11080000.0,53341000.0,,,,,6499000.0,,,1569135000.0,,,,,,757309000.0,,,-659820000.0,,,-661828000.0,247487000.0,
2024-03-31,,,,,,1073647000.0,386426000.0,6456000.0,392882000.0,100578000.0,292304000.0,1.34,1.34,217594000.0,218808000.0,580974000.0,,582209000.0,,,,,1263660000.0,,4128101000.0,,,259595000.0,5651356000.0,97689000.0,60930000.0,,550674000.0,,,,275933000.0,1249719000.0,4154380000.0,,4401637000.0,5651356000.0,,,,,,,,,,,423893000.0,,,,,,119511000.0,,,-117952000.0,,,-158766000.0,147175000.0,
2024-06-30,,,,,,2150653000.0,808117000.0,11211000.0,819328000.0,204979000.0,614349000.0,2.83,2.82,216981000.0,218174000.0,74304000.0,,578101000.0,,,,,807113000.0,,4277820000.0,,,258163000.0,5343096000.0,112606000.0,73015000.0,,552754000.0,,,,275328000.0,1231197000.0,3903839000.0,,4111899000.0,5343096000.0,,,,,,,,,,,811748000.0,,,,,,357638000.0,,,-382809000.0,,,-788434000.0,-359495000.0,
2024-09-30,,,,,,3219003000.0,1209978000.0,12444000.0,1222422000.0,299493000.0,922929000.0,4.27,4.25,216010000.0,217185000.0,74163000.0,,545746000.0,,,,,735059000.0,,4425753000.0,,,265019000.0,5425831000.0,99279000.0,77230000.0,,553580000.0,,,,281708000.0,1250091000.0,3967376000.0,,4175740000.0,5425831000.0,,,12226000.0,,,,,,,,1258224000.0,,,,,,600399000.0,,,-584249000.0,,,-1033611000.0,-359636000.0,
,,,,,,,,,,,,,,,,,,,,,,,,,,,,,,,,,,,,,,,,,,,,,,,,,,,,,,,,,,,,,,,,,,,
,,,,,,,,,,,,,,,,,,,,,,,,,,,,,,,,,,,,,,,,,,,,,,,,,,,,,,,,,,,,,,,,,,,
