Date,Net sales,Cost of sales,Gross margin,Research and development,"Selling, general and administrative",Total operating expenses,Operating income,"Other income/(expense), net",Income before provision for income taxes,Provision for income taxes,Net income,Earnings per share basic,Earnings per share diluted,Weighted-average basic,Weighted-average diluted,Cash and cash equivalents,Short-term marketable securities,"Accounts receivable, net",Inventories,Deferred tax assets,Vendor non-trade receivables,Other current assets,Total current assets,Long-term marketable securities,"Property, Plant and Equipment, Net",Goodwill,"Acquired intangible assets, net","Other Assets, Noncurrent",Total assets,accounts payable,Accrued expenses,Deferred revenue,Total current liabilities,Deferred revenue - non-current,deferred tax liabilities,long term taxes payable,Total other non-current liabilities,Total liabilities,Retained Earnings (Accumulated Deficit),Accumulated other comprehensive (loss)/income,Total shareholders equity,Total liabilities and shareholders' equity,"Depreciation, amortization and accretion",Stock-based compensation expense,Deferred income tax expense,"Increase (Decrease) in Accounts receivable, net",Increase (Decrease) in Inventories,Increase (Decrease) in Other Receivables,Increase (Decrease) in Other Operating Assets,Increase (Decrease) in Accounts Payable,Increase (Decrease) in Deferred Revenue,Increase (Decrease) Other liabilities,Cash generated by operating activities,Purchases of marketable securities,Proceeds from maturities of marketable securities,Proceeds from sales of marketable securities,Purchases of other long-term investments,"Business acquisitions, net of cash acquired",Cash payments for capital asset purchases,Payments for acquisition of intangible assets,Payments for (Proceeds from) Other Investing Activities,Cash used in investing activities,Proceeds from issuance of common stock,Excess tax benefits from stock-based compensation,Cash generated/used in financing activities,Increase/(decrease) in cash and cash equivalents,"Cash paid for income taxes, net"
2009-12-31,11111651000.0,9095705000.0,2015946000.0,,,1126112000.0,894640000.0,,,207321000.0,305451000.0,2.9,2.87,105362000.0,106320000.0,29399000.0,,,583127000.0,,,238890000.0,2588464000.0,,7793658000.0,,,626713000.0,12827683000.0,1240207000.0,488487000.0,,3338912000.0,,1037665000.0,,662514000.0,,1685710000.0,-118613000.0,2207194000.0,12827683000.0,288991000.0,23148000.0,198713000.0,-181426000.0,266674000.0,,,,,,1452694000.0,,,,,0.0,791245000.0,,,-787794000.0,17317000.0,,-1145559000.0,-480659000.0,
2010-09-30,9673802000.0,8145035000.0,1528767000.0,,,840886000.0,702949000.0,,,158324000.0,251558000.0,2.37,2.34,106443.0,107651.0,50483000.0,,,703677000.0,,,178343000.0,1988776000.0,,7138972000.0,,,573152000.0,11929753000.0,885017000.0,469551000.0,,2596941000.0,,1127023000.0,,616306000.0,,1794842000.0,-90268000.0,2414479000.0,11929753000.0,230600000.0,15949000.0,94997000.0,567141000.0,-158873000.0,,,,,,760031000.0,,,,-1313000.0,,356289000.0,,2968000.0,79448000.0,9357000.0,,-818395000.0,21084000.0,
2011-06-30,7381364000.0,6226167000.0,1155197000.0,,,607522000.0,546953000.0,,455258000.0,121146000.0,185272000.0,1.74,1.71,106179.0,108605.0,477573000.0,,,574173000.0,,,161540000.0,2529261000.0,,7712574000.0,,,588886000.0,13036333000.0,1194103000.0,392865000.0,,2840617000.0,,1288438000.0,,584552000.0,,,-131266000.0,2217089000.0,13036333000.0,158215000.0,29615000.0,108504000.0,209112000.0,134760000.0,,,,,,875599000.0,,,,1655000.0,,523772000.0,,,-508889000.0,4920000.0,,79829000.0,446539000.0,
2011-09-30,10976555000.0,9287365000.0,1689190000.0,,,892565000.0,795834000.0,,649892000.0,154900000.0,245593000.0,2.33,2.28,105220.0,107727.0,148407000.0,,,658059000.0,,,202260000.0,2312043000.0,,8019313000.0,,,575095000.0,13171124000.0,1241633000.0,352520000.0,,2976764000.0,,1386959000.0,,592153000.0,,1903056000.0,-174573000.0,2185960000.0,13171124000.0,234201000.0,39297000.0,200961000.0,194631000.0,26975000.0,,,,,,1029619000.0,,,,51686000.0,,862310000.0,,0.0,-896887000.0,7142000.0,,-15359000.0,117373000.0,
2011-12-31,14805794000.0,12425435000.0,2380359000.0,,,1220483000.0,1158913000.0,,983562000.0,226048000.0,360594000.0,3.44,3.36,104672.0,107249.0,65953000.0,,,549915000.0,1413337000.0,,185143000.0,2318812000.0,,8444333000.0,601743000.0,,695965000.0,13696635000.0,1341718000.0,345383000.0,,3246175000.0,,1446591000.0,,674586000.0,,1960374000.0,-206121000.0,2238573000.0,13696635000.0,312160000.0,66371000.0,256632000.0,55861000.0,-65845000.0,,,,,,1359972000.0,,,,64491000.0,,1336067000.0,,-4000000.0,-1371626000.0,17906000.0,,55432000.0,43778000.0,
2012-03-31,3414600000.0,2771013000.0,643587000.0,,,317722000.0,325922000.0,,293289000.0,73839000.0,122865000.0,1.18,1.16,103809.0,105926.0,781192000.0,,,299130000.0,,,155695000.0,2609275000.0,,8701036000.0,,,720174000.0,14252076000.0,1110108000.0,410399000.0,,2600323000.0,,1408420000.0,,638029000.0,,2019864000.0,-178845000.0,2256152000.0,14252076000.0,83409000.0,5008000.0,,-180413000.0,-251227000.0,,,,,,426085000.0,,,,2577000.0,,348437000.0,,-24000.0,-314399000.0,2228000.0,,594694000.0,706380000.0,
2012-06-30,5943860000.0,4751311000.0,1192549000.0,,,633571000.0,560001000.0,,482639000.0,114251000.0,183858000.0,0.89,0.87,207454.0,211818.0,114920000.0,,,561802000.0,,,208704000.0,1807319000.0,,9098053000.0,,,701512000.0,13817191000.0,911977000.0,396964000.0,,2256677000.0,,1457896000.0,,672007000.0,,2017460000.0,-205640000.0,2089540000.0,13817191000.0,167995000.0,16928000.0,,-541053000.0,11445000.0,,,,,,652610000.0,,,,7237000.0,,780697000.0,,-942000.0,-738451000.0,4591000.0,,125949000.0,40108000.0,
2012-09-30,8972635000.0,7226114000.0,1746521000.0,,,944210000.0,802914000.0,,690211000.0,156835000.0,249077000.0,1.21,1.18,206638000.0,211198000.0,978825000.0,,,644719000.0,,,220135000.0,2956030000.0,,9490382000.0,,,701491000.0,15364307000.0,1153750000.0,358253000.0,,2439113000.0,,1539960000.0,,692211000.0,,2015008000.0,-240476000.0,2065706000.0,15364307000.0,249429000.0,35970000.0,,-350350000.0,94362000.0,,,-156483000.0,,,762859000.0,,,,21284000.0,,1238908000.0,,-988000.0,-1198584000.0,7068000.0,,1339738000.0,904013000.0,
2012-12-31,12632559000.0,10281718000.0,2350841000.0,,,1255077000.0,1102500000.0,,944446000.0,215195000.0,360619000.0,1.75,1.71,206140000.0,210710000.0,583618000.0,,,517014000.0,1631527000.0,,175869000.0,2764660000.0,,10114340000.0,591488000.0,,758664000.0,15855275000.0,1333489000.0,369054000.0,,2812994000.0,,1592802000.0,,701657000.0,,2059024000.0,-216798000.0,2129609000.0,15855275000.0,335844000.0,36692000.0,229480000.0,14774000.0,-33343000.0,,,-30981000.0,,,990943000.0,,,,30768000.0,,1866153000.0,,-2237000.0,-1814199000.0,15969000.0,,1332062000.0,508806000.0,
2013-03-31,3541445000.0,2917993000.0,623452000.0,,,349644000.0,273849000.0,,233122000.0,67417000.0,112521000.0,0.55,0.54,205479000.0,209458000.0,143947000.0,,,302473000.0,,,154154000.0,1949663000.0,,10521218000.0,,,760920000.0,15446219000.0,1205248000.0,357880000.0,,2337025000.0,,1678887000.0,,712847000.0,,2097764000.0,-223153000.0,2134354000.0,15446219000.0,90221000.0,16756000.0,,90953000.0,214541000.0,,,-103690000.0,,,471498000.0,,,,3036000.0,,501065000.0,,0.0,-494807000.0,2831000.0,,-416362000.0,-439671000.0,
2013-06-30,6890681000.0,5813840000.0,1076841000.0,,,675129000.0,402032000.0,,313979000.0,68779000.0,113440000.0,0.55,0.54,206143000.0,209166000.0,33681000.0,,,434996000.0,,,163055000.0,1889589000.0,,10979485000.0,,,772040000.0,15842274000.0,1214322000.0,388954000.0,,2648779000.0,,1716547000.0,,791233000.0,,2024482000.0,-211970000.0,2085349000.0,15842274000.0,182076000.0,19018000.0,,190633000.0,82018000.0,,,-63954000.0,,,788281000.0,,,,4558000.0,,1060333000.0,,0.0,-1043600000.0,6002000.0,,-294618000.0,-549937000.0,
2013-12-31,14602717000.0,12313034000.0,2289683000.0,,,1374830000.0,926734000.0,,740343000.0,163382000.0,266533000.0,1.29,1.27,206044000.0,209695000.0,149313000.0,,,417077000.0,,,171018000.0,2370802000.0,,12297504000.0,683488000.0,,626899000.0,17707558000.0,1503699000.0,401422000.0,,2696407000.0,,1938262000.0,,472734000.0,,2020815000.0,-121987000.0,2337851000.0,17707558000.0,384377000.0,46194000.0,151515000.0,-189809000.0,99937000.0,,,165076000.0,,,1294767000.0,,,,35308000.0,,2256585000.0,,0.0,-2642031000.0,20602000.0,10312000.0,912959000.0,-434305000.0,
2014-03-31,3163296000.0,2652669000.0,510627000.0,,,216525000.0,294117000.0,,219721000.0,14984000.0,93515000.0,0.45,0.45,209130000.0,210166000.0,210227000.0,,,231237000.0,,,102089000.0,1656327000.0,,9510794000.0,,,202626000.0,13653134000.0,1155114000.0,127697000.0,,1891724000.0,,1144348000.0,,229277000.0,,280242000.0,-109913000.0,584500000.0,13653134000.0,67414000.0,4450000.0,,112780000.0,63844000.0,,,27817000.0,,,490383000.0,,,,627000.0,14000000.0,429525000.0,,,-439334000.0,3020000.0,,9865000.0,60914000.0,
2014-06-30,6230178000.0,5224071000.0,1006107000.0,,,460674000.0,545432000.0,,410794000.0,57297000.0,155105000.0,0.74,0.74,209403000.0,210516000.0,358560000.0,,,335116000.0,,,118545000.0,2059655000.0,,9870664000.0,,,193032000.0,14384538000.0,1271539000.0,190289000.0,,1851171000.0,,1253099000.0,,237468000.0,,225423000.0,-113127000.0,656425000.0,14384538000.0,139541000.0,17288000.0,,-17504000.0,40122000.0,,,-3426000.0,,,536307000.0,,,,1063000.0,14000000.0,822201000.0,,,-820496000.0,9166000.0,,493919000.0,209730000.0,
2014-09-30,9350323000.0,7807275000.0,1543048000.0,,,707757000.0,836824000.0,,563104000.0,95155000.0,219563000.0,1.05,1.04,209489000.0,210759000.0,151403000.0,,,338345000.0,,,119427000.0,1712787000.0,,10242122000.0,,,184935000.0,14312196000.0,1221934000.0,120162000.0,,1781901000.0,,1303548000.0,,229280000.0,,170249000.0,-107656000.0,623232000.0,14312196000.0,214129000.0,23359000.0,,-156555000.0,43351000.0,,,-111186000.0,,,870539000.0,,,,1063000.0,14000000.0,1204386000.0,,,-1192136000.0,12908000.0,,324272000.0,2675000.0,
2014-12-31,12195091000.0,10088548000.0,2106543000.0,,,969571000.0,1143571000.0,,819873000.0,151158000.0,314107000.0,1.5,1.49,209391000.0,210427000.0,172812000.0,,,134134000.0,228022000.0,,173299000.0,1307244000.0,,11662437000.0,525535000.0,,167466000.0,15304560000.0,891413000.0,285435000.0,,2392345000.0,,1395222000.0,,281757000.0,,138128000.0,-136353000.0,592115000.0,15304560000.0,294684000.0,26226000.0,137667000.0,-381513000.0,-160860000.0,,,-417993000.0,,,1285610000.0,,,,1063000.0,814934000.0,1779150000.0,,0.0,-2566223000.0,19150000.0,0.0,1304499000.0,23886000.0,
2015-03-31,1805306000.0,1343864000.0,461442000.0,,,264973000.0,196463000.0,,133265000.0,37428000.0,60800000.0,0.29,0.29,209874000.0,210467000.0,239411000.0,,,218691000.0,,,175425000.0,1321949000.0,,11891321000.0,,,167724000.0,15533073000.0,721535000.0,208211000.0,,2548720000.0,,1430478000.0,,290422000.0,,72976000.0,-139892000.0,530158000.0,15533073000.0,85955000.0,5643000.0,,-134300000.0,84557000.0,,,-125898000.0,,,39270000.0,,,,0.0,0.0,343847000.0,,,-333775000.0,3796000.0,,360951000.0,66446000.0,
2015-06-30,3933358000.0,2946957000.0,986401000.0,,,517310000.0,469207000.0,,332507000.0,85650000.0,137305000.0,0.65,0.65,210204000.0,210486000.0,226193000.0,,,150137000.0,,,155967000.0,1263796000.0,,12075850000.0,,,129700000.0,15651180000.0,694914000.0,256201000.0,,2606562000.0,,1451833000.0,,276897000.0,,23119000.0,-135334000.0,517508000.0,15651180000.0,172942000.0,7884000.0,,-59120000.0,16003000.0,,,-136119000.0,,,333920000.0,,,,33222000.0,0.0,629448000.0,,12607000.0,-655772000.0,10298000.0,,374851000.0,52999000.0,
2015-09-30,5832304000.0,4307766000.0,1524538000.0,,,769786000.0,754142000.0,,535503000.0,123948000.0,219462000.0,1.04,1.04,210296000.0,210524000.0,38371000.0,,,142308000.0,,,76129000.0,952790000.0,,12278593000.0,,,115716000.0,15508298000.0,620568000.0,157705000.0,,1960821000.0,,1437087000.0,,278731000.0,,0.0,-136112000.0,414472000.0,15508298000.0,261241000.0,13732000.0,,-157742000.0,8174000.0,,,-191542000.0,,,695077000.0,,,,27540000.0,0.0,930316000.0,,12607000.0,-942181000.0,13839000.0,,112715000.0,-134389000.0,
2015-12-31,7763206000.0,5641052000.0,,,,,996159000.0,,521876000.0,136600000.0,244977000.0,1.17,1.16,210208000.0,210541000.0,97619000.0,,,128084000.0,242182000.0,,39946000.0,975210000.0,,12373989000.0,525535000.0,491723000.0,112598000.0,15446111000.0,615982000.0,132556000.0,,1638266000.0,,1436715000.0,,264248000.0,,0.0,-127242000.0,335798000.0,15446111000.0,354620000.0,16435000.0,120442000.0,-157051000.0,-6050000.0,,,-205143000.0,,,1006980000.0,,,,27540000.0,0.0,1188312000.0,,12607000.0,-1190719000.0,20669000.0,0.0,108589000.0,-75150000.0,
2016-03-31,1774459000.0,1195738000.0,,,,,311434000.0,,225977000.0,50066000.0,83446000.0,0.4,0.4,210781000.0,211071000.0,137219000.0,,,156075000.0,,,54024000.0,991021000.0,,12437127000.0,,,112614000.0,15501149000.0,522317000.0,126549000.0,,1764460000.0,,1484745000.0,,273070000.0,,0.0,-134614000.0,286888000.0,15501149000.0,94478000.0,8232000.0,,-68326000.0,27991000.0,,,-64088000.0,,,229478000.0,,,,158000.0,,196411000.0,,,-169947000.0,3964000.0,,-19942000.0,39589000.0,
2016-06-30,3908566000.0,2723061000.0,,,,,626719000.0,,458521000.0,102524000.0,169390000.0,0.8,0.8,211075000.0,212618000.0,180854000.0,,,245946000.0,,,58200000.0,1281188000.0,,12484622000.0,,,118980000.0,15822900000.0,697833000.0,202954000.0,,2188421000.0,,1518328000.0,,293153000.0,,0.0,-159246000.0,237429000.0,15822900000.0,193725000.0,23194000.0,,85435000.0,117862000.0,,,103976000.0,,,531606000.0,,,,19830000.0,,333254000.0,,0.0,-298479000.0,11101000.0,,-149620000.0,83507000.0,
2016-09-30,6266473000.0,4474654000.0,,,,,956076000.0,,708325000.0,157536000.0,261534000.0,1.24,1.23,211309000.0,212870000.0,237410000.0,,,217769000.0,,,50759000.0,1369291000.0,,12526749000.0,,,121529000.0,15982035000.0,711817000.0,214662000.0,,2341964000.0,,1573950000.0,,296751000.0,,0.0,-154351000.0,214296000.0,15982035000.0,292275000.0,31112000.0,,145430000.0,89685000.0,,,138198000.0,,,922028000.0,,,,55177000.0,,491528000.0,,0.0,-484588000.0,14948000.0,,-297421000.0,140019000.0,
2016-12-31,8920934000.0,6496124000.0,,,,,1285676000.0,,957956000.0,212406000.0,352039000.0,1.67,1.66,211128000.0,212383000.0,248875000.0,,,140034000.0,210001000.0,,45986000.0,1429684000.0,,12571403000.0,525535000.0,479824000.0,162998000.0,16138751000.0,874731000.0,166042000.0,,2836701000.0,,1623822000.0,,321846000.0,,0.0,-154350000.0,188745000.0,16138751000.0,391585000.0,40563000.0,203871000.0,285806000.0,11950000.0,,,287632000.0,,,1351614000.0,,,,68275000.0,0.0,624634000.0,,0.0,-615445000.0,21971000.0,,-584792000.0,151377000.0,
2017-03-31,2749611000.0,2143843000.0,,,,,314420000.0,,241126000.0,54941000.0,87361000.0,0.41,0.41,211619000.0,213602000.0,310808000.0,,,193339000.0,,,108552000.0,1378447000.0,,12553584000.0,,,176755000.0,16067558000.0,703278000.0,122624000.0,,2731974000.0,,1612039000.0,,334206000.0,,30887000.0,-139062000.0,238382000.0,16067558000.0,99419000.0,5907000.0,,-137586000.0,53305000.0,,,-122843000.0,,,269090000.0,,,,4422000.0,,112737000.0,,,-109463000.0,3722000.0,,-97694000.0,61933000.0,
2017-06-30,5475383000.0,4234865000.0,,,,,631153000.0,,460961000.0,98785000.0,159054000.0,0.75,0.74,211785000.0,214012000.0,332371000.0,,,200133000.0,,,51465000.0,1447811000.0,,12546992000.0,,,170785000.0,16672923000.0,696834000.0,167937000.0,,2860519000.0,,73983000.0,,337584000.0,,0.0,-176085000.0,5407747000.0,16672923000.0,200268000.0,13477000.0,,-123085000.0,60099000.0,,,-134334000.0,,,642891000.0,,,,4653000.0,,195232000.0,,,-183731000.0,10845000.0,,-375664000.0,83496000.0,
2017-09-30,8381749000.0,6464281000.0,,,,,983059000.0,,724620000.0,195913000.0,324796000.0,1.21,1.2,380907000.0,383419000.0,11676000.0,,,314266000.0,,,64196000.0,1518865000.0,,12578607000.0,,,182265000.0,16764841000.0,922820000.0,166825000.0,,2741080000.0,,76262000.0,,339116000.0,,0.0,-181771000.0,5359495000.0,16764841000.0,302566000.0,19688000.0,,33224000.0,174232000.0,,,82174000.0,,,935996000.0,,,,87653000.0,,330431000.0,,,-394597000.0,45849000.0,,-778598000.0,-237199000.0,
2017-12-31,12173907000.0,9538045000.0,,,,,1380895000.0,,1040801000.0,447282000.0,387841000.0,1.3,1.29,297477000.0,299780000.0,37193000.0,,,342293000.0,-153210000.0,,53008000.0,1764458000.0,,12698126000.0,681100000.0,312360000.0,180830000.0,16845937000.0,1140571000.0,179971000.0,,2667335000.0,,52697000.0,,348924000.0,,0.0,-188530000.0,5527867000.0,16845937000.0,406335000.0,26262000.0,445317000.0,330521000.0,202259000.0,,,261305000.0,,,1315412000.0,,,,87861000.0,,512393000.0,,0.0,-567633000.0,471358000.0,,-959461000.0,-211682000.0,
2018-03-31,3102077000.0,2368026000.0,,,,,419699000.0,,341820000.0,75771000.0,264508000.0,0.65,0.64,409676000.0,412173000.0,17474000.0,,,185298000.0,,,106067000.0,1290745000.0,,12878189000.0,,,159428000.0,16432347000.0,773054000.0,122922000.0,6000000.0,2050838000.0,,53805000.0,,366701000.0,,0.0,-174692000.0,6701446000.0,16432347000.0,104237000.0,7203000.0,,-358733000.0,-149825000.0,,,-361008000.0,,,495321000.0,,,,147000.0,,264467000.0,,,-255652000.0,1182117000.0,,-259388000.0,-19719000.0,
2018-06-30,6062606000.0,4543844000.0,,,,,868065000.0,,711530000.0,163302000.0,545556000.0,1.33,1.32,411946000.0,414641000.0,15295000.0,,,285776000.0,,,57286000.0,1433687000.0,,13303917000.0,,,170124000.0,16913720000.0,1027467000.0,184127000.0,27800000.0,2572081000.0,,54726000.0,,357184000.0,,0.0,-178589000.0,6664860000.0,16913720000.0,210525000.0,16071000.0,161602000.0,-268287000.0,-49347000.0,,,-282572000.0,,,1002970000.0,,,,294000.0,,615352000.0,,,-601401000.0,1186718000.0,,-423467000.0,-21898000.0,
2018-09-30,9456496000.0,7104609000.0,,,,,1363599000.0,,1128429000.0,266285000.0,858815000.0,2.09,2.07,412117000.0,414847000.0,84464000.0,,,426293000.0,,,61340000.0,1807908000.0,,13960527000.0,,,191170000.0,17911314000.0,1339507000.0,208312000.0,23800000.0,2450206000.0,,132242000.0,,350400000.0,,0.0,-158138000.0,6652758000.0,17911314000.0,317908000.0,23963000.0,264509000.0,-117876000.0,91170000.0,,,-41837000.0,,,1516450000.0,,,,831000.0,,1309655000.0,,,-1484820000.0,1195128000.0,,15641000.0,47271000.0,
2018-12-31,12593196000.0,9422708000.0,,,,,1835464000.0,,1517935000.0,362903000.0,1151703000.0,2.8,2.78,411485000.0,414195000.0,11975000.0,,,296667000.0,581575000.0,,100808000.0,1398632000.0,,14766651000.0,681100000.0,286042000.0,130096000.0,18231671000.0,1118102000.0,211110000.0,15600000.0,2108436000.0,,219731000.0,,450627000.0,,0.0,-188239000.0,6579543000.0,18231671000.0,428557000.0,31664000.0,361010000.0,-383993000.0,-38456000.0,,,-320132000.0,,,2186719000.0,,,,1748000.0,,2141475000.0,,,-2114888000.0,1203981000.0,,-97049000.0,-25218000.0,
2019-03-31,2779958000.0,1956377000.0,,,,,468742000.0,,415142000.0,77934000.0,337208000.0,0.82,0.81,412908000.0,415233000.0,27814000.0,,,243223000.0,,,56793000.0,1342779000.0,,15518032000.0,,,158423000.0,18934325000.0,1027322000.0,119176000.0,10600000.0,1689669000.0,,270751000.0,,501783000.0,,0.0,-269524000.0,6442006000.0,18934325000.0,114158000.0,8607000.0,75994000.0,-6089000.0,-53444000.0,,,-62469000.0,,,353606000.0,,,,1016000.0,,889705000.0,,,-864829000.0,4784000.0,,527062000.0,15839000.0,
2019-06-30,5237533000.0,3582171000.0,,,,,944888000.0,,826040000.0,176869000.0,649171000.0,1.57,1.56,413606000.0,415141000.0,273397000.0,,,184950000.0,,,69596000.0,1401170000.0,,16336239000.0,,,169318000.0,19751594000.0,907377000.0,252991000.0,30400000.0,1737373000.0,,347831000.0,,538873000.0,,0.0,-336396000.0,6348136000.0,19751594000.0,229122000.0,18064000.0,173286000.0,-149669000.0,-111717000.0,,,-268057000.0,,,967951000.0,,,,1369000.0,,1720164000.0,,,-1632061000.0,14158000.0,,925532000.0,261422000.0,
2019-09-30,7500761000.0,4996699000.0,,,,,1427039000.0,,1232560000.0,274234000.0,958326000.0,2.32,2.31,413816000.0,415578000.0,673309000.0,,,283545000.0,,,79763000.0,1967585000.0,,17362856000.0,,,174147000.0,21335907000.0,1129849000.0,123146000.0,25200000.0,1567152000.0,,418736000.0,,626860000.0,,0.0,-421104000.0,6218906000.0,21335907000.0,350552000.0,28038000.0,269488000.0,-100250000.0,-13122000.0,,,-162806000.0,,,1326845000.0,,,,3290000.0,,2739338000.0,,-12583000.0,-2647874000.0,19333000.0,,1982363000.0,661334000.0,
2019-12-31,10164367000.0,6788040000.0,,,,,1914353000.0,,1650991000.0,372414000.0,1278577000.0,3.09,3.07,413560000.0,415444000.0,20958000.0,,,304926000.0,1131004000.0,,82313000.0,1470334000.0,,18348685000.0,680996000.0,276837000.0,173425000.0,21812121000.0,1209900000.0,285569000.0,22200000.0,2020298000.0,,536063000.0,,525756000.0,,0.0,-374000000.0,6225951000.0,21812121000.0,476535000.0,37147000.0,372729000.0,19688000.0,8259000.0,,,-62946000.0,,,1946779000.0,,,,4028000.0,,3848349000.0,,10549000.0,-3768758000.0,29040000.0,,1830962000.0,8983000.0,
2020-03-31,2136672000.0,1276928000.0,,,,,-83469000.0,,-197252000.0,-55395000.0,,-0.34,-0.34,414282000.0,415348000.0,531630000.0,,,131041000.0,,,59116000.0,1488282000.0,,18629492000.0,527592000.0,,259643000.0,21969440000.0,742369000.0,89897000.0,11900000.0,1091392000.0,,442653000.0,,631673000.0,,-141857000.0,-499386000.0,5560641000.0,21969440000.0,132353000.0,,-55949000.0,-334370000.0,-173885000.0,,,-350701000.0,,,422721000.0,,,,,,949679000.0,,22062000.0,-964792000.0,,,1052743000.0,510672000.0,
2020-06-30,3797401000.0,2217386000.0,,,,,355730000.0,,177461000.0,43140000.0,,0.32,0.32,419722000.0,420116000.0,945732000.0,,,201883000.0,,,92302000.0,2179859000.0,,18981173000.0,527592000.0,,262463000.0,22992467000.0,755474000.0,93041000.0,31300000.0,1273102000.0,,475904000.0,,632861000.0,,-7536000.0,-524903000.0,6240652000.0,22992467000.0,272769000.0,,-13541000.0,-220558000.0,-103043000.0,,,-240841000.0,,,736418000.0,,,,,,1543961000.0,,29006000.0,-1554886000.0,954423000.0,,1743242000.0,924774000.0,
2020-09-30,5971665000.0,3483060000.0,,,,,822694000.0,,418871000.0,106555000.0,,0.71,0.71,445103000.0,445510000.0,447129000.0,,,300577000.0,,,83565000.0,1721362000.0,,19029315000.0,527592000.0,,463496000.0,22780876000.0,624483000.0,78124000.0,27600000.0,1094142000.0,,582334000.0,,618143000.0,,0.0,-530618000.0,6146112000.0,22780876000.0,426014000.0,,93174000.0,-111629000.0,-4349000.0,,,-198809000.0,,,1103128000.0,,,,,,1924003000.0,,80148000.0,-1981871000.0,959653000.0,,1304914000.0,426171000.0,
2020-12-31,8542242000.0,5110146000.0,,,,,1361357000.0,,802316000.0,189507000.0,612809000.0,1.42,1.42,431105000.0,431782000.0,524496000.0,,,227810000.0,1854944000.0,,132536000.0,1869775000.0,,19154928000.0,527592000.0,246131000.0,475296000.0,23078754000.0,719302000.0,83032000.0,23700000.0,1344547000.0,,669697000.0,,706081000.0,,0.0,-551449000.0,6042398000.0,23078754000.0,578662000.0,,186730000.0,1297000.0,-77116000.0,,,-80257000.0,,,1899068000.0,,,,,,2195381000.0,,106956000.0,-2270529000.0,969759000.0,,874999000.0,503538000.0,
2021-03-31,3194679000.0,2121510000.0,,,,,664721000.0,,508308000.0,122132000.0,,0.87,0.86,445894000.0,446885000.0,402413000.0,,,369604000.0,,,155224000.0,1997594000.0,,19125251000.0,,,478247000.0,23179929000.0,929771000.0,145249000.0,15900000.0,2047954000.0,,814528000.0,,496420000.0,,0.0,-465596000.0,6096965000.0,23179929000.0,157120000.0,,119194000.0,85212000.0,141794000.0,,,251344000.0,,,533317000.0,,,,,,176734000.0,,4148000.0,-170691000.0,,,-484709000.0,-122083000.0,
2021-06-30,6583643000.0,4488489000.0,,,,,1276233000.0,,960516000.0,232201000.0,,1.63,1.63,446337000.0,446903000.0,374377000.0,,,454760000.0,,,154807000.0,2235623000.0,,19181519000.0,,,451246000.0,23437248000.0,1052561000.0,208064000.0,35600000.0,2394601000.0,,881711000.0,,531262000.0,,0.0,-601443000.0,5910386000.0,23437248000.0,314041000.0,,226963000.0,268541000.0,226950000.0,,,363694000.0,,,1077983000.0,,,,,,324122000.0,,12138000.0,-324565000.0,16327000.0,,-903537000.0,-150119000.0,
2021-09-30,11119818000.0,7937616000.0,,,,,1944092000.0,,1474433000.0,354100000.0,,2.51,2.5,446634000.0,447635000.0,224337000.0,,,628110000.0,,,146669000.0,2666861000.0,,19221947000.0,,,420388000.0,23872331000.0,1442984000.0,231214000.0,35800000.0,2802870000.0,,981823000.0,,527799000.0,,0.0,-661836000.0,5840875000.0,23872331000.0,468583000.0,,344808000.0,687031000.0,400300000.0,,,756072000.0,,,1491162000.0,,,,,,490329000.0,,4286000.0,-475427000.0,21871000.0,,-1315894000.0,-300159000.0,
2021-12-31,16540309000.0,12256655000.0,,,,,2596259000.0,,1984204000.0,484498000.0,,3.36,3.35,446403000.0,447403000.0,146391000.0,,,427880000.0,1687354000.0,,165689000.0,2374374000.0,,19319874000.0,527592000.0,235703000.0,366457000.0,23621613000.0,1332391000.0,300438000.0,35300000.0,3184619000.0,,1166690000.0,,431869000.0,,0.0,-471351000.0,6015163000.0,23621613000.0,621701000.0,,472057000.0,610531000.0,105038000.0,,,622425000.0,,,2546272000.0,,,,,,696854000.0,,-12199000.0,-665292000.0,32791000.0,,-2259085000.0,-378105000.0,
2022-03-31,5444609000.0,4365948000.0,,,,,662456000.0,,513591000.0,122420000.0,,0.87,0.87,447124000.0,448404000.0,14610000.0,,,584104000.0,,,187240000.0,2641321000.0,,19425232000.0,,,368073000.0,23992705000.0,1729943000.0,226320000.0,19200000.0,3482595000.0,,1278319000.0,,414083000.0,,0.0,-467672000.0,5993694000.0,23992705000.0,153858000.0,,110531000.0,243501000.0,46788000.0,,,385082000.0,,,462211000.0,,,,,,256978000.0,,-3478000.0,-243705000.0,,,-350287000.0,-131781000.0,
2022-06-30,11441330000.0,9243947000.0,,,,,1351406000.0,,1058690000.0,253141000.0,,1.8,1.8,447451000.0,448293000.0,135774000.0,,,619880000.0,,,288883000.0,3026499000.0,,19601219000.0,,,339690000.0,24526804000.0,1923761000.0,242079000.0,33200000.0,3654833000.0,,1425818000.0,,387620000.0,,0.0,-366755000.0,6114629000.0,24526804000.0,311615000.0,,227897000.0,339729000.0,164890000.0,,,568705000.0,,,1249584000.0,,,,,,559310000.0,,-3148000.0,-542787000.0,,,-717414000.0,-10617000.0,
2022-09-30,17354861000.0,14016621000.0,,,,,2050607000.0,,1622570000.0,385270000.0,,2.76,2.76,447677000.0,448268000.0,22215000.0,,,538018000.0,,,281213000.0,2765322000.0,,19789801000.0,,,324839000.0,24439243000.0,1658904000.0,266540000.0,34600000.0,4138638000.0,,,,375303000.0,,0.0,-199473000.0,6312269000.0,24439243000.0,468717000.0,,344812000.0,260213000.0,165033000.0,,,296510000.0,,,1865506000.0,,,,,,886041000.0,,-4171000.0,-863856000.0,,,-1125826000.0,-124176000.0,
2022-12-31,22386892000.0,17909866000.0,,,,,2807419000.0,,2249645000.0,527424000.0,,3.85,3.84,447507000.0,448447000.0,220227000.0,,,431740000.0,1356990000.0,,171548000.0,2547775000.0,,19952526000.0,527592000.0,225275000.0,324132000.0,24379094000.0,1359475000.0,267671000.0,23300000.0,3051627000.0,,,,331113000.0,,50396000.0,-108256000.0,6493885000.0,24379094000.0,626132000.0,,463419000.0,87274000.0,62149000.0,,,-26106000.0,,,2905955000.0,,,,,,1202057000.0,,-42554000.0,-1139236000.0,32442000.0,,-1692883000.0,73836000.0,58935000.0
2023-03-31,4521000000.0,3347000000.0,,,,,1497000000.0,,1379000000.0,330000000.0,,2.34,2.34,448000000.0,449000000.0,680000000.0,,,399000000.0,,,158000000.0,2569000000.0,,20040000000.0,,,316000000.0,24464000000.0,1074000000.0,89000000.0,,2182000000.0,,,,329000000.0,,672000000.0,-99000000.0,7132000000.0,24464000000.0,162000000.0,,285000000.0,-329000000.0,-20000000.0,,,-237000000.0,,,1221000000.0,,,,,,289000000.0,,0.0,47000000.0,,,-808000000.0,460000000.0,
2023-06-30,8253000000.0,5829000000.0,,,,,2234000000.0,,1992000000.0,475000000.0,,3.38,3.38,448300000.0,449000000.0,106000000.0,,,314000000.0,,,244000000.0,1863000000.0,,20229000000.0,,,313000000.0,24038000000.0,880000000.0,118000000.0,,1517000000.0,,,,330000000.0,,711000000.0,-75000000.0,7218000000.0,24038000000.0,332000000.0,,419000000.0,-456000000.0,-40000000.0,,,-443000000.0,,,1993000000.0,,,,,,594000000.0,,-5000000.0,-353000000.0,,,-1754000000.0,-114000000.0,
2023-09-30,12442000000.0,8628000000.0,,,,,2973000000.0,,2587000000.0,616000000.0,,4.37,4.36,457300000.0,458200000.0,284000000.0,,,869000000.0,,,300000000.0,3188000000.0,,32089000000.0,5682000000.0,861000000.0,324000000.0,43939000000.0,1619000000.0,461000000.0,128000000.0,3298000000.0,,,,466000000.0,,737000000.0,-68000000.0,16299000000.0,43939000000.0,509000000.0,,599000000.0,-153000000.0,104000000.0,,,38000000.0,,,2913000000.0,,,,,5008000000.0,992000000.0,,-6000000.0,-5759000000.0,,,2910000000.0,64000000.0,
2023-12-31,17677000000.0,11929000000.0,,,,,4072000000.0,,3497000000.0,838000000.0,,5.49,5.48,484300000.0,485400000.0,338000000.0,,,639000000.0,3104000000.0,,252000000.0,3108000000.0,,32697000000.0,4952000000.0,1316000000.0,319000000.0,44266000000.0,1564000000.0,541000000.0,104000000.0,3452000000.0,,,,479000000.0,,868000000.0,-33000000.0,16484000000.0,44266000000.0,769000000.0,,829000000.0,-107000000.0,-118000000.0,,,-62000000.0,,,4421000000.0,,,,,5015000000.0,1595000000.0,,-35000000.0,-6404000000.0,,,2101000000.0,118000000.0,37000000.0
2024-03-31,4781000000.0,2897000000.0,,,,,1064000000.0,,847000000.0,208000000.0,,1.09,1.09,584200000.0,585700000.0,65000000.0,,,798000000.0,,,212000000.0,2950000000.0,,32807000000.0,5056000000.0,1311000000.0,327000000.0,44390000000.0,1480000000.0,502000000.0,99000000.0,4194000000.0,,,,559000000.0,,927000000.0,-128000000.0,16445000000.0,44390000000.0,254000000.0,,180000000.0,-6000000.0,179000000.0,,,-29000000.0,,,596000000.0,,,,,,512000000.0,,-1000000.0,-578000000.0,,,-291000000.0,-273000000.0,
2024-06-30,9675000000.0,5788000000.0,,,,,2293000000.0,,1870000000.0,451000000.0,,2.43,2.42,584600000.0,585800000.0,36000000.0,,,671000000.0,,,270000000.0,2475000000.0,,33415000000.0,5112000000.0,1297000000.0,299000000.0,44535000000.0,1271000000.0,387000000.0,119000000.0,3979000000.0,,,,552000000.0,,1126000000.0,-108000000.0,16709000000.0,44535000000.0,516000000.0,,385000000.0,-384000000.0,-6000000.0,,,-258000000.0,,,2026000000.0,,,,,357000000.0,991000000.0,,-81000000.0,-1334000000.0,,,-994000000.0,-302000000.0,
2024-09-30,14698000000.0,8815000000.0,,,,,3421000000.0,,2782000000.0,670000000.0,,3.61,3.6,584800000.0,586700000.0,579000000.0,,,616000000.0,,,258000000.0,2876000000.0,,33613000000.0,5148000000.0,1283000000.0,320000000.0,51050000000.0,1247000000.0,350000000.0,112000000.0,3557000000.0,,,,572000000.0,,1237000000.0,-68000000.0,16887000000.0,51050000000.0,790000000.0,,570000000.0,-461000000.0,-28000000.0,,,-245000000.0,,,3277000000.0,,,,,408000000.0,1459000000.0,,-82000000.0,-1832000000.0,,,4681000000.0,6126000000.0,
,,,,,,,,,,,,,,,,,,,,,,,,,,,,,,,,,,,,,,,,,,,,,,,,,,,,,,,,,,,,,,,,,,,
