Date,Net sales,Cost of sales,Gross margin,Research and development,"Selling, general and administrative",Total operating expenses,Operating income,"Other income/(expense), net",Income before provision for income taxes,Provision for income taxes,Net income,Earnings per share basic,Earnings per share diluted,Weighted-average basic,Weighted-average diluted,Cash and cash equivalents,Short-term marketable securities,"Accounts receivable, net",Inventories,Deferred tax assets,Vendor non-trade receivables,Other current assets,Total current assets,Long-term marketable securities,"Property, Plant and Equipment, Net",Goodwill,"Acquired intangible assets, net","Other Assets, Noncurrent",Total assets,accounts payable,Accrued expenses,Deferred revenue,Total current liabilities,Deferred revenue - non-current,deferred tax liabilities,long term taxes payable,Total other non-current liabilities,Total liabilities,Retained Earnings (Accumulated Deficit),Accumulated other comprehensive (loss)/income,Total shareholders equity,Total liabilities and shareholders' equity,"Depreciation, amortization and accretion",Stock-based compensation expense,Deferred income tax expense,"Increase (Decrease) in Accounts receivable, net",Increase (Decrease) in Inventories,Increase (Decrease) in Other Receivables,Increase (Decrease) in Other Operating Assets,Increase (Decrease) in Accounts Payable,Increase (Decrease) in Deferred Revenue,Increase (Decrease) Other liabilities,Cash generated by operating activities,Purchases of marketable securities,Proceeds from maturities of marketable securities,Proceeds from sales of marketable securities,Purchases of other long-term investments,"Business acquisitions, net of cash acquired",Cash payments for capital asset purchases,Payments for acquisition of intangible assets,Payments for (Proceeds from) Other Investing Activities,Cash used in investing activities,Proceeds from issuance of common stock,Excess tax benefits from stock-based compensation,Cash generated/used in financing activities,Increase/(decrease) in cash and cash equivalents,"Cash paid for income taxes, net"
2009-12-31,11720700000.0,,,,,10345800000.0,1374900000.0,,1274200000.0,433600000.0,793000000.0,2.54,2.53,,,1587000000.0,,5574100000.0,,,,1012000000.0,8788500000.0,,677300000.0,7641200000.0,220800000.0,253500000.0,17920700000.0,7143900000.0,1685500000.0,,10082500000.0,,488100000.0,,462000000.0,,6465400000.0,-8000000.0,4194800000.0,17920700000.0,,78600000.0,,,,,,,,,1731600000.0,,,,,,-130600000.0,,,-226000000.0,,0.0,-1128000000.0,489700000.0,
2010-03-31,2920000000.0,,,,,2629000000.0,291000000.0,,266900000.0,90700000.0,163400000.0,0.53,0.52,,,900400000.0,,5184300000.0,,,,1084400000.0,7851000000.0,,647500000.0,7541100000.0,242000000.0,234600000.0,16829500000.0,6406400000.0,1631500000.0,,9235100000.0,,536500000.0,,462000000.0,,6567300000.0,-153500000.0,3921800000.0,16829500000.0,,19100000.0,,,,,,,,,-277900000.0,,,,,,-25200000.0,,,-43700000.0,,,-329200000.0,-686600000.0,
2010-06-30,5961200000.0,,,,,5254800000.0,706400000.0,,658600000.0,223900000.0,406700000.0,1.32,1.3,304300000.0,308700000.0,533700000.0,,5140600000.0,,,,1060000000.0,7454800000.0,,628500000.0,7470900000.0,230100000.0,231000000.0,16329200000.0,6351500000.0,1374400000.0,,9219600000.0,,559400000.0,,439000000.0,,6749800000.0,-278900000.0,3767300000.0,16329200000.0,,35000000.0,,-168800000.0,,,,,,,-170600000.0,,,,,,63100000.0,,,-140500000.0,,15000000.0,-671100000.0,-1053300000.0,
2010-09-30,8955700000.0,,,,,7935100000.0,1020600000.0,,942900000.0,320800000.0,581200000.0,1.9,1.88,302700000.0,306900000.0,1689300000.0,,5516900000.0,,,,1166500000.0,9132300000.0,,637400000.0,7726600000.0,256300000.0,238100000.0,18282700000.0,6592600000.0,1594100000.0,,9784200000.0,,560300000.0,,433700000.0,,6863900000.0,-58300000.0,4117200000.0,18282700000.0,,51900000.0,,-143400000.0,,,,,,,43500000.0,,,,,,98100000.0,,,-209200000.0,,16400000.0,257300000.0,102300000.0,
2011-03-31,3151300000.0,,,,,2829200000.0,322100000.0,,290000000.0,73900000.0,201900000.0,0.7,0.69,283600000.0,289200000.0,1512200000.0,,5470800000.0,,,,1374200000.0,9165900000.0,,661600000.0,8393400000.0,448600000.0,294900000.0,19168500000.0,6918000000.0,2017800000.0,,10396900000.0,,800400000.0,,657200000.0,,7183000000.0,14700000.0,3524600000.0,19168500000.0,,16400000.0,,-729600000.0,,,,,,,-176900000.0,,,,,,39100000.0,,,-239400000.0,,4300000.0,-390000000.0,-776500000.0,
2011-06-30,6638800000.0,,,,,5828500000.0,810300000.0,,750400000.0,231900000.0,477000000.0,1.68,1.65,281200000.0,286100000.0,986300000.0,,5981000000.0,,,,1267700000.0,9034400000.0,,663400000.0,8502400000.0,442700000.0,304200000.0,19156700000.0,7155600000.0,1760900000.0,,10354800000.0,,824400000.0,,594200000.0,,7388400000.0,73900000.0,3554300000.0,19156700000.0,,32900000.0,,-299500000.0,,,,,,,-262600000.0,,,,,,81100000.0,,,-342000000.0,,20500000.0,-754100000.0,-1302400000.0,
2011-12-31,13872500000.0,,,,,12201400000.0,1671100000.0,,1549000000.0,505800000.0,952600000.0,3.38,3.33,279000000.0,283300000.0,1781200000.0,,6632000000.0,,-698500000.0,,1344200000.0,10421500000.0,,682900000.0,8456300000.0,468400000.0,292100000.0,20505400000.0,8060000000.0,2138500000.0,,11671000000.0,,867600000.0,,602000000.0,,7724100000.0,-191700000.0,3504300000.0,20505400000.0,,74500000.0,93300000.0,471400000.0,,,,,,,1315300000.0,,,,,,185500000.0,,,-574600000.0,,30400000.0,-1205700000.0,-507500000.0,
2012-03-31,3307300000.0,,,,,2944800000.0,362500000.0,,333300000.0,109300000.0,204600000.0,0.73,0.72,273300000.0,277500000.0,1502700000.0,,5932400000.0,,,,1470900000.0,9620500000.0,,687400000.0,8574500000.0,462800000.0,292400000.0,19823500000.0,7230400000.0,2149200000.0,,10867200000.0,,896400000.0,,598600000.0,,7844700000.0,-96200000.0,3579000000.0,19823500000.0,,26300000.0,,-796500000.0,,,,,,,-500000.0,,,,,,45600000.0,,,-57200000.0,,11400000.0,-252300000.0,-278500000.0,
2012-06-30,6868200000.0,,,,,5999300000.0,868900000.0,,804900000.0,271200000.0,487300000.0,1.76,1.74,271200000.0,273900000.0,1665300000.0,,6041500000.0,,,,1437300000.0,9857500000.0,,698200000.0,8599600000.0,445100000.0,320300000.0,20106500000.0,7461100000.0,1825100000.0,,10689800000.0,,919600000.0,,627200000.0,,8045800000.0,-216200000.0,3269900000.0,20106500000.0,,44400000.0,,-570600000.0,,,,,,,157300000.0,,,,,,112800000.0,,,-209100000.0,,57500000.0,-55300000.0,-115900000.0,
2012-09-30,10274800000.0,,,,,9018600000.0,1256200000.0,,1151900000.0,389900000.0,691200000.0,2.51,2.49,269600000.0,271500000.0,1956300000.0,,6260200000.0,,,,1463900000.0,10397100000.0,,700000000.0,8728600000.0,446800000.0,333000000.0,20798000000.0,7430200000.0,1940500000.0,,10702200000.0,,948400000.0,,653400000.0,,8168100000.0,-120700000.0,3358600000.0,20798000000.0,,63100000.0,,-438100000.0,,,,,,,300100000.0,,,,,,158700000.0,,,-267600000.0,,79800000.0,109400000.0,175100000.0,
2012-12-31,14219400000.0,,,,,12415200000.0,1804200000.0,,1659600000.0,527100000.0,998300000.0,3.64,3.61,268300000.0,270000000.0,2678300000.0,,6958200000.0,,-772800000.0,,995900000.0,11661400000.0,,723800000.0,8844200000.0,456100000.0,311200000.0,22151900000.0,8296700000.0,2076400000.0,,11875800000.0,,933000000.0,,739900000.0,,8394400000.0,-129500000.0,3460800000.0,22151900000.0,,80800000.0,25400000.0,218700000.0,,,,,,,1451300000.0,,,,,,226300000.0,,,-350400000.0,,85300000.0,-220100000.0,897100000.0,
2013-03-31,3398900000.0,,,,,3027200000.0,371700000.0,,330800000.0,109200000.0,205100000.0,0.76,0.76,261000000.0,263200000.0,2071800000.0,,6313200000.0,,,,1008800000.0,10601200000.0,,708000000.0,8713900000.0,434900000.0,295900000.0,20908300000.0,7294700000.0,2154500000.0,,10943300000.0,,944000000.0,,725100000.0,,8492900000.0,-300400000.0,3173100000.0,20908300000.0,,22100000.0,,-544300000.0,,,,,,,-209700000.0,,,,,,38200000.0,,,-36400000.0,,12800000.0,-284300000.0,-606500000.0,
2013-06-30,7035900000.0,,,,,6141100000.0,894800000.0,,813100000.0,272700000.0,494700000.0,1.86,1.85,259400000.0,260700000.0,1399900000.0,,6637000000.0,,,,978500000.0,10288200000.0,,687100000.0,8707700000.0,407400000.0,287200000.0,20525000000.0,7797700000.0,2014200000.0,,11227100000.0,,864900000.0,,689500000.0,,8676500000.0,-397400000.0,3055700000.0,20525000000.0,,44700000.0,,-134400000.0,,,,,,,66500000.0,,,,,,69000000.0,,,-77300000.0,,28800000.0,-1113900000.0,-1278400000.0,
2013-09-30,10526400000.0,,,,,9252200000.0,1274200000.0,,1149600000.0,388900000.0,690700000.0,2.6,2.58,259000000.0,260400000.0,1521500000.0,,6577800000.0,,,,1024900000.0,10465400000.0,,701600000.0,8869000000.0,398100000.0,284500000.0,20870800000.0,7533100000.0,2168400000.0,,11235400000.0,,879300000.0,,718000000.0,,8766700000.0,-220600000.0,3340300000.0,20870800000.0,,64900000.0,,-294000000.0,,,,,,,359900000.0,,,,,,123300000.0,,,-132500000.0,,34200000.0,-1284300000.0,-1156800000.0,
2013-12-31,14584500000.0,,,,,12759200000.0,1825300000.0,,1660900000.0,565200000.0,991100000.0,3.73,3.71,258900000.0,260400000.0,2710500000.0,,6632600000.0,,-731700000.0,,1003000000.0,11652300000.0,,737400000.0,8916000000.0,386000000.0,275200000.0,22098700000.0,8358900000.0,2377000000.0,,12277700000.0,,832600000.0,,685100000.0,,8961200000.0,-191600000.0,3582400000.0,22098700000.0,,86300000.0,-48200000.0,-244800000.0,,,,,,,1809000000.0,,,,,,212000000.0,,,-228200000.0,,37800000.0,-1419800000.0,32200000.0,
2014-03-31,3502200000.0,,,,,3119500000.0,382700000.0,,343700000.0,116300000.0,205500000.0,0.78,0.77,259100000.0,261400000.0,2082100000.0,,6006600000.0,,,,992300000.0,10576600000.0,,732000000.0,8986700000.0,384700000.0,274400000.0,21087900000.0,7403400000.0,2408800000.0,,11448300000.0,,740800000.0,,713000000.0,,9060800000.0,-169700000.0,3718500000.0,21087900000.0,,21600000.0,,-627400000.0,,,,,,,-430300000.0,,,,,,42500000.0,,,-42500000.0,,8800000.0,-156900000.0,-628400000.0,
2014-06-30,7373000000.0,,,,,6441900000.0,931100000.0,,858400000.0,276500000.0,530700000.0,2.02,2.0,257700000.0,259800000.0,1534700000.0,,6499200000.0,,,,1039800000.0,10546500000.0,,737200000.0,9092400000.0,402100000.0,285300000.0,21219400000.0,8015400000.0,2186300000.0,,11811100000.0,,745100000.0,,733700000.0,,9257100000.0,-96500000.0,3456300000.0,21219400000.0,,43900000.0,,-175000000.0,,,,,,,-187500000.0,,,,,,91500000.0,,,-132200000.0,,15000000.0,-892400000.0,-1175800000.0,
2014-09-30,11122700000.0,,,,,9758000000.0,1364700000.0,,1260600000.0,410900000.0,774500000.0,2.97,2.95,255600000.0,257300000.0,837700000.0,,6135700000.0,,,,1053200000.0,9567200000.0,,713600000.0,8875200000.0,387000000.0,272000000.0,19968600000.0,7448600000.0,2188800000.0,,11075300000.0,,732800000.0,,680000000.0,,9373600000.0,-420100000.0,3038300000.0,19968600000.0,,69500000.0,,-333400000.0,,,,,,,33100000.0,,,,,,138300000.0,,,-197100000.0,,20200000.0,-1597500000.0,-1872800000.0,
2014-12-31,15317800000.0,,,,,13373700000.0,1944100000.0,,1810000000.0,593100000.0,1104000000.0,4.27,4.24,253900000.0,255300000.0,2388100000.0,,6524700000.0,,-543900000.0,,1108900000.0,11190500000.0,,708000000.0,8822200000.0,389400000.0,301400000.0,21559700000.0,8165000000.0,2406500000.0,,12061100000.0,,654700000.0,,774300000.0,,9576900000.0,-618200000.0,2850000000.0,21559700000.0,,93500000.0,-145900000.0,227100000.0,,,,,,,1476500000.0,,,,,,213000000.0,,,-266900000.0,,29600000.0,-1258100000.0,-322400000.0,
2015-03-31,3469200000.0,,,,,3091500000.0,377700000.0,,343500000.0,112700000.0,209100000.0,0.84,0.83,246400000.0,247400000.0,1526700000.0,,5840100000.0,,,,1122100000.0,9904900000.0,,681500000.0,8639800000.0,367200000.0,335400000.0,20071000000.0,7850200000.0,1781300000.0,,11021200000.0,,643300000.0,,802600000.0,,9661700000.0,-936700000.0,2389500000.0,20071000000.0,,24600000.0,,-467300000.0,,,,,,,-238000000.0,,,,,,38200000.0,,,-64900000.0,,10900000.0,-418500000.0,-861400000.0,
2015-06-30,7274500000.0,,,,,6358200000.0,916300000.0,,847500000.0,278000000.0,523000000.0,2.1,2.09,245500000.0,246600000.0,1356000000.0,,6501600000.0,,,,1125400000.0,10500400000.0,,706600000.0,8766000000.0,358800000.0,307500000.0,20775500000.0,8622300000.0,1511100000.0,,12548800000.0,,651700000.0,,763100000.0,,9852200000.0,-759200000.0,2646800000.0,20775500000.0,,49300000.0,,127200000.0,,,,,,,-52000000.0,,,,,,106700000.0,,-9300000.0,-122400000.0,,14300000.0,-765900000.0,-1032100000.0,
2015-09-30,10981100000.0,,,,,9636500000.0,1344600000.0,,1239900000.0,406900000.0,762300000.0,3.08,3.06,244700000.0,245800000.0,1427500000.0,,6313900000.0,,,,1053600000.0,10252800000.0,,691300000.0,8682700000.0,338900000.0,355100000.0,20457300000.0,8336500000.0,1615000000.0,,12386900000.0,,613500000.0,,772600000.0,,9968800000.0,-981600000.0,2478000000.0,20457300000.0,,75400000.0,,67400000.0,,,,,,,440800000.0,,,,,,145600000.0,,-13100000.0,-168700000.0,,22800000.0,-1022000000.0,-960600000.0,
2015-12-31,15134400000.0,,,,,13214300000.0,1920100000.0,,1778600000.0,583600000.0,1093900000.0,4.43,4.41,244200000.0,245200000.0,2605200000.0,,7220900000.0,,463000000.0,,1017200000.0,11980500000.0,,692700000.0,8676400000.0,344800000.0,279700000.0,22110700000.0,9812000000.0,1798400000.0,,14219600000.0,,469100000.0,,800500000.0,,10178200000.0,-1015400000.0,2452400000.0,22110700000.0,,99400000.0,-113100000.0,1063600000.0,,,,,,,2172300000.0,,,,,,202700000.0,,500000.0,-263500000.0,,27200000.0,-1429100000.0,217100000.0,
2016-03-31,3499100000.0,,,,108100000.0,3107000000.0,392100000.0,,352000000.0,115500000.0,218400000.0,0.9,0.9,240000000.0,241100000.0,1747300000.0,,6321400000.0,,,,1112500000.0,10545400000.0,,690100000.0,9044200000.0,401000000.0,249100000.0,21067700000.0,8405800000.0,1968200000.0,,12939400000.0,,489000000.0,,915800000.0,,10275900000.0,-949300000.0,2375500000.0,21067700000.0,,23000000.0,,-1019000000.0,,,,,,,-461200000.0,,,,,,41400000.0,,-11700000.0,-116300000.0,,7200000.0,-358200000.0,-857900000.0,
2016-06-30,7384000000.0,,,,219000000.0,6430100000.0,953900000.0,,869000000.0,283400000.0,544500000.0,2.26,2.25,238900000.0,240100000.0,1305700000.0,,6422600000.0,,,,989800000.0,10314200000.0,,683400000.0,9068400000.0,457400000.0,274300000.0,20935200000.0,8507000000.0,1703400000.0,,11540800000.0,,553000000.0,,822300000.0,,10470700000.0,-1061500000.0,2281900000.0,20935200000.0,,46300000.0,,-891300000.0,,,,,,,-391100000.0,,,,,,77900000.0,,,-560200000.0,,13400000.0,-397300000.0,-1299500000.0,
2016-09-30,11175100000.0,,,,323100000.0,9768100000.0,1407000000.0,,1280000000.0,417700000.0,798300000.0,3.33,3.31,238400000.0,239600000.0,1936600000.0,,6488900000.0,,,,1018800000.0,10831900000.0,,678900000.0,9046100000.0,443400000.0,264400000.0,21401900000.0,8817100000.0,1774600000.0,,11960600000.0,,539000000.0,,849400000.0,,10593300000.0,-1089700000.0,2323900000.0,21401900000.0,,69800000.0,,-818100000.0,,,,,,,316600000.0,,,,,,100500000.0,,,-385400000.0,,19100000.0,-657500000.0,-668600000.0,
2016-12-31,15416900000.0,,,,443900000.0,13408000000.0,2008900000.0,,1841800000.0,600500000.0,1148600000.0,4.8,4.78,237900000.0,239200000.0,3002200000.0,,7510800000.0,,472200000.0,,1063000000.0,12722000000.0,,674800000.0,8976100000.0,427400000.0,244700000.0,23165400000.0,10476700000.0,1969200000.0,,14010900000.0,,480500000.0,,892300000.0,,5677200000.0,-1356000000.0,2162000000.0,23165400000.0,,93400000.0,-126000000.0,376500000.0,,,,,,,1931200000.0,,,,,,165500000.0,,7300000.0,-481600000.0,,21200000.0,-977100000.0,397000000.0,
2017-03-31,3587400000.0,,,,108600000.0,3177500000.0,409900000.0,,370300000.0,108000000.0,241800000.0,1.03,1.02,234600000.0,236500000.0,2442200000.0,,6796800000.0,,,,1096500000.0,11728800000.0,,678200000.0,9075200000.0,414100000.0,223300000.0,22237300000.0,9453500000.0,2019600000.0,,13070100000.0,,458300000.0,,936800000.0,,5758200000.0,-1253100000.0,2134600000.0,22237300000.0,,19300000.0,,-779500000.0,,,,,,,-195300000.0,,,,,,32100000.0,,,-45200000.0,,,-386600000.0,-560000000.0,
2017-06-30,7377600000.0,,,,229100000.0,6402100000.0,975500000.0,,890600000.0,274700000.0,570400000.0,2.44,2.42,233300000.0,235200000.0,1834000000.0,,7142800000.0,,,,1086300000.0,11505100000.0,,687700000.0,9182000000.0,392300000.0,270000000.0,22163400000.0,9849200000.0,1629000000.0,,12863700000.0,,490300000.0,,930400000.0,,5958800000.0,-1112000000.0,2256100000.0,22163400000.0,,40000000.0,,-460300000.0,,,,,,,-331000000.0,,,,,,67900000.0,,,-62000000.0,,,-902700000.0,-1168200000.0,
2017-09-30,11097100000.0,,,,328600000.0,9657500000.0,1439600000.0,,1308400000.0,406700000.0,834000000.0,3.58,3.55,232600000.0,234400000.0,1843000000.0,,7045700000.0,,,,1062600000.0,11417400000.0,,690500000.0,9323000000.0,390400000.0,257100000.0,22207500000.0,9427800000.0,1700800000.0,,12621200000.0,,472500000.0,,954700000.0,,6095100000.0,-958200000.0,2522500000.0,22207500000.0,,60600000.0,,-645300000.0,,,,,,,-156000000.0,,,,,,108300000.0,,,-77500000.0,,,-1121900000.0,-1159200000.0,
2017-12-31,15273600000.0,,,,450000000.0,13213900000.0,2059700000.0,,1884900000.0,696200000.0,1088400000.0,4.68,4.65,232300000.0,233900000.0,3796000000.0,,8083800000.0,,286000000.0,,1125200000.0,14116000000.0,,690900000.0,9337500000.0,368400000.0,298100000.0,24931200000.0,11574600000.0,1925800000.0,,15108900000.0,,,,1091200000.0,,6210600000.0,-963000000.0,2615100000.0,24931200000.0,,80200000.0,-79300000.0,341600000.0,,,,,,,2023900000.0,,,,,,156000000.0,,,-115400000.0,,,-1342600000.0,793800000.0,
2018-03-31,3629600000.0,,,,105400000.0,3207900000.0,421700000.0,,374800000.0,90900000.0,264100000.0,1.15,1.14,230200000.0,231500000.0,2568100000.0,,7198800000.0,,,,1191700000.0,12338500000.0,,691700000.0,9635400000.0,424700000.0,300400000.0,23513100000.0,10159200000.0,1857000000.0,1214300000.0,13598800000.0,,,,1182800000.0,,6360100000.0,-875100000.0,2626400000.0,23513100000.0,,17500000.0,,-973200000.0,,,,,,,-620800000.0,,,,,,36200000.0,,,-207500000.0,,,-426900000.0,-1227900000.0,
2018-06-30,7489200000.0,6125600000.0,,,222900000.0,6485300000.0,1003900000.0,,904600000.0,227700000.0,628300000.0,2.75,2.73,228500000.0,229800000.0,1913300000.0,,6760500000.0,,,,1197400000.0,11230100000.0,,697200000.0,9442600000.0,377700000.0,301600000.0,22169500000.0,9568100000.0,1618500000.0,1147100000.0,12617900000.0,,,,1196400000.0,,6587700000.0,-1167300000.0,2321400000.0,22169500000.0,,35100000.0,,-1173600000.0,,,,,,,-572900000.0,,,,,,89800000.0,,,-293100000.0,,,-902400000.0,-1882700000.0,
2018-09-30,11203500000.0,9158200000.0,,,336300000.0,9697200000.0,1506300000.0,,1350200000.0,343000000.0,927200000.0,4.08,4.06,227200000.0,228500000.0,2099100000.0,,6811000000.0,,,,1299300000.0,11575300000.0,,673100000.0,9420300000.0,387700000.0,312300000.0,22487600000.0,9568200000.0,1775600000.0,1142500000.0,13280100000.0,,,,1276400000.0,,6751700000.0,-1186200000.0,2381700000.0,22487600000.0,,53900000.0,,-1027500000.0,,,,,,,-238600000.0,,,,,,116200000.0,,,-132000000.0,,,-1176600000.0,-1696900000.0,
2018-12-31,15290200000.0,12437300000.0,,,455400000.0,13156700000.0,2133500000.0,,1924300000.0,492700000.0,1326400000.0,5.85,5.83,226600000.0,227600000.0,3652400000.0,,7666100000.0,,305200000.0,,1241400000.0,13726900000.0,,694400000.0,9384300000.0,382800000.0,307700000.0,24617000000.0,11464300000.0,1958600000.0,1159000000.0,15270200000.0,,,,1197800000.0,,7016100000.0,-1228500000.0,2547100000.0,24617000000.0,,70500000.0,-121800000.0,-88300000.0,,,,,,,1722300000.0,,,,,,195700000.0,,,-221800000.0,,,-1441100000.0,-143600000.0,
2019-03-31,3468900000.0,2876800000.0,,,103600000.0,3040000000.0,428900000.0,,382900000.0,102700000.0,263200000.0,1.18,1.17,223200000.0,224200000.0,3449700000.0,,7036700000.0,,,,1266000000.0,13072200000.0,,686400000.0,9378800000.0,367900000.0,288700000.0,25211200000.0,10342900000.0,2186400000.0,1104100000.0,14913100000.0,,,,1027100000.0,,7157000000.0,-1218000000.0,2413300000.0,25211200000.0,,16800000.0,,-626800000.0,,,,,,,-395600000.0,,,,,,27200000.0,,,37000000.0,,,132300000.0,-202700000.0,
2019-06-30,7188700000.0,5857500000.0,,,211200000.0,6186100000.0,1002600000.0,,906400000.0,233200000.0,633900000.0,2.86,2.85,221400000.0,222500000.0,2898100000.0,,7244900000.0,,,,1290900000.0,12802800000.0,,679800000.0,9364700000.0,353500000.0,294300000.0,25042100000.0,10445900000.0,1896700000.0,1094100000.0,15068100000.0,,,,975100000.0,,7384700000.0,-1234900000.0,2410200000.0,25042100000.0,,34300000.0,,-419200000.0,,,,,,,-492900000.0,,,,,,48800000.0,,,24700000.0,,,-296700000.0,-754300000.0,
2019-09-30,10812500000.0,8852900000.0,,,308400000.0,9336600000.0,1475900000.0,,1330400000.0,345500000.0,924100000.0,4.19,4.17,220300000.0,221500000.0,2440400000.0,,6547900000.0,,,,1179500000.0,11600900000.0,,665400000.0,9291400000.0,334500000.0,268100000.0,23653500000.0,9439600000.0,1958400000.0,1059200000.0,13259800000.0,,,,975500000.0,,7533100000.0,-1348800000.0,2464100000.0,23653500000.0,,53600000.0,,-1005100000.0,,,,,,,-231900000.0,,,,,,77000000.0,,,-5000000.0,,,-932800000.0,-1212000000.0,
2019-12-31,14953700000.0,12194000000.0,,,405900000.0,12831400000.0,2122300000.0,,1938300000.0,504400000.0,1339100000.0,6.09,6.06,219800000.0,220900000.0,4305700000.0,,7829000000.0,,333600000.0,,1188800000.0,14584700000.0,,663400000.0,9440500000.0,338200000.0,251500000.0,26783400000.0,11768400000.0,2131900000.0,1215300000.0,15980900000.0,,,,1006800000.0,,7806300000.0,-1197600000.0,2853900000.0,26783400000.0,,72500000.0,-16600000.0,156600000.0,,,,,,,1856000000.0,,,,,,102200000.0,,,-30900000.0,,,-1222000000.0,653300000.0,
2020-03-31,3406900000.0,2842900000.0,,,86800000.0,2986700000.0,420200000.0,,374400000.0,97400000.0,258100000.0,1.19,1.19,216600000.0,217500000.0,2692500000.0,,6690500000.0,,,,1152300000.0,11850100000.0,,632500000.0,9198600000.0,315800000.0,231100000.0,23675900000.0,9387200000.0,2114800000.0,1075700000.0,12857000000.0,,,,966700000.0,,7924500000.0,-1528300000.0,2447600000.0,23675900000.0,,18700000.0,,-876600000.0,,,,,,,-987200000.0,,,,,,26400000.0,,,-24300000.0,,,-391200000.0,-1613200000.0,
2020-06-30,6207600000.0,5441900000.0,,,168900000.0,5724900000.0,482700000.0,,389700000.0,119300000.0,234000000.0,1.08,1.08,215800000.0,216500000.0,3281000000.0,,5290800000.0,,,,1162700000.0,10893100000.0,,599200000.0,9255100000.0,297600000.0,244800000.0,22641100000.0,7919500000.0,2103900000.0,1070000000.0,11330900000.0,,,,950500000.0,,7759300000.0,-1456600000.0,2413000000.0,22641100000.0,,34900000.0,,-2349800000.0,,,,,,,-862200000.0,,,,,,33600000.0,,,-29900000.0,,,-5700000.0,-1024700000.0,
2020-09-30,9414100000.0,8002000000.0,,,259200000.0,8430000000.0,984100000.0,,842600000.0,240200000.0,547300000.0,2.54,2.53,215600000.0,216200000.0,3278300000.0,,6298300000.0,,,,1111400000.0,11862400000.0,,588100000.0,9438400000.0,306200000.0,250000000.0,23779500000.0,8572700000.0,2251900000.0,1129500000.0,12163800000.0,,,,948600000.0,,7932600000.0,-1380600000.0,2638800000.0,23779500000.0,,52500000.0,,-1435600000.0,,,,,,,-661400000.0,,,,,,50000000.0,,,-109100000.0,,,-187500000.0,-1027400000.0,
2020-12-31,13171100000.0,10989200000.0,,,360500000.0,11572300000.0,1598800000.0,,1409300000.0,381700000.0,945400000.0,4.38,4.37,215600000.0,216200000.0,5600500000.0,,7813400000.0,,337000000.0,,1075000000.0,15590100000.0,,585200000.0,9609700000.0,298500000.0,255000000.0,27647200000.0,11513000000.0,2402400000.0,1361300000.0,15525100000.0,,,,970700000.0,,8190600000.0,-1213800000.0,3084400000.0,27647200000.0,,70800000.0,-19100000.0,-141200000.0,,,,,,,1724600000.0,,,,,,75400000.0,,,-136100000.0,,,-408400000.0,1294800000.0,
2021-03-31,3426900000.0,2836600000.0,,,71600000.0,2961500000.0,465400000.0,,417900000.0,111900000.0,287800000.0,1.33,1.33,215600000.0,216800000.0,4897300000.0,,6633200000.0,,,,1062900000.0,13732100000.0,,564200000.0,9541500000.0,280800000.0,239500000.0,25614300000.0,9465800000.0,2445900000.0,1278000000.0,13471900000.0,,,,989400000.0,,8327500000.0,-1246200000.0,3211200000.0,25614300000.0,,20800000.0,,-1095500000.0,,,,,,,-460900000.0,,,,,,12400000.0,,,-10800000.0,,,-175700000.0,-703200000.0,
2021-06-30,6998600000.0,5683100000.0,,,174900000.0,5964800000.0,1033800000.0,,912800000.0,235200000.0,636000000.0,2.95,2.93,215500000.0,217100000.0,4388100000.0,,7246300000.0,,,,906000000.0,13658000000.0,,549600000.0,9723200000.0,277900000.0,224300000.0,25654400000.0,9988500000.0,2279400000.0,1287200000.0,13701600000.0,,,,1029300000.0,,8523700000.0,-1187500000.0,3348800000.0,25654400000.0,,39100000.0,,-382600000.0,,,,,,,-295700000.0,,,,,,22900000.0,,,68100000.0,,,-961200000.0,-1212400000.0,
2021-09-30,10433600000.0,8430400000.0,,,269900000.0,8858200000.0,1575400000.0,,1410700000.0,355100000.0,991600000.0,4.61,4.58,215000000.0,216400000.0,4431200000.0,,7186200000.0,,,,896000000.0,13763000000.0,,542800000.0,9601500000.0,278100000.0,217500000.0,25580800000.0,9953800000.0,2320500000.0,1325800000.0,13825200000.0,,,,992800000.0,,8730000000.0,-1307900000.0,3279000000.0,25580800000.0,,57800000.0,,-343600000.0,,,,,,,238600000.0,,,,,,42600000.0,,,48100000.0,,,-1338400000.0,-1169300000.0,
2021-12-31,14289400000.0,11499700000.0,,,379700000.0,12091500000.0,2197900000.0,,1988800000.0,488700000.0,1407800000.0,6.57,6.53,214300000.0,215600000.0,5316800000.0,,8472500000.0,,318400000.0,,919200000.0,15909500000.0,,,9738600000.0,298000000.0,204400000.0,28421800000.0,11897200000.0,2411600000.0,1644500000.0,16226200000.0,,,,961500000.0,,8998800000.0,-1252300000.0,3270200000.0,28421800000.0,,84700000.0,24300000.0,989100000.0,,,,,,,1945400000.0,,,,,,665800000.0,,,-709200000.0,,,-1391000000.0,-283700000.0,
2022-03-31,3410300000.0,2905400000.0,,,96700000.0,3057300000.0,353000000.0,,310200000.0,115500000.0,173800000.0,0.83,0.83,208300000.0,209800000.0,,,7071600000.0,,,,990900000.0,13397500000.0,,,9951900000.0,333000000.0,210800000.0,26145700000.0,9899600000.0,2472900000.0,1463800000.0,14177200000.0,,,,960000000.0,,9027300000.0,-1222600000.0,2999700000.0,26145700000.0,,20000000.0,,-1142200000.0,,,,,,,-544500000.0,,,,,,23200000.0,,-700000.0,-361800000.0,,,-476300000.0,-1391300000.0,
2022-06-30,6977500000.0,5764400000.0,,,207600000.0,6082900000.0,894600000.0,,811700000.0,248600000.0,522200000.0,2.53,2.51,206800000.0,208300000.0,,,7043700000.0,,,,891800000.0,12496400000.0,,,9701800000.0,331500000.0,213600000.0,24905500000.0,9553400000.0,2114600000.0,1372800000.0,13213700000.0,,,,933200000.0,,9230700000.0,-1488700000.0,2833200000.0,24905500000.0,,40100000.0,,-950500000.0,,,,,,,-739900000.0,,,,,,42500000.0,,86500000.0,-392800000.0,,,-781800000.0,-2111700000.0,
2022-09-30,10420900000.0,8521500000.0,,,294000000.0,8980300000.0,1440600000.0,,1328600000.0,383300000.0,886700000.0,4.3,4.27,206200000.0,207600000.0,,,6532300000.0,,,,841800000.0,12030100000.0,,,9499700000.0,318800000.0,202500000.0,24132200000.0,9027800000.0,2091100000.0,1358800000.0,12705400000.0,,,,913800000.0,,9452000000.0,-1734500000.0,2746700000.0,24132200000.0,,61300000.0,,-1235400000.0,,,,,,,-250600000.0,,,,,,65600000.0,,64400000.0,-406900000.0,,,-1089600000.0,-2118300000.0,
2022-12-31,14289100000.0,11607900000.0,,,378500000.0,12205800000.0,2083300000.0,,1945400000.0,546800000.0,1316500000.0,6.4,6.36,205600000.0,207000000.0,,,8097100000.0,,286500000.0,,918800000.0,14613000000.0,,,9734300000.0,313400000.0,210500000.0,27002500000.0,11000200000.0,2243400000.0,1492300000.0,15052800000.0,,,,837500000.0,,9739300000.0,-1437900000.0,3252100000.0,27002500000.0,,81700000.0,22300000.0,129100000.0,,,,,,,926500000.0,,,,,,78200000.0,,25900000.0,-380900000.0,,,-1362000000.0,-1035000000.0,
2023-03-31,3443300000.0,2953700000.0,,,89200000.0,3096800000.0,346500000.0,,327200000.0,83400000.0,227500000.0,1.13,1.11,202200000.0,204500000.0,,,7062200000.0,,,,975200000.0,12895200000.0,,,9792600000.0,300300000.0,221900000.0,25237600000.0,9585200000.0,2247600000.0,1279600000.0,13465100000.0,,,,839900000.0,,9825500000.0,-1384500000.0,3116600000.0,25237600000.0,,20700000.0,,-1065000000.0,,,,,,,-522100000.0,,,,,,23100000.0,,14500000.0,-37600000.0,,,-479000000.0,-1020300000.0,
2023-06-30,7053200000.0,5862700000.0,,,188300000.0,6156000000.0,897200000.0,,850500000.0,224600000.0,593800000.0,2.96,2.92,200600000.0,203100000.0,,,7460100000.0,,,,904300000.0,12812400000.0,,,9703400000.0,289000000.0,239600000.0,25067600000.0,9948800000.0,1996900000.0,1159700000.0,13301200000.0,,,,806900000.0,,10051400000.0,-1354200000.0,3153500000.0,25067600000.0,,41100000.0,,-584600000.0,,,,,,,-784600000.0,,,,,,40000000.0,,-178700000.0,132600000.0,,,-897000000.0,-1547700000.0,
2023-09-30,10631300000.0,8737800000.0,,,278100000.0,9173300000.0,1458000000.0,,1373000000.0,360700000.0,965700000.0,4.84,4.78,199700000.0,202000000.0,,,7285800000.0,,,,891800000.0,12564700000.0,,,9889400000.0,384900000.0,202800000.0,25010800000.0,9601100000.0,1985800000.0,1192900000.0,13019000000.0,,,,906800000.0,,10284600000.0,-1458500000.0,3228800000.0,25010800000.0,,63600000.0,,-713100000.0,,,,,,,-379100000.0,,,,,,64200000.0,,-192600000.0,108600000.0,,,-1173700000.0,-1512200000.0,
2023-12-31,14692200000.0,11982700000.0,,,393700000.0,12587500000.0,2104700000.0,,1992900000.0,524900000.0,1391400000.0,6.98,6.91,199400000.0,201400000.0,,,8659800000.0,,307500000.0,,949900000.0,15384200000.0,,,10082300000.0,366900000.0,223500000.0,28044600000.0,11634000000.0,2142800000.0,1356200000.0,16246000000.0,,,,887700000.0,,10571500000.0,-1337600000.0,3616300000.0,28044600000.0,,84800000.0,5100000.0,513900000.0,,,,,,,1421900000.0,,,,,,78400000.0,,-190000000.0,79100000.0,,,-1387800000.0,150200000.0,
2024-03-31,3630500000.0,3006700000.0,,,85300000.0,3151600000.0,478900000.0,,452100000.0,116000000.0,318600000.0,1.61,1.59,197900000.0,200100000.0,,,7905800000.0,,,,1076100000.0,13866300000.0,,,10693800000.0,533000000.0,236400000.0,27275600000.0,10337700000.0,2235400000.0,1238200000.0,14953800000.0,,,,916200000.0,,10751300000.0,-1415900000.0,3569500000.0,27275600000.0,,22100000.0,,-884200000.0,,,,,,,-618500000.0,,,,,,23100000.0,,13700000.0,-838300000.0,,,283400000.0,-1259200000.0,
2024-06-30,7484300000.0,6178800000.0,,,196300000.0,6495100000.0,989200000.0,,920700000.0,239700000.0,646700000.0,3.28,3.24,196900000.0,199300000.0,,,8432500000.0,,,,1028200000.0,13972400000.0,,,10646500000.0,522700000.0,243900000.0,27324200000.0,10647800000.0,2040800000.0,1262100000.0,14957100000.0,,,,881000000.0,,10941000000.0,-1445500000.0,3635800000.0,27324200000.0,,44700000.0,,-340200000.0,,,,,,,-760200000.0,,,,,,62300000.0,,13700000.0,-866300000.0,,,14900000.0,-1720300000.0,
2024-09-30,11366900000.0,9300400000.0,,,295800000.0,9777600000.0,1589300000.0,,1480400000.0,389900000.0,1032600000.0,5.25,5.19,196500000.0,198900000.0,,,8570000000.0,,,,1107200000.0,15109500000.0,,,10928000000.0,539400000.0,241600000.0,28796600000.0,10937500000.0,2087700000.0,1303200000.0,15365700000.0,,,,874200000.0,,11190200000.0,-1274300000.0,3951300000.0,28796600000.0,,69100000.0,,-383400000.0,,,,,,,-191500000.0,,,,,,93600000.0,,-1200000.0,-993300000.0,,,293400000.0,-898100000.0,
,,,,,,,,,,,,,,,,,,,,,,,,,,,,,,,,,,,,,,,,,,,,,,,,,,,,,,,,,,,,,,,,,,,
