Date,Net sales,Cost of sales,Gross margin,Research and development,"Selling, general and administrative",Total operating expenses,Operating income,"Other income/(expense), net",Income before provision for income taxes,Provision for income taxes,Net income,Earnings per share basic,Earnings per share diluted,Weighted-average basic,Weighted-average diluted,Cash and cash equivalents,Short-term marketable securities,"Accounts receivable, net",Inventories,Deferred tax assets,Vendor non-trade receivables,Other current assets,Total current assets,Long-term marketable securities,"Property, Plant and Equipment, Net",Goodwill,"Acquired intangible assets, net","Other Assets, Noncurrent",Total assets,accounts payable,Accrued expenses,Deferred revenue,Total current liabilities,Deferred revenue - non-current,deferred tax liabilities,long term taxes payable,Total other non-current liabilities,Total liabilities,Retained Earnings (Accumulated Deficit),Accumulated other comprehensive (loss)/income,Total shareholders equity,Total liabilities and shareholders' equity,"Depreciation, amortization and accretion",Stock-based compensation expense,Deferred income tax expense,"Increase (Decrease) in Accounts receivable, net",Increase (Decrease) in Inventories,Increase (Decrease) in Other Receivables,Increase (Decrease) in Other Operating Assets,Increase (Decrease) in Accounts Payable,Increase (Decrease) in Deferred Revenue,Increase (Decrease) Other liabilities,Cash generated by operating activities,Purchases of marketable securities,Proceeds from maturities of marketable securities,Proceeds from sales of marketable securities,Purchases of other long-term investments,"Business acquisitions, net of cash acquired",Cash payments for capital asset purchases,Payments for acquisition of intangible assets,Payments for (Proceeds from) Other Investing Activities,Cash used in investing activities,Proceeds from issuance of common stock,Excess tax benefits from stock-based compensation,Cash generated/used in financing activities,Increase/(decrease) in cash and cash equivalents,"Cash paid for income taxes, net"
2010-02-28,17315000000.0,206000000.0,,,,11553000000.0,5762000000.0,-75000000.0,,1396000000.0,,0.75,0.74,5015000000.0,5076000000.0,9331000000.0,8158000000.0,3898000000.0,315000000.0,978000000.0,,1299000000.0,23979000000.0,,2869000000.0,20415000000.0,,2255000000.0,59386000000.0,616000000.0,2574000000.0,5389000000.0,14251000000.0,,339000000.0,3275000000.0,1172000000.0,,14257000000.0,246000000.0,28476000000.0,59386000000.0,,310000000.0,-362000000.0,1614000000.0,18000000.0,,,,-136000000.0,,6170000000.0,,,,,5567000000.0,,,,-9769000000.0,,71000000.0,3835000000.0,336000000.0,
2010-05-31,26820000000.0,880000000.0,,,,17758000000.0,9062000000.0,-65000000.0,,2108000000.0,6230000000.0,1.22,1.21,5014000000.0,5073000000.0,9914000000.0,8555000000.0,5585000000.0,259000000.0,1159000000.0,,1532000000.0,27004000000.0,,2763000000.0,20425000000.0,,2065000000.0,61578000000.0,775000000.0,2976000000.0,5900000000.0,14691000000.0,,424000000.0,2695000000.0,1059000000.0,,16146000000.0,4000000.0,30798000000.0,61578000000.0,,436000000.0,-511000000.0,-362000000.0,73000000.0,,,,489000000.0,,8681000000.0,,,,,5606000000.0,,,,-10319000000.0,,110000000.0,2664000000.0,919000000.0,
2010-11-30,16084000000.0,1082000000.0,,,,11397000000.0,4687000000.0,165000000.0,,1219000000.0,,0.64,0.63,5044000000.0,5117000000.0,10420000000.0,14425000000.0,4406000000.0,236000000.0,2000000000.0,,2017000000.0,32723000000.0,,2870000000.0,20889000000.0,8526000000.0,1015000000.0,67243000000.0,762000000.0,2935000000.0,5742000000.0,13336000000.0,353000000.0,350000000.0,2791000000.0,1136000000.0,,18422000000.0,327000000.0,34412000000.0,67243000000.0,,254000000.0,76000000.0,-1343000000.0,-25000000.0,,,,546000000.0,,4761000000.0,,,,,806000000.0,,,,-6694000000.0,,86000000.0,2088000000.0,506000000.0,
2011-02-28,24847000000.0,1547000000.0,,,,17173000000.0,7674000000.0,180000000.0,,1903000000.0,,1.06,1.04,5057000000.0,5149000000.0,11864000000.0,12491000000.0,4495000000.0,276000000.0,2200000000.0,,2140000000.0,32459000000.0,,2894000000.0,21425000000.0,8324000000.0,1045000000.0,67666000000.0,673000000.0,2888000000.0,5849000000.0,11282000000.0,334000000.0,350000000.0,3078000000.0,1145000000.0,,20059000000.0,427000000.0,36617000000.0,67666000000.0,,383000000.0,174000000.0,-1377000000.0,9000000.0,,,,564000000.0,,7437000000.0,,,,,1673000000.0,,,,-5662000000.0,,139000000.0,-343000000.0,1950000000.0,
2011-05-31,35622000000.0,2057000000.0,,4519000000.0,,23589000000.0,12033000000.0,186000000.0,,2864000000.0,,1.69,1.67,5048000000.0,5128000000.0,16163000000.0,12685000000.0,6628000000.0,303000000.0,2105000000.0,,2206000000.0,39174000000.0,,2857000000.0,21553000000.0,7860000000.0,1015000000.0,73535000000.0,701000000.0,3219000000.0,6802000000.0,14192000000.0,316000000.0,59000000.0,3169000000.0,1098000000.0,,22581000000.0,542000000.0,39776000000.0,73535000000.0,,510000000.0,253000000.0,729000000.0,28000000.0,,,,231000000.0,,11214000000.0,,,,,1847000000.0,,,,-6081000000.0,,215000000.0,516000000.0,6249000000.0,
2011-08-31,8374000000.0,,,1050000000.0,,5691000000.0,2683000000.0,-20000000.0,,631000000.0,,0.36,0.36,5062000000.0,5150000000.0,13162000000.0,18498000000.0,4194000000.0,259000000.0,2300000000.0,,1831000000.0,39206000000.0,,2930000000.0,21831000000.0,7662000000.0,1078000000.0,73859000000.0,614000000.0,2964000000.0,7925000000.0,13056000000.0,311000000.0,,3281000000.0,1494000000.0,,23385000000.0,592000000.0,40892000000.0,73859000000.0,,148000000.0,-116000000.0,-2483000000.0,-57000000.0,,,,1004000000.0,,5421000000.0,,,,,343000000.0,160000000.0,,,-6323000000.0,,24000000.0,-2211000000.0,-3001000000.0,
2011-11-30,17166000000.0,,,2152000000.0,,11372000000.0,5794000000.0,41000000.0,,1399000000.0,,0.8,0.78,5052000000.0,5137000000.0,13286000000.0,17726000000.0,4434000000.0,218000000.0,2200000000.0,,1579000000.0,38482000000.0,,2900000000.0,21994000000.0,7152000000.0,1260000000.0,72910000000.0,445000000.0,2954000000.0,6091000000.0,11072000000.0,269000000.0,,3383000000.0,1410000000.0,,24383000000.0,292000000.0,41920000000.0,72910000000.0,,298000000.0,-137000000.0,-2128000000.0,-93000000.0,,,,-544000000.0,,6676000000.0,,,,,571000000.0,289000000.0,,,-5947000000.0,,53000000.0,-3231000000.0,-2877000000.0,
2012-02-29,26205000000.0,,,3297000000.0,,17094000000.0,9111000000.0,42000000.0,,2050000000.0,,1.3,1.28,5037000000.0,5118000000.0,13781000000.0,15961000000.0,4656000000.0,172000000.0,2100000000.0,,1678000000.0,37538000000.0,,2936000000.0,23819000000.0,7455000000.0,1636000000.0,74361000000.0,442000000.0,3240000000.0,6285000000.0,11632000000.0,306000000.0,,3216000000.0,1470000000.0,,25116000000.0,416000000.0,42873000000.0,74361000000.0,,474000000.0,-200000000.0,-2028000000.0,-139000000.0,,,,-536000000.0,,9686000000.0,,,,,2833000000.0,431000000.0,,,-6537000000.0,,71000000.0,-5350000000.0,-2382000000.0,
2012-05-31,37121000000.0,,,4523000000.0,,23415000000.0,13706000000.0,22000000.0,,,9981000000.0,1.99,1.96,5015000000.0,5095000000.0,14955000000.0,15721000000.0,6377000000.0,158000000.0,1396000000.0,,1935000000.0,40023000000.0,,3021000000.0,25119000000.0,7899000000.0,1670000000.0,78327000000.0,438000000.0,2963000000.0,7035000000.0,15388000000.0,296000000.0,48000000.0,3759000000.0,1569000000.0,,26087000000.0,112000000.0,43688000000.0,78327000000.0,,659000000.0,9000000.0,8000000.0,-150000000.0,,,,492000000.0,,13743000000.0,,,,,4702000000.0,648000000.0,,,-8381000000.0,,97000000.0,-6099000000.0,-1208000000.0,
2012-08-31,8181000000.0,,,1201000000.0,,5302000000.0,2879000000.0,11000000.0,,,2034000000.0,0.42,0.41,4867000000.0,4939000000.0,15667000000.0,15940000000.0,3775000000.0,148000000.0,1400000000.0,,1729000000.0,38172000000.0,,3037000000.0,25288000000.0,7376000000.0,2138000000.0,76558000000.0,388000000.0,2529000000.0,8316000000.0,13955000000.0,310000000.0,,3732000000.0,1614000000.0,,25117000000.0,311000000.0,43329000000.0,76558000000.0,,193000000.0,64000000.0,-2630000000.0,-10000000.0,,,,1243000000.0,,5671000000.0,,,,,361000000.0,139000000.0,,,-510000000.0,,62000000.0,-4520000000.0,712000000.0,
2012-11-30,17275000000.0,,,2400000000.0,,10925000000.0,6350000000.0,14000000.0,,,4615000000.0,0.96,0.94,4829000000.0,4904000000.0,15912000000.0,17783000000.0,4401000000.0,164000000.0,1600000000.0,,1976000000.0,41129000000.0,,3093000000.0,25458000000.0,6873000000.0,2322000000.0,79657000000.0,372000000.0,2675000000.0,6504000000.0,12347000000.0,311000000.0,,3906000000.0,1487000000.0,,24746000000.0,222000000.0,42983000000.0,79657000000.0,,386000000.0,-40000000.0,-2038000000.0,,,,,-599000000.0,,6466000000.0,,,,,660000000.0,351000000.0,,,-3062000000.0,,95000000.0,-2565000000.0,957000000.0,
2013-02-28,26233000000.0,,,3586000000.0,,16549000000.0,9684000000.0,-39000000.0,,,7119000000.0,1.48,1.46,4798000000.0,4873000000.0,16101000000.0,17306000000.0,4169000000.0,211000000.0,1400000000.0,,2070000000.0,40686000000.0,,3034000000.0,26102000000.0,6662000000.0,2315000000.0,79450000000.0,361000000.0,2470000000.0,6278000000.0,11916000000.0,305000000.0,,3775000000.0,1467000000.0,,24549000000.0,154000000.0,43348000000.0,79450000000.0,,566000000.0,108000000.0,-2269000000.0,48000000.0,,,,-809000000.0,,9660000000.0,,,,,1592000000.0,467000000.0,,,-3727000000.0,,220000000.0,-4874000000.0,1146000000.0,
2013-05-31,37180000000.0,,,4850000000.0,,22496000000.0,14684000000.0,11000000.0,13898000000.0,,10925000000.0,2.29,2.26,4769000000.0,4844000000.0,14613000000.0,17603000000.0,6049000000.0,240000000.0,1456000000.0,,2213000000.0,41692000000.0,,3053000000.0,27343000000.0,6640000000.0,2318000000.0,81812000000.0,419000000.0,2573000000.0,7118000000.0,12872000000.0,312000000.0,173000000.0,3899000000.0,1402000000.0,,25854000000.0,-99000000.0,44648000000.0,81812000000.0,,755000000.0,-117000000.0,-267000000.0,66000000.0,,,,148000000.0,,14224000000.0,,,,,3305000000.0,650000000.0,,,-5956000000.0,,241000000.0,-8500000000.0,-342000000.0,
2013-08-31,8372000000.0,,,1237000000.0,,5499000000.0,2873000000.0,7000000.0,2663000000.0,472000000.0,2191000000.0,0.48,0.47,4608000000.0,4674000000.0,19664000000.0,19440000000.0,3450000000.0,243000000.0,1400000000.0,,1723000000.0,45457000000.0,,3052000000.0,27965000000.0,6914000000.0,2296000000.0,86406000000.0,367000000.0,2106000000.0,8524000000.0,14526000000.0,347000000.0,,3860000000.0,1459000000.0,,24830000000.0,-344000000.0,43541000000.0,86406000000.0,,200000000.0,-101000000.0,-2707000000.0,-5000000.0,,,,1442000000.0,,6292000000.0,,,,,1314000000.0,153000000.0,,,-3501000000.0,,40000000.0,2341000000.0,5051000000.0,
2013-11-30,17647000000.0,,,2510000000.0,,11364000000.0,6283000000.0,29000000.0,5866000000.0,1122000000.0,4744000000.0,1.04,1.02,4571000000.0,4637000000.0,14894000000.0,22080000000.0,4192000000.0,234000000.0,1400000000.0,,1889000000.0,44252000000.0,,3039000000.0,28269000000.0,6521000000.0,2397000000.0,85238000000.0,408000000.0,2401000000.0,6667000000.0,13110000000.0,344000000.0,,3950000000.0,1471000000.0,,24386000000.0,-226000000.0,43563000000.0,85238000000.0,,382000000.0,-207000000.0,-1989000000.0,-13000000.0,,,,-437000000.0,,7438000000.0,,,,,1748000000.0,279000000.0,,,-6630000000.0,,71000000.0,-526000000.0,281000000.0,
2014-05-31,38275000000.0,,,5151000000.0,,23516000000.0,14759000000.0,-141000000.0,13704000000.0,2749000000.0,10955000000.0,2.42,2.38,4528000000.0,4604000000.0,17769000000.0,21050000000.0,6087000000.0,189000000.0,1364000000.0,,2129000000.0,48138000000.0,,3061000000.0,29652000000.0,6137000000.0,2519000000.0,90344000000.0,471000000.0,2785000000.0,7269000000.0,14389000000.0,404000000.0,258000000.0,4184000000.0,1657000000.0,,25965000000.0,-164000000.0,46878000000.0,90344000000.0,,805000000.0,-248000000.0,-24000000.0,-57000000.0,,,,172000000.0,,14921000000.0,,,,,3488000000.0,580000000.0,,,-7539000000.0,,250000000.0,-4068000000.0,3156000000.0,
2014-08-31,8596000000.0,,,1329000000.0,,5633000000.0,2963000000.0,16000000.0,2718000000.0,534000000.0,2184000000.0,0.49,0.48,4451000000.0,4548000000.0,24179000000.0,27437000000.0,3551000000.0,179000000.0,1400000000.0,,2015000000.0,58194000000.0,,3086000000.0,29707000000.0,5605000000.0,2218000000.0,99726000000.0,423000000.0,2099000000.0,8939000000.0,13377000000.0,464000000.0,,4148000000.0,1703000000.0,,25838000000.0,-193000000.0,47354000000.0,99726000000.0,,215000000.0,-68000000.0,-2506000000.0,-10000000.0,,,,1816000000.0,,6728000000.0,,,,,37000000.0,201000000.0,,,-6700000000.0,,51000000.0,6520000000.0,6410000000.0,
2014-11-30,18194000000.0,,,2718000000.0,,11688000000.0,6506000000.0,25000000.0,5987000000.0,1302000000.0,4685000000.0,1.06,1.04,4434000000.0,4527000000.0,16153000000.0,28580000000.0,4326000000.0,208000000.0,908000000.0,,1866000000.0,52040000000.0,,3169000000.0,33383000000.0,7167000000.0,2119000000.0,98305000000.0,490000000.0,2693000000.0,6816000000.0,11985000000.0,408000000.0,,4231000000.0,1671000000.0,,25972000000.0,-468000000.0,47543000000.0,98305000000.0,,455000000.0,-321000000.0,-1813000000.0,-14000000.0,,,,-230000000.0,,7790000000.0,,,,,5122000000.0,426000000.0,,,-12909000000.0,,74000000.0,4066000000.0,-1616000000.0,
2015-02-28,27520000000.0,,,4088000000.0,,17631000000.0,9889000000.0,65000000.0,9137000000.0,1956000000.0,7181000000.0,1.63,1.59,4419000000.0,4516000000.0,13701000000.0,30076000000.0,4178000000.0,285000000.0,954000000.0,,2123000000.0,51294000000.0,,3335000000.0,34328000000.0,6842000000.0,2343000000.0,98816000000.0,626000000.0,2842000000.0,6443000000.0,13792000000.0,435000000.0,,4297000000.0,1937000000.0,,26165000000.0,-764000000.0,48095000000.0,98816000000.0,,689000000.0,-486000000.0,-1867000000.0,78000000.0,,,,-296000000.0,,10053000000.0,,,,,6232000000.0,794000000.0,,,-15323000000.0,,167000000.0,2182000000.0,-4068000000.0,
2015-05-31,38226000000.0,,,5524000000.0,,24355000000.0,13871000000.0,106000000.0,12834000000.0,2896000000.0,9938000000.0,2.26,2.21,4404000000.0,4503000000.0,21716000000.0,32652000000.0,5618000000.0,314000000.0,993000000.0,,2220000000.0,63183000000.0,,3686000000.0,34087000000.0,6406000000.0,2746000000.0,110903000000.0,806000000.0,2870000000.0,7245000000.0,15291000000.0,393000000.0,380000000.0,4386000000.0,2169000000.0,,26503000000.0,-996000000.0,48663000000.0,110903000000.0,,933000000.0,-548000000.0,-208000000.0,96000000.0,,,,655000000.0,,14336000000.0,,,,,6239000000.0,1391000000.0,,,-19047000000.0,,244000000.0,9850000000.0,3947000000.0,
2015-08-31,8448000000.0,,,1390000000.0,,5794000000.0,2654000000.0,30000000.0,2310000000.0,563000000.0,1747000000.0,0.4,0.4,4317000000.0,4412000000.0,16739000000.0,39191000000.0,3475000000.0,251000000.0,1000000000.0,,1795000000.0,62122000000.0,,3896000000.0,34133000000.0,5955000000.0,2811000000.0,109706000000.0,422000000.0,2507000000.0,9078000000.0,15391000000.0,525000000.0,,4408000000.0,2319000000.0,,24964000000.0,-1139000000.0,47097000000.0,109706000000.0,,253000000.0,-30000000.0,-2150000000.0,-50000000.0,,,,2071000000.0,,5856000000.0,,,,,,446000000.0,,,-7471000000.0,,25000000.0,-3270000000.0,-4977000000.0,
2015-11-30,17441000000.0,,,2834000000.0,,11832000000.0,5609000000.0,114000000.0,4978000000.0,1033000000.0,3945000000.0,0.92,0.9,4278000000.0,4364000000.0,17411000000.0,34924000000.0,3956000000.0,238000000.0,1100000000.0,,2089000000.0,58618000000.0,,3855000000.0,34171000000.0,5599000000.0,2899000000.0,106483000000.0,415000000.0,2744000000.0,6998000000.0,13754000000.0,463000000.0,,4273000000.0,2184000000.0,,23737000000.0,-1239000000.0,45924000000.0,106483000000.0,,507000000.0,-83000000.0,-1614000000.0,-61000000.0,,,,13000000.0,,6357000000.0,,,,,147000000.0,641000000.0,,,-3338000000.0,,40000000.0,-7026000000.0,-4305000000.0,
2016-02-29,26453000000.0,,,4253000000.0,,17817000000.0,8636000000.0,179000000.0,7710000000.0,1623000000.0,6087000000.0,1.43,1.41,4246000000.0,4328000000.0,15583000000.0,35184000000.0,3844000000.0,212000000.0,1200000000.0,,2246000000.0,57069000000.0,,4011000000.0,34284000000.0,5249000000.0,2899000000.0,104894000000.0,410000000.0,2967000000.0,6912000000.0,11825000000.0,485000000.0,,4418000000.0,2209000000.0,,23390000000.0,-1046000000.0,45870000000.0,104894000000.0,,768000000.0,-143000000.0,-1746000000.0,-87000000.0,,,,24000000.0,,9831000000.0,,,,,313000000.0,1009000000.0,,,-4026000000.0,,61000000.0,-11689000000.0,-6133000000.0,
2016-05-31,37047000000.0,,,5787000000.0,,24443000000.0,12604000000.0,305000000.0,11442000000.0,2541000000.0,8901000000.0,2.11,2.07,4221000000.0,4305000000.0,20152000000.0,35973000000.0,5385000000.0,212000000.0,1131000000.0,,2591000000.0,64313000000.0,,4000000000.0,34590000000.0,4943000000.0,3043000000.0,112180000000.0,504000000.0,3333000000.0,7655000000.0,17208000000.0,536000000.0,160000000.0,4908000000.0,2169000000.0,,23888000000.0,-816000000.0,47289000000.0,112180000000.0,,1037000000.0,-105000000.0,-96000000.0,-88000000.0,,,,676000000.0,,13561000000.0,,,,,650000000.0,1189000000.0,,,-5154000000.0,,124000000.0,-9856000000.0,-1564000000.0,
2016-08-31,8595000000.0,,,1520000000.0,,5954000000.0,2641000000.0,148000000.0,2373000000.0,541000000.0,1832000000.0,0.44,0.43,4119000000.0,4221000000.0,28614000000.0,39782000000.0,3407000000.0,286000000.0,982000000.0,,,74451000000.0,,4108000000.0,35350000000.0,5091000000.0,3081000000.0,123223000000.0,551000000.0,2711000000.0,9462000000.0,15142000000.0,528000000.0,,5031000000.0,2161000000.0,,23380000000.0,-533000000.0,47435000000.0,123223000000.0,,319000000.0,145000000.0,-1993000000.0,75000000.0,,,,1761000000.0,,5875000000.0,,,,,1143000000.0,299000000.0,,,-5203000000.0,,,7712000000.0,8462000000.0,
2016-11-30,17630000000.0,,10618000000.0,3030000000.0,,11952000000.0,5678000000.0,247000000.0,5058000000.0,1194000000.0,3864000000.0,0.94,0.92,4112000000.0,4208000000.0,18592000000.0,39614000000.0,3690000000.0,327000000.0,183000000.0,,,64734000000.0,,4882000000.0,42083000000.0,,3038000000.0,123600000000.0,615000000.0,2997000000.0,7411000000.0,16347000000.0,519000000.0,,5099000000.0,2820000000.0,,24375000000.0,-1072000000.0,48462000000.0,123600000000.0,,646000000.0,103000000.0,-1680000000.0,116000000.0,,,,-208000000.0,,6961000000.0,,,,,9854000000.0,1056000000.0,,,-14920000000.0,746000000.0,,6739000000.0,-1560000000.0,
2017-02-28,26835000000.0,,16192000000.0,4551000000.0,,18199000000.0,8636000000.0,437000000.0,7756000000.0,1653000000.0,6103000000.0,1.49,1.45,4110000000.0,4207000000.0,19748000000.0,39604000000.0,3721000000.0,391000000.0,134000000.0,,,66011000000.0,,5070000000.0,42504000000.0,,3091000000.0,125382000000.0,481000000.0,2907000000.0,7388000000.0,15790000000.0,560000000.0,,5162000000.0,2938000000.0,,25576000000.0,-931000000.0,50615000000.0,125382000000.0,,1017000000.0,111000000.0,-1673000000.0,178000000.0,,,,-330000000.0,,9660000000.0,,,,,10406000000.0,1496000000.0,,,-15648000000.0,1309000000.0,,5799000000.0,-404000000.0,
2017-05-31,37728000000.0,,23017000000.0,6159000000.0,,25018000000.0,12710000000.0,605000000.0,11517000000.0,2182000000.0,9335000000.0,2.27,2.21,4115000000.0,4217000000.0,21784000000.0,44294000000.0,5300000000.0,300000000.0,683000000.0,,,74515000000.0,,5315000000.0,43045000000.0,,3294000000.0,134991000000.0,599000000.0,3583000000.0,8233000000.0,24178000000.0,602000000.0,460000000.0,5681000000.0,2774000000.0,,27598000000.0,-803000000.0,53860000000.0,134991000000.0,,1350000000.0,-486000000.0,-18000000.0,88000000.0,,,,535000000.0,,14126000000.0,,,,,11221000000.0,2021000000.0,,,-21494000000.0,2181000000.0,,9086000000.0,1632000000.0,
2017-08-31,9187000000.0,,5507000000.0,1574000000.0,,6366000000.0,2821000000.0,233000000.0,2585000000.0,375000000.0,2210000000.0,0.53,0.52,4156000000.0,4284000000.0,21321000000.0,45576000000.0,3591000000.0,312000000.0,693000000.0,,,73335000000.0,,5586000000.0,43020000000.0,,3289000000.0,133597000000.0,593000000.0,2849000000.0,10269000000.0,20226000000.0,653000000.0,,5891000000.0,2821000000.0,,28586000000.0,-716000000.0,55959000000.0,133597000000.0,,403000000.0,159000000.0,-1752000000.0,11000000.0,,,,1785000000.0,,6566000000.0,,,,,0.0,473000000.0,,,-1818000000.0,1014000000.0,,-5441000000.0,-463000000.0,
2017-11-30,18809000000.0,,11326000000.0,3049000000.0,,12919000000.0,5890000000.0,505000000.0,5451000000.0,1009000000.0,4442000000.0,1.07,1.04,4160000000.0,4283000000.0,21310000000.0,50270000000.0,3798000000.0,436000000.0,800000000.0,,,78545000000.0,,5868000000.0,42964000000.0,,3369000000.0,138762000000.0,554000000.0,2865000000.0,8076000000.0,15494000000.0,597000000.0,,6082000000.0,2716000000.0,,28296000000.0,-902000000.0,55868000000.0,138762000000.0,,822000000.0,95000000.0,-1529000000.0,135000000.0,,,,-344000000.0,,7416000000.0,,,,,,1072000000.0,,,-7528000000.0,1353000000.0,,-503000000.0,-474000000.0,
2018-02-28,28579000000.0,,17293000000.0,4547000000.0,,19280000000.0,9299000000.0,929000000.0,8751000000.0,8333000000.0,-4024000000.0,-0.98,-0.98,4146000000.0,4268000000.0,19487000000.0,50968000000.0,3902000000.0,496000000.0,1600000000.0,,,77732000000.0,,5904000000.0,42965000000.0,,3385000000.0,138201000000.0,603000000.0,3373000000.0,8003000000.0,17968000000.0,607000000.0,,13296000000.0,2441000000.0,,20037000000.0,-1296000000.0,47789000000.0,138201000000.0,,1211000000.0,-613000000.0,-1484000000.0,195000000.0,,,,-513000000.0,,10726000000.0,,,,,0.0,1358000000.0,,,-8785000000.0,2116000000.0,,-4523000000.0,-2297000000.0,
2018-05-31,39831000000.0,,24287000000.0,6091000000.0,,26152000000.0,13679000000.0,1237000000.0,12891000000.0,9066000000.0,3825000000.0,0.93,0.9,4121000000.0,4238000000.0,21620000000.0,45641000000.0,5279000000.0,398000000.0,1434000000.0,,,75964000000.0,,5897000000.0,43755000000.0,,3487000000.0,137264000000.0,529000000.0,3957000000.0,8429000000.0,19195000000.0,625000000.0,57000000.0,13422000000.0,2295000000.0,,18412000000.0,-1636000000.0,45726000000.0,137264000000.0,,1607000000.0,-611000000.0,117000000.0,,,,,174000000.0,,15386000000.0,,,,,1724000000.0,1736000000.0,,,-5625000000.0,2402000000.0,,-9982000000.0,-164000000.0,
2018-08-31,9193000000.0,,5458000000.0,1564000000.0,,6415000000.0,2778000000.0,291000000.0,2540000000.0,275000000.0,2265000000.0,0.58,0.57,3904000000.0,3999000000.0,18455000000.0,41639000000.0,3729000000.0,,1400000000.0,,,67009000000.0,,5918000000.0,43702000000.0,,4001000000.0,128358000000.0,527000000.0,3522000000.0,10349000000.0,19562000000.0,,,13513000000.0,2333000000.0,,12022000000.0,-1766000000.0,38067000000.0,128358000000.0,,436000000.0,-112000000.0,-1390000000.0,,,,,2213000000.0,,6722000000.0,,,,,50000000.0,383000000.0,,,3532000000.0,291000000.0,,-13333000000.0,-3165000000.0,
2018-11-30,18755000000.0,,,3039000000.0,,12877000000.0,5878000000.0,,,716000000.0,4598000000.0,1.21,1.18,3812000000.0,3908000000.0,10824000000.0,38567000000.0,3975000000.0,,1500000000.0,,,56938000000.0,,6003000000.0,43778000000.0,,4014000000.0,118318000000.0,587000000.0,3560000000.0,8246000000.0,20315000000.0,,,13001000000.0,2386000000.0,,5107000000.0,-1965000000.0,30572000000.0,118318000000.0,,832000000.0,-228000000.0,-1116000000.0,,,,,124000000.0,,7268000000.0,,,,,313000000.0,804000000.0,,,5452000000.0,1018000000.0,,-23356000000.0,-10796000000.0,
2019-02-28,28369000000.0,,,4464000000.0,,19091000000.0,9278000000.0,,,1059000000.0,7343000000.0,1.98,1.93,3716000000.0,3811000000.0,14720000000.0,25310000000.0,3993000000.0,,2000000000.0,,,47617000000.0,,6197000000.0,43776000000.0,,4137000000.0,109438000000.0,603000000.0,3631000000.0,8007000000.0,17986000000.0,,,13208000000.0,2334000000.0,,-1284000000.0,-1734000000.0,23714000000.0,109438000000.0,,1259000000.0,-741000000.0,-1106000000.0,,,,,-258000000.0,,10129000000.0,,10210000000.0,11328000000.0,,330000000.0,1247000000.0,,,18651000000.0,1468000000.0,,-35595000000.0,-6900000000.0,
2019-05-31,39506000000.0,,,6026000000.0,,25971000000.0,13535000000.0,,,1185000000.0,11083000000.0,3.05,2.97,3634000000.0,3732000000.0,20514000000.0,17313000000.0,5134000000.0,320000000.0,2432000000.0,,,46386000000.0,,6252000000.0,43779000000.0,,4317000000.0,108709000000.0,580000000.0,3554000000.0,8374000000.0,18630000000.0,,264000000.0,13295000000.0,2748000000.0,,-3496000000.0,-1628000000.0,21785000000.0,108709000000.0,,1653000000.0,-1191000000.0,272000000.0,,,,,306000000.0,,14551000000.0,,12681000000.0,17299000000.0,,363000000.0,1660000000.0,,,26557000000.0,2155000000.0,,-42056000000.0,-1106000000.0,
2019-08-31,9218000000.0,,,1557000000.0,,6341000000.0,2877000000.0,,,345000000.0,2137000000.0,0.64,0.63,3317000000.0,3410000000.0,31083000000.0,4621000000.0,3820000000.0,,2400000000.0,,,42384000000.0,,6264000000.0,43733000000.0,,6333000000.0,106229000000.0,486000000.0,3291000000.0,10089000000.0,18875000000.0,,,13501000000.0,4142000000.0,,-6446000000.0,-1571000000.0,18433000000.0,106229000000.0,,446000000.0,-14000000.0,-1313000000.0,,,,,1761000000.0,,6000000000.0,,879000000.0,12111000000.0,,2000000.0,386000000.0,,,12386000000.0,316000000.0,,-7802000000.0,10569000000.0,
2019-11-30,18832000000.0,,,3088000000.0,,12772000000.0,6060000000.0,,,844000000.0,4448000000.0,1.36,1.32,3281000000.0,3370000000.0,24540000000.0,2904000000.0,4050000000.0,,2600000000.0,,,34540000000.0,,6270000000.0,43810000000.0,,6580000000.0,98443000000.0,534000000.0,3660000000.0,8087000000.0,14592000000.0,,,13042000000.0,3954000000.0,,-9174000000.0,-1637000000.0,15563000000.0,98443000000.0,,843000000.0,-263000000.0,-1079000000.0,,,,,-318000000.0,,6513000000.0,,2204000000.0,12575000000.0,,111000000.0,735000000.0,,,13619000000.0,617000000.0,,-16096000000.0,4026000000.0,
2020-02-29,28629000000.0,,,4588000000.0,,19041000000.0,9588000000.0,,,1348000000.0,7019000000.0,2.16,2.1,3251000000.0,3337000000.0,23829000000.0,2029000000.0,4162000000.0,,2800000000.0,,,33442000000.0,,6248000000.0,43781000000.0,,6262000000.0,96704000000.0,533000000.0,3721000000.0,7814000000.0,15740000000.0,,,13168000000.0,3595000000.0,,-10771000000.0,-1679000000.0,14235000000.0,96704000000.0,,1204000000.0,-398000000.0,-946000000.0,,,,,-553000000.0,,9525000000.0,,3165000000.0,12575000000.0,,111000000.0,1131000000.0,,,14099000000.0,1232000000.0,,-20265000000.0,3315000000.0,
2020-05-31,39068000000.0,,,6067000000.0,,25172000000.0,13896000000.0,,,1928000000.0,10135000000.0,3.16,3.08,3211000000.0,3294000000.0,37239000000.0,5818000000.0,5551000000.0,211000000.0,3211000000.0,,,52140000000.0,,6244000000.0,43769000000.0,,6295000000.0,115438000000.0,637000000.0,4737000000.0,8002000000.0,17200000000.0,,,12463000000.0,3832000000.0,,-12696000000.0,-1716000000.0,12074000000.0,115438000000.0,,1590000000.0,-851000000.0,690000000.0,,,,,-222000000.0,,13139000000.0,,4687000000.0,12575000000.0,,124000000.0,1564000000.0,,,9843000000.0,1588000000.0,,-6132000000.0,16725000000.0,
2020-08-31,9367000000.0,,,1589000000.0,,6156000000.0,3211000000.0,,,344000000.0,2251000000.0,0.74,0.72,3041000000.0,3107000000.0,27276000000.0,15003000000.0,4576000000.0,,3100000000.0,,,49939000000.0,,6401000000.0,43867000000.0,,6782000000.0,113546000000.0,534000000.0,3952000000.0,9875000000.0,18748000000.0,,,12690000000.0,4199000000.0,,-15410000000.0,-1337000000.0,9491000000.0,113546000000.0,,428000000.0,173000000.0,-1077000000.0,,,,,1745000000.0,,5953000000.0,,1459000000.0,0.0,,0.0,436000000.0,,,-9655000000.0,567000000.0,,-6493000000.0,-9963000000.0,
2020-11-30,19167000000.0,,,3190000000.0,,12373000000.0,6794000000.0,,,874000000.0,4693000000.0,1.56,1.53,3009000000.0,3076000000.0,28001000000.0,10592000000.0,4423000000.0,,3400000000.0,,,46251000000.0,,6627000000.0,43877000000.0,,6797000000.0,110014000000.0,724000000.0,3890000000.0,8062000000.0,21347000000.0,,,12214000000.0,4306000000.0,,-17095000000.0,-1286000000.0,7917000000.0,110014000000.0,,916000000.0,-43000000.0,-1263000000.0,,,,,-158000000.0,,7341000000.0,,10776000000.0,3000000.0,,0.0,1004000000.0,,,-5803000000.0,772000000.0,,-11047000000.0,-9238000000.0,
2021-02-28,29252000000.0,,,4812000000.0,,18580000000.0,10672000000.0,,,-1745000000.0,9714000000.0,3.26,3.19,2977000000.0,3049000000.0,22321000000.0,13543000000.0,4637000000.0,,5800000000.0,,,43744000000.0,,6816000000.0,43954000000.0,,7116000000.0,118109000000.0,812000000.0,3908000000.0,8088000000.0,20250000000.0,,,12316000000.0,4473000000.0,,-16206000000.0,-1155000000.0,8900000000.0,118109000000.0,,1395000000.0,-2475000000.0,-1089000000.0,,,,,-250000000.0,,11045000000.0,,18182000000.0,853000000.0,,29000000.0,1418000000.0,,,-9187000000.0,915000000.0,,-17176000000.0,-14918000000.0,
2021-05-31,40479000000.0,,,6527000000.0,,25266000000.0,15213000000.0,,,-747000000.0,13746000000.0,4.67,4.55,2945000000.0,3022000000.0,30098000000.0,16456000000.0,5409000000.0,142000000.0,5800000000.0,,,55567000000.0,,7049000000.0,43935000000.0,,8490000000.0,131107000000.0,745000000.0,4377000000.0,8775000000.0,24164000000.0,,,12345000000.0,4787000000.0,,-20120000000.0,-1175000000.0,5238000000.0,131107000000.0,,1837000000.0,-2425000000.0,-141000000.0,,,,,405000000.0,,15887000000.0,,26024000000.0,1036000000.0,,41000000.0,2135000000.0,,,-13098000000.0,1786000000.0,,-10378000000.0,-7141000000.0,
2021-08-31,9728000000.0,,,1684000000.0,,6301000000.0,3427000000.0,,,224000000.0,2457000000.0,0.89,0.86,2769000000.0,2861000000.0,23059000000.0,16251000000.0,4482000000.0,,5700000000.0,,,47117000000.0,,7610000000.0,43862000000.0,,8763000000.0,122924000000.0,749000000.0,4093000000.0,10011000000.0,23071000000.0,,,12315000000.0,5050000000.0,,-25679000000.0,-1396000000.0,-1541000000.0,122924000000.0,,545000000.0,-15000000.0,-852000000.0,,,,,1486000000.0,,5391000000.0,,,,,50000000.0,1062000000.0,,,-781000000.0,148000000.0,,-11468000000.0,-7039000000.0,
2021-11-30,20087000000.0,,,3438000000.0,,17485000000.0,2602000000.0,,,-249000000.0,-1247000000.0,-0.46,-0.46,2731000000.0,2823000000.0,17938000000.0,4900000000.0,4462000000.0,,6500000000.0,,,31078000000.0,,8029000000.0,43842000000.0,,8802000000.0,106897000000.0,1034000000.0,3409000000.0,7937000000.0,18881000000.0,,,12122000000.0,5342000000.0,,-34076000000.0,-1616000000.0,-10101000000.0,106897000000.0,,1226000000.0,-820000000.0,-789000000.0,,,,,-531000000.0,,1709000000.0,,,,,50000000.0,1987000000.0,,,9949000000.0,305000000.0,,-23521000000.0,-12160000000.0,
2022-02-28,30600000000.0,,,5254000000.0,,24176000000.0,6424000000.0,,,521000000.0,3528000000.0,1.3,1.26,2711000000.0,2800000000.0,22682000000.0,707000000.0,4588000000.0,,6600000000.0,,,31675000000.0,,8609000000.0,43833000000.0,,9730000000.0,108644000000.0,1124000000.0,3964000000.0,7871000000.0,20833000000.0,,,12168000000.0,5227000000.0,,-33147000000.0,-1678000000.0,-8696000000.0,108644000000.0,,1900000000.0,-983000000.0,-652000000.0,,,,,-643000000.0,,5554000000.0,,,,,132000000.0,3088000000.0,,,12381000000.0,357000000.0,,-25100000000.0,-7416000000.0,
2022-05-31,42440000000.0,,,7219000000.0,,31514000000.0,10926000000.0,,,932000000.0,6717000000.0,2.49,2.41,2700000000.0,2786000000.0,21383000000.0,519000000.0,5953000000.0,314000000.0,6800000000.0,,,31633000000.0,,9716000000.0,43811000000.0,,9915000000.0,109297000000.0,1317000000.0,4144000000.0,8357000000.0,19511000000.0,,,12210000000.0,5203000000.0,,-31336000000.0,-1692000000.0,-6220000000.0,109297000000.0,,2613000000.0,-1146000000.0,874000000.0,,,,,7000000.0,,9539000000.0,,19788000000.0,6363000000.0,,148000000.0,4511000000.0,,,11220000000.0,482000000.0,,-29126000000.0,-8715000000.0,
2022-08-31,11445000000.0,,,2093000000.0,,8822000000.0,2623000000.0,,,108000000.0,1548000000.0,0.58,0.56,2685000000.0,2747000000.0,10448000000.0,772000000.0,5937000000.0,,4400000000.0,,,21004000000.0,,12280000000.0,61629000000.0,,10832000000.0,130309000000.0,1461000000.0,4830000000.0,10473000000.0,34819000000.0,,,12128000000.0,5638000000.0,,-31134000000.0,-1965000000.0,-5875000000.0,130309000000.0,,750000000.0,-344000000.0,-761000000.0,,,,,2034000000.0,,6394000000.0,,,,,27798000000.0,1719000000.0,,,-29436000000.0,515000000.0,,12310000000.0,-10935000000.0,
2022-11-30,23720000000.0,,,4251000000.0,,18026000000.0,5694000000.0,,,511000000.0,3289000000.0,1.22,1.2,2695000000.0,2747000000.0,6813000000.0,537000000.0,6197000000.0,,4900000000.0,,,17561000000.0,,14351000000.0,61513000000.0,,11360000000.0,128469000000.0,1647000000.0,5228000000.0,8705000000.0,27106000000.0,,,11128000000.0,5673000000.0,,-30617000000.0,-1777000000.0,-4246000000.0,128469000000.0,,1659000000.0,-852000000.0,-516000000.0,,,,,369000000.0,,7243000000.0,,,,,27799000000.0,4154000000.0,,,-32094000000.0,661000000.0,,10455000000.0,-14570000000.0,
2023-02-28,36118000000.0,,,6397000000.0,,27165000000.0,8953000000.0,,,833000000.0,5184000000.0,1.93,1.88,2698000000.0,2776000000.0,8219000000.0,550000000.0,6213000000.0,,5300000000.0,,,18696000000.0,,16345000000.0,61499000000.0,,12220000000.0,131620000000.0,1610000000.0,5521000000.0,8598000000.0,22880000000.0,,,11335000000.0,6107000000.0,,-29721000000.0,-1694000000.0,-2421000000.0,131620000000.0,,2583000000.0,-1253000000.0,-460000000.0,,,,,256000000.0,,11518000000.0,,,,,27721000000.0,6782000000.0,,,-34872000000.0,759000000.0,,10350000000.0,-13164000000.0,
2023-05-31,49954000000.0,,,8623000000.0,,36861000000.0,13093000000.0,,,623000000.0,8503000000.0,3.15,3.07,2696000000.0,2766000000.0,9765000000.0,422000000.0,6915000000.0,298000000.0,6500000000.0,,,21004000000.0,,17069000000.0,62261000000.0,,11987000000.0,134384000000.0,1204000000.0,6802000000.0,8970000000.0,23090000000.0,,,11077000000.0,6469000000.0,,-27620000000.0,-1522000000.0,1073000000.0,134384000000.0,,3547000000.0,-2167000000.0,151000000.0,,,,,781000000.0,,17165000000.0,,,,,27721000000.0,8695000000.0,,,-36484000000.0,1192000000.0,,7910000000.0,-11618000000.0,
2023-08-31,12453000000.0,,,2216000000.0,,9157000000.0,3296000000.0,,,-45000000.0,2420000000.0,0.89,0.86,2728000000.0,2823000000.0,11613000000.0,470000000.0,6519000000.0,,7000000000.0,,,22166000000.0,,17644000000.0,62206000000.0,,13329000000.0,136662000000.0,1034000000.0,6886000000.0,11120000000.0,25357000000.0,,,11201000000.0,7540000000.0,,-26428000000.0,-1497000000.0,2370000000.0,136662000000.0,,849000000.0,-517000000.0,-380000000.0,,,,,2317000000.0,,6974000000.0,,,,,-0.0,1314000000.0,,,-1562000000.0,308000000.0,,-3528000000.0,1848000000.0,
2023-11-30,25394000000.0,,,4442000000.0,,18476000000.0,6918000000.0,,,217000000.0,4923000000.0,1.8,1.75,2746000000.0,2820000000.0,8244000000.0,446000000.0,6804000000.0,,7500000000.0,,,19289000000.0,,18009000000.0,62231000000.0,,13659000000.0,134324000000.0,1107000000.0,6395000000.0,8878000000.0,24407000000.0,,,10046000000.0,7781000000.0,,-25431000000.0,-1427000000.0,3866000000.0,134324000000.0,,1878000000.0,-1049000000.0,-145000000.0,,,,,149000000.0,,7117000000.0,,,,,59000000.0,2394000000.0,,,-2811000000.0,426000000.0,,-5817000000.0,-1521000000.0,
2024-02-29,38674000000.0,,,6689000000.0,,28007000000.0,10667000000.0,,,636000000.0,7323000000.0,2.67,2.6,2748000000.0,2820000000.0,9481000000.0,423000000.0,7297000000.0,,8200000000.0,,,21063000000.0,,19117000000.0,62222000000.0,,14363000000.0,137082000000.0,1658000000.0,6990000000.0,8931000000.0,24885000000.0,,,10451000000.0,8611000000.0,,-24533000000.0,-1466000000.0,5623000000.0,137082000000.0,,2927000000.0,-1755000000.0,409000000.0,,,,,303000000.0,,12592000000.0,,,,,59000000.0,4068000000.0,,,-4594000000.0,454000000.0,,-8280000000.0,-284000000.0,
2024-05-31,52961000000.0,,,8915000000.0,,37608000000.0,15353000000.0,,,1274000000.0,10467000000.0,3.82,3.71,2744000000.0,2823000000.0,10454000000.0,207000000.0,7874000000.0,334000000.0,8600000000.0,,,22554000000.0,,21536000000.0,62230000000.0,,15493000000.0,140976000000.0,2357000000.0,7353000000.0,9313000000.0,31544000000.0,,,10817000000.0,9420000000.0,,-22628000000.0,-1432000000.0,8704000000.0,140976000000.0,,3974000000.0,-2139000000.0,965000000.0,,,,,656000000.0,,18673000000.0,,,,,63000000.0,6866000000.0,,,-7360000000.0,742000000.0,,-10554000000.0,689000000.0,
2024-08-31,13307000000.0,,,2306000000.0,,9316000000.0,3991000000.0,,,240000000.0,2929000000.0,1.06,1.03,2761000000.0,2851000000.0,10616000000.0,295000000.0,8021000000.0,,8800000000.0,,,23072000000.0,,23094000000.0,62249000000.0,,17310000000.0,144214000000.0,2207000000.0,7410000000.0,11455000000.0,32045000000.0,,,11038000000.0,11106000000.0,,-20939000000.0,-1328000000.0,10816000000.0,144214000000.0,,1007000000.0,-151000000.0,81000000.0,,,,,2305000000.0,,7427000000.0,,,,,,2303000000.0,,,-2765000000.0,179000000.0,,-4585000000.0,162000000.0,
2024-11-30,27366000000.0,,,4777000000.0,,19155000000.0,8211000000.0,,,480000000.0,6080000000.0,2.19,2.13,2790000000.0,2869000000.0,10941000000.0,370000000.0,8177000000.0,,9100000000.0,,,23503000000.0,,26432000000.0,62204000000.0,,18681000000.0,148483000000.0,2679000000.0,7128000000.0,9430000000.0,29052000000.0,,,9553000000.0,12316000000.0,,-19045000000.0,-1519000000.0,13746000000.0,148483000000.0,,2176000000.0,-601000000.0,451000000.0,,,,,454000000.0,,8731000000.0,,,,,0.0,6273000000.0,,,-6553000000.0,307000000.0,,-1647000000.0,487000000.0,
,,,,,,,,,,,,,,,,,,,,,,,,,,,,,,,,,,,,,,,,,,,,,,,,,,,,,,,,,,,,,,,,,,,
