Date,Net sales,Cost of sales,Gross margin,Research and development,"Selling, general and administrative",Total operating expenses,Operating income,"Other income/(expense), net",Income before provision for income taxes,Provision for income taxes,Net income,Earnings per share basic,Earnings per share diluted,Weighted-average basic,Weighted-average diluted,Cash and cash equivalents,Short-term marketable securities,"Accounts receivable, net",Inventories,Deferred tax assets,Vendor non-trade receivables,Other current assets,Total current assets,Long-term marketable securities,"Property, Plant and Equipment, Net",Goodwill,"Acquired intangible assets, net","Other Assets, Noncurrent",Total assets,accounts payable,Accrued expenses,Deferred revenue,Total current liabilities,Deferred revenue - non-current,deferred tax liabilities,long term taxes payable,Total other non-current liabilities,Total liabilities,Retained Earnings (Accumulated Deficit),Accumulated other comprehensive (loss)/income,Total shareholders equity,Total liabilities and shareholders' equity,"Depreciation, amortization and accretion",Stock-based compensation expense,Deferred income tax expense,"Increase (Decrease) in Accounts receivable, net",Increase (Decrease) in Inventories,Increase (Decrease) in Other Receivables,Increase (Decrease) in Other Operating Assets,Increase (Decrease) in Accounts Payable,Increase (Decrease) in Deferred Revenue,Increase (Decrease) Other liabilities,Cash generated by operating activities,Purchases of marketable securities,Proceeds from maturities of marketable securities,Proceeds from sales of marketable securities,Purchases of other long-term investments,"Business acquisitions, net of cash acquired",Cash payments for capital asset purchases,Payments for acquisition of intangible assets,Payments for (Proceeds from) Other Investing Activities,Cash used in investing activities,Proceeds from issuance of common stock,Excess tax benefits from stock-based compensation,Cash generated/used in financing activities,Increase/(decrease) in cash and cash equivalents,"Cash paid for income taxes, net"
2010-03-31,1280067000.0,,618347000.0,,449902000.0,,168445000.0,-9969000.0,158476000.0,61000000.0,97476000.0,0.71,0.7,137583000.0,139612000.0,29872000.0,,123539000.0,1903108000.0,74056000.0,,37331000.0,2231558000.0,,1784301000.0,743824000.0,,66974000.0,4837865000.0,794676000.0,148477000.0,,1254804000.0,,23726000.0,,162307000.0,,1747599000.0,,2800318000.0,4837865000.0,,4114000.0,18287000.0,-17424000.0,10110000.0,,,-23509000.0,,,170646000.0,,,,,,90725000.0,,1186000.0,-90257000.0,,1775000.0,-77452000.0,2937000.0,
2010-06-30,2661308000.0,,1290980000.0,,926371000.0,,349609000.0,-19688000.0,329921000.0,132850000.0,197071000.0,1.43,1.4,138230000.0,141117000.0,31611000.0,,129769000.0,1932479000.0,62588000.0,,34227000.0,2257497000.0,,1830745000.0,743780000.0,,63413000.0,4916519000.0,854659000.0,156844000.0,,1309104000.0,,26582000.0,,171148000.0,,1847194000.0,-5466000.0,2930452000.0,4916519000.0,,8438000.0,33248000.0,-25676000.0,-19261000.0,,,36298000.0,,,355743000.0,,,,,,182272000.0,,2704000.0,-180594000.0,,7763000.0,-170473000.0,4676000.0,
2010-09-30,4087195000.0,,1984395000.0,,1414855000.0,,548640000.0,-28527000.0,520113000.0,206500000.0,313613000.0,2.27,2.23,138831000.0,141706000.0,43193000.0,,125906000.0,1997718000.0,39261000.0,,32530000.0,2309596000.0,,1891560000.0,743921000.0,,59191000.0,5023419000.0,943147000.0,189633000.0,,1383262000.0,,57446000.0,,181886000.0,,1963736000.0,-4095000.0,3074271000.0,5023419000.0,,12792000.0,85823000.0,23749000.0,84500000.0,,,124909000.0,,,592563000.0,,,,,,276463000.0,,4728000.0,-274715000.0,,11755000.0,-301590000.0,16258000.0,
2011-03-31,1382738000.0,,669781000.0,,473344000.0,,196437000.0,-30263000.0,166174000.0,63700000.0,102474000.0,0.73,0.72,140579000.0,142866000.0,230048000.0,,128224000.0,2001314000.0,10018000.0,,29166000.0,2467411000.0,,1972420000.0,743895000.0,,47981000.0,5248086000.0,977627000.0,171564000.0,,1317974000.0,,63083000.0,,181538000.0,,2048214000.0,,3187850000.0,5248086000.0,,691000.0,16331000.0,9503000.0,-22175000.0,,,81907000.0,,,294113000.0,,,,,,94404000.0,,-227000.0,-92246000.0,,2148000.0,-1540000.0,200327000.0,
2011-06-30,2862056000.0,,1388442000.0,,969637000.0,,418805000.0,-35649000.0,383156000.0,146910000.0,236246000.0,1.7,1.67,138982000.0,141289000.0,268792000.0,,136184000.0,2035282000.0,16238000.0,67807000.0,29881000.0,2554184000.0,,2008594000.0,744028000.0,,45804000.0,5365902000.0,1115252000.0,180574000.0,,1458243000.0,,73701000.0,,183026000.0,,2016290000.0,,3153385000.0,5365902000.0,,1409000.0,20729000.0,19835000.0,11793000.0,,,219546000.0,,,561468000.0,,,,,,150649000.0,,-226000.0,-146780000.0,,7381000.0,-175617000.0,239071000.0,
2011-09-30,4397509000.0,,2142652000.0,,1482797000.0,,659855000.0,-41670000.0,618185000.0,233500000.0,384685000.0,2.81,2.76,136895000.0,139183000.0,276717000.0,,136520000.0,2009407000.0,20823000.0,65035000.0,28012000.0,2536514000.0,,2057875000.0,743943000.0,,46490000.0,5396783000.0,1190842000.0,159888000.0,,1506047000.0,,76919000.0,,186307000.0,,1731247000.0,,2830548000.0,5396783000.0,,2164000.0,19362000.0,22117000.0,-14082000.0,,,295151000.0,,,840149000.0,,,,,,243311000.0,,-226000.0,-237972000.0,,14705000.0,-355181000.0,246996000.0,
2011-12-31,5788816000.0,,2837349000.0,,1973381000.0,,866766000.0,-50993000.0,815773000.0,308100000.0,507673000.0,3.77,3.71,134667000.0,136983000.0,361552000.0,,135149000.0,1985748000.0,-90854000.0,68604000.0,56557000.0,2607610000.0,,2093767000.0,743907000.0,,44328000.0,5500501000.0,1279294000.0,150932000.0,,1580010000.0,,88864000.0,,189864000.0,,1733474000.0,,2844851000.0,5500501000.0,165880000.0,20579000.0,54120000.0,21219000.0,-37740000.0,,,383632000.0,,,1118991000.0,,,,,,328319000.0,,-516000.0,-319653000.0,,22985000.0,-467507000.0,331831000.0,
2012-03-31,1529392000.0,,761680000.0,,514179000.0,,247501000.0,-7709000.0,239792000.0,92300000.0,147492000.0,1.16,1.14,126970000.0,129327000.0,575196000.0,,144822000.0,2004917000.0,,68376000.0,37071000.0,2830382000.0,,2126599000.0,744031000.0,,43296000.0,5754125000.0,1469310000.0,143811000.0,,1801656000.0,,92316000.0,,191443000.0,,1742640000.0,,2871847000.0,5754125000.0,43833000.0,5224000.0,5132000.0,11360000.0,19169000.0,,,190034000.0,,,414528000.0,,,,,,75457000.0,,0.0,-73899000.0,,10784000.0,-126985000.0,213644000.0,
2012-06-30,3092241000.0,,1541541000.0,,1050437000.0,,491104000.0,-16242000.0,474862000.0,181250000.0,293612000.0,2.33,2.29,125920000.0,128261000.0,367717000.0,,151936000.0,2145339000.0,,61709000.0,37291000.0,2763992000.0,,2152785000.0,744131000.0,,41780000.0,5710092000.0,1699817000.0,157625000.0,,2012898000.0,,93713000.0,,193945000.0,,1489418000.0,,2612652000.0,5710092000.0,88230000.0,10891000.0,4375000.0,20802000.0,159591000.0,,,420554000.0,,,691458000.0,,,,,,151327000.0,,,-147156000.0,,23692000.0,-538137000.0,6165000.0,
2013-12-31,6649237000.0,,3369001000.0,,2265516000.0,,1103485000.0,-44543000.0,1058942000.0,388650000.0,670292000.0,6.14,6.03,109244000.0,111101000.0,231318000.0,,131504000.0,2375047000.0,-100935000.0,66619000.0,30713000.0,2835201000.0,,2425103000.0,756225000.0,18666000.0,37613000.0,6067208000.0,2056521000.0,181718000.0,,2423010000.0,,80713000.0,,201023000.0,,846333000.0,0.0,1966321000.0,6067208000.0,183180000.0,21722000.0,1919000.0,16937000.0,96876000.0,,,127178000.0,,,908026000.0,,,,,,395881000.0,,0.0,-388754000.0,,30811000.0,-536082000.0,-16810000.0,
2014-03-31,1727943000.0,,877716000.0,,590596000.0,,287120000.0,-12160000.0,274960000.0,101100000.0,173860000.0,1.64,1.61,106191000.0,108070000.0,511831000.0,,142703000.0,2397042000.0,,69034000.0,40663000.0,3161273000.0,,2463099000.0,756225000.0,,37011000.0,6429773000.0,2160897000.0,187428000.0,,2597850000.0,,75162000.0,,197295000.0,,999748000.0,,2163224000.0,6429773000.0,47477000.0,5096000.0,-3796000.0,13016000.0,21994000.0,,,104376000.0,,,345549000.0,,,,,,83085000.0,,,-81898000.0,,17850000.0,16862000.0,280513000.0,
2014-06-30,3575031000.0,,1828593000.0,,1204999000.0,,623594000.0,-23836000.0,599758000.0,220251000.0,379507000.0,3.58,3.52,105982000.0,107817000.0,453431000.0,,156605000.0,2462781000.0,,60615000.0,38535000.0,3171967000.0,,2528936000.0,756349000.0,,35406000.0,6507876000.0,2302282000.0,200498000.0,,2727117000.0,,66065000.0,,200751000.0,,948518000.0,,2117581000.0,6507876000.0,95004000.0,12137000.0,-12686000.0,28422000.0,87734000.0,,,245761000.0,,,655525000.0,,,,,,194929000.0,,,-192305000.0,,23849000.0,-241107000.0,222113000.0,
2014-09-30,5451903000.0,,2796794000.0,,1829432000.0,,967362000.0,-35286000.0,932076000.0,335572000.0,596504000.0,5.67,5.58,105146000.0,106945000.0,298283000.0,,152779000.0,2517927000.0,,67073000.0,34689000.0,3070751000.0,,2601112000.0,756335000.0,,32695000.0,6475176000.0,2409054000.0,201475000.0,,2845942000.0,,61789000.0,,194551000.0,,806641000.0,,1976406000.0,6475176000.0,143515000.0,17424000.0,-18108000.0,26167000.0,142880000.0,,,352533000.0,,,982954000.0,,,,,,317157000.0,,,-312083000.0,,32296000.0,-603906000.0,66965000.0,
2014-12-31,7216081000.0,,3708901000.0,,2438527000.0,,1270374000.0,-48192000.0,1222182000.0,444000000.0,778182000.0,7.46,7.34,104262000.0,106041000.0,250560000.0,,143900000.0,2554789000.0,-102422000.0,69311000.0,48418000.0,3066978000.0,,2658560000.0,756384000.0,14908000.0,45030000.0,6540301000.0,2417167000.0,189836000.0,,2830556000.0,,85164000.0,,209548000.0,,822473000.0,,2018418000.0,6540301000.0,194205000.0,23095000.0,1487000.0,19271000.0,179742000.0,,,360646000.0,,,1190430000.0,,,,,,429987000.0,,0.0,-423402000.0,,49150000.0,-747786000.0,19242000.0,
2015-03-31,1901903000.0,,986959000.0,,636586000.0,,350373000.0,-12709000.0,337664000.0,124800000.0,212864000.0,2.09,2.06,101612000.0,103257000.0,473646000.0,,162020000.0,2527982000.0,,69545000.0,40928000.0,3274121000.0,,2698848000.0,756384000.0,,43943000.0,6785710000.0,2470749000.0,200888000.0,,2952381000.0,,81330000.0,,211758000.0,,908354000.0,,2143500000.0,6785710000.0,54950000.0,5890000.0,-4441000.0,19867000.0,-26807000.0,,,53582000.0,,,406025000.0,,,,,,91140000.0,,,-89547000.0,,21188000.0,-93392000.0,223086000.0,
2015-06-30,3937421000.0,,2045750000.0,,1309609000.0,,736141000.0,-26269000.0,709872000.0,263500000.0,446372000.0,4.42,4.35,101078000.0,102684000.0,260042000.0,,175289000.0,2560975000.0,,75017000.0,37710000.0,3109033000.0,,2743816000.0,756852000.0,,43135000.0,6668147000.0,2535971000.0,229528000.0,,3006869000.0,,77279000.0,,217146000.0,,726179000.0,,1969985000.0,6668147000.0,106007000.0,11304000.0,-15326000.0,34199000.0,6186000.0,,,118804000.0,,,698453000.0,,,,,,186531000.0,,,-182942000.0,,32947000.0,-506029000.0,9482000.0,
2015-09-30,6017622000.0,,3135004000.0,,1983603000.0,,1151401000.0,-40661000.0,1110740000.0,398100000.0,712640000.0,7.09,6.98,100468000.0,102041000.0,276916000.0,,163889000.0,2606813000.0,,76861000.0,33085000.0,3157564000.0,,2805150000.0,757093000.0,,41194000.0,6775266000.0,2626126000.0,234211000.0,,3103912000.0,,72197000.0,,200076000.0,,732742000.0,,2002086000.0,6775266000.0,158065000.0,16656000.0,-22780000.0,24511000.0,52024000.0,,,208959000.0,,,1062722000.0,,,,,,296474000.0,,,-291249000.0,,50759000.0,-745117000.0,26356000.0,
2015-12-31,7966674000.0,,4162643000.0,,2648622000.0,,1514021000.0,-53655000.0,1460366000.0,529150000.0,931216000.0,9.32,9.17,99965000.0,101514000.0,116301000.0,,161078000.0,2631015000.0,,72609000.0,29023000.0,3010026000.0,,2861556000.0,757142000.0,12402000.0,34741000.0,6676684000.0,2608231000.0,232678000.0,,3046398000.0,,79772000.0,,199182000.0,,678840000.0,,1961314000.0,6676684000.0,210256000.0,21899000.0,-22650000.0,23858000.0,76226000.0,,,191064000.0,,,1281476000.0,,,,,,414020000.0,,,-407188000.0,,63078000.0,-1008547000.0,-134259000.0,
2016-03-31,2096150000.0,,1097579000.0,,678953000.0,,418626000.0,-13052000.0,405574000.0,150200000.0,255374000.0,2.63,2.59,97140000.0,98537000.0,716008000.0,,178282000.0,2701760000.0,,68486000.0,36927000.0,3701463000.0,,2913927000.0,757130000.0,,35081000.0,7419773000.0,2782609000.0,231661000.0,,3315677000.0,,76450000.0,,201928000.0,,637817000.0,,1939841000.0,7419773000.0,52778000.0,5178000.0,-3322000.0,19206000.0,70745000.0,,,174378000.0,,,488155000.0,,,,,,103974000.0,,,-102063000.0,,14762000.0,213615000.0,599707000.0,
2016-06-30,4272839000.0,,2224758000.0,,1381071000.0,,843687000.0,-29319000.0,814368000.0,301200000.0,513168000.0,5.31,5.24,96554000.0,97911000.0,398259000.0,,186192000.0,2741030000.0,,78824000.0,33828000.0,3438133000.0,,2979240000.0,757130000.0,,36137000.0,7210640000.0,2914641000.0,258295000.0,,3366675000.0,,72961000.0,,194670000.0,,379620000.0,,1690010000.0,7210640000.0,106430000.0,9853000.0,-6811000.0,28837000.0,110015000.0,,,306410000.0,,,798393000.0,,,,,,220416000.0,,,-217398000.0,,30136000.0,-299037000.0,281958000.0,
2016-09-30,6493794000.0,,3394784000.0,,2103288000.0,,1291496000.0,-45235000.0,1246261000.0,454600000.0,791661000.0,8.25,8.14,95994000.0,97309000.0,560320000.0,,190908000.0,2789892000.0,,96615000.0,32029000.0,3669764000.0,,3058684000.0,757251000.0,,36641000.0,7522340000.0,2999080000.0,253517000.0,,3465428000.0,,84211000.0,,185437000.0,,560304000.0,,1900763000.0,7522340000.0,161447000.0,14371000.0,4439000.0,35312000.0,158877000.0,,,390849000.0,,,1168018000.0,,,,,,356234000.0,,,-352698000.0,,46034000.0,-371301000.0,444019000.0,
2016-12-31,8593096000.0,,4509011000.0,,2809805000.0,,1699206000.0,-62015000.0,1637191000.0,599500000.0,1037691000.0,10.87,10.73,95447000.0,96720000.0,146598000.0,,197274000.0,2778976000.0,,82105000.0,53022000.0,3257975000.0,,3123431000.0,785399000.0,11329000.0,37384000.0,7204189000.0,2936656000.0,249901000.0,,3400649000.0,,90166000.0,,199219000.0,,289500000.0,,1627136000.0,7204189000.0,217866000.0,18859000.0,10394000.0,38548000.0,119270000.0,,,322427000.0,,,1454167000.0,,,,,,476344000.0,,58918000.0,-529096000.0,,55994000.0,-894774000.0,30297000.0,
2017-03-31,2156259000.0,,1131147000.0,,727990000.0,,403157000.0,-17933000.0,385224000.0,120290000.0,264934000.0,2.88,2.83,92001000.0,93495000.0,27539000.0,,195651000.0,2872646000.0,,71157000.0,38540000.0,3205533000.0,,3174650000.0,785568000.0,,37973000.0,7203724000.0,2987996000.0,232805000.0,,3505763000.0,,92610000.0,,205216000.0,,90267000.0,,1422596000.0,7203724000.0,57008000.0,5428000.0,2611000.0,-219000.0,93167000.0,,,51230000.0,,,376700000.0,,,,,,110632000.0,,636000.0,-111023000.0,,,-384736000.0,-119059000.0,
2017-06-30,4447088000.0,,2331209000.0,,1470607000.0,,860602000.0,-39052000.0,821550000.0,273795000.0,547755000.0,6.02,5.93,91012000.0,92347000.0,26528000.0,,203673000.0,2959315000.0,,61876000.0,38197000.0,3289589000.0,,3229398000.0,786938000.0,,39773000.0,7345698000.0,3091888000.0,242607000.0,,3566133000.0,,98048000.0,,208143000.0,,-428242000.0,,869312000.0,7345698000.0,114959000.0,10353000.0,8049000.0,10797000.0,179866000.0,,,155124000.0,,,710507000.0,,,,,,227506000.0,,1967000.0,-228721000.0,,,-601856000.0,-120070000.0,
2017-09-30,6786918000.0,,3561503000.0,,2238938000.0,,1322565000.0,-61485000.0,1261080000.0,429591000.0,831489000.0,9.28,9.15,89641000.0,90869000.0,37287000.0,,219631000.0,2987592000.0,,79491000.0,34480000.0,3358481000.0,,3292681000.0,787210000.0,,40956000.0,7479328000.0,3154250000.0,249325000.0,,3628500000.0,,131847000.0,,203986000.0,,-654484000.0,,614179000.0,7479328000.0,173500000.0,14835000.0,41848000.0,28761000.0,208338000.0,,,217486000.0,,,1087419000.0,,,,,,347756000.0,,2072000.0,-347922000.0,,,-848808000.0,-109311000.0,
2017-12-31,8977726000.0,,4720683000.0,,2995283000.0,,1725400000.0,-87596000.0,1637804000.0,504000000.0,1133804000.0,12.82,12.67,88426000.0,89502000.0,46348000.0,,216251000.0,3009800000.0,,76236000.0,49037000.0,3397672000.0,,3343806000.0,789058000.0,9392000.0,41349000.0,7571885000.0,3190029000.0,239187000.0,,3647366000.0,,,,207677000.0,,-612840000.0,,653046000.0,7571885000.0,233845000.0,19401000.0,-4760000.0,27742000.0,231802000.0,,,253265000.0,,,1403687000.0,,,,,,465940000.0,,2747000.0,-464223000.0,,,-1039714000.0,-100250000.0,
2018-03-31,2282681000.0,,1201258000.0,,778412000.0,,422846000.0,-27440000.0,395406000.0,90500000.0,304906000.0,3.65,3.61,83530000.0,84523000.0,38525000.0,,224386000.0,3052748000.0,,78232000.0,52520000.0,3446411000.0,,3389763000.0,789104000.0,,41379000.0,7666657000.0,3222785000.0,236938000.0,,3748181000.0,,89776000.0,,211806000.0,,-824361000.0,,423828000.0,7666657000.0,69920000.0,5176000.0,4370000.0,10421000.0,42643000.0,,,32756000.0,,,432277000.0,,,,,,114843000.0,,375000.0,-114466000.0,,,-325634000.0,-7823000.0,
2018-06-30,4738754000.0,2248858000.0,2489896000.0,,1587900000.0,,901996000.0,-56717000.0,845279000.0,187300000.0,657979000.0,7.96,7.89,82624000.0,83430000.0,36868000.0,,241142000.0,3091719000.0,,78950000.0,52038000.0,3500717000.0,,3434884000.0,789104000.0,,42035000.0,7766740000.0,3314671000.0,262302000.0,,3818918000.0,,94430000.0,,214864000.0,,-863657000.0,,384990000.0,7766740000.0,130792000.0,10152000.0,9024000.0,29550000.0,81614000.0,,,124642000.0,,,875233000.0,,,,,,224117000.0,,424000.0,-221605000.0,,,-663108000.0,-9480000.0,
2018-09-30,7221471000.0,3415820000.0,3805651000.0,,2418507000.0,,1387144000.0,-86214000.0,1300930000.0,276800000.0,1024130000.0,12.5,12.36,81939000.0,82841000.0,40019000.0,,242692000.0,3139621000.0,,83237000.0,54462000.0,3560031000.0,,3501933000.0,789178000.0,,43572000.0,7894714000.0,3384098000.0,272709000.0,,3905081000.0,,102640000.0,,214287000.0,,-768251000.0,,498379000.0,7894714000.0,193318000.0,15144000.0,17234000.0,32799000.0,129214000.0,,,194069000.0,,,1342019000.0,,,,,,350461000.0,,716000.0,-347824000.0,,,-1000524000.0,-6329000.0,
2018-12-31,9536428000.0,4496462000.0,5039966000.0,,3224782000.0,,1815184000.0,-121097000.0,1694087000.0,369600000.0,1324487000.0,16.27,16.1,81406000.0,82280000.0,31315000.0,,192026000.0,3193344000.0,,78155000.0,48262000.0,3543102000.0,,3587002000.0,807260000.0,8444000.0,43425000.0,7980789000.0,3376403000.0,253990000.0,,3894020000.0,,,,210414000.0,,-909186000.0,,353667000.0,7980789000.0,258937000.0,20176000.0,20160000.0,-18138000.0,163367000.0,,,177676000.0,,,1727555000.0,,,,,,504268000.0,,34818000.0,-534302000.0,,,-1208286000.0,-15033000.0,
2019-03-31,2410608000.0,1131318000.0,1279290000.0,,834504000.0,,444786000.0,-30634000.0,414152000.0,93000000.0,321152000.0,4.09,4.05,78484000.0,79297000.0,56717000.0,,250680000.0,3228901000.0,,66452000.0,46896000.0,3649646000.0,,3676710000.0,808717000.0,,40125000.0,10061562000.0,3438679000.0,261575000.0,,4326332000.0,,109480000.0,,163153000.0,,-896450000.0,,372365000.0,10061562000.0,63964000.0,5424000.0,4312000.0,60914000.0,35405000.0,,,60918000.0,,,440622000.0,,,,,,152914000.0,,295000.0,-151398000.0,,,-263822000.0,25402000.0,
2019-06-30,5000482000.0,2352905000.0,2647577000.0,,1704717000.0,,942860000.0,-63737000.0,879123000.0,204290000.0,674833000.0,8.65,8.56,78047000.0,78854000.0,55809000.0,,262227000.0,3262426000.0,,77750000.0,42361000.0,3700573000.0,,3754351000.0,808391000.0,,43529000.0,10201943000.0,3516150000.0,290931000.0,,4360392000.0,,113533000.0,,167879000.0,,-1115015000.0,,144682000.0,10201943000.0,132275000.0,11015000.0,8364000.0,74978000.0,69103000.0,,,138522000.0,,,847004000.0,,,,,,295608000.0,,-712000.0,-293348000.0,,,-529162000.0,24494000.0,
2019-09-30,7667010000.0,3596903000.0,4070107000.0,,2590884000.0,,1479223000.0,-98207000.0,1381016000.0,314890000.0,1066126000.0,13.77,13.63,77415000.0,78220000.0,42804000.0,,224033000.0,3348631000.0,,76107000.0,32914000.0,3724489000.0,,3870707000.0,808259000.0,,60338000.0,10372724000.0,3606571000.0,298380000.0,,4580854000.0,,117551000.0,,162294000.0,,-1094082000.0,,166219000.0,10372724000.0,200382000.0,16578000.0,12383000.0,38892000.0,154986000.0,,,228943000.0,,,1489676000.0,,,,,,481207000.0,,-661000.0,-493055000.0,,,-985132000.0,11489000.0,
2019-12-31,10149985000.0,4755294000.0,5394691000.0,,3473965000.0,,1920726000.0,-130397000.0,1790329000.0,399287000.0,1391042000.0,18.07,17.88,76985000.0,77788000.0,40406000.0,,214915000.0,3454092000.0,,79492000.0,44757000.0,3833662000.0,,3948203000.0,936814000.0,1789000.0,70112000.0,10717160000.0,3604722000.0,270210000.0,,4469427000.0,,,,171289000.0,,-889066000.0,4890000.0,397340000.0,10717160000.0,270875000.0,21921000.0,21158000.0,15577000.0,239912000.0,,,213423000.0,,,1708479000.0,,,,,,628057000.0,,142026000.0,-796746000.0,,,-902811000.0,9091000.0,
2020-03-31,2476487000.0,1180581000.0,1295906000.0,,872345000.0,,423561000.0,-43901000.0,379660000.0,79222000.0,300438000.0,4.0,3.97,75022000.0,75663000.0,287067000.0,,221167000.0,3556723000.0,,83446000.0,53397000.0,4201800000.0,,4008644000.0,910141000.0,,52982000.0,11108862000.0,3758199000.0,277290000.0,,4624932000.0,,,,168635000.0,,-1137392000.0,-25756000.0,108844000.0,11108862000.0,73963000.0,5875000.0,,12208000.0,106937000.0,,,156584000.0,,,459093000.0,,,,,,133284000.0,,0.0,-226642000.0,,,15300000.0,246661000.0,
2020-06-30,5568082000.0,2634996000.0,2933086000.0,,1773035000.0,,1160051000.0,-79981000.0,1080070000.0,247965000.0,832105000.0,11.15,11.06,74611000.0,75246000.0,872423000.0,,243660000.0,3528683000.0,,86513000.0,53206000.0,4784485000.0,,4038483000.0,872997000.0,,106300000.0,11728535000.0,3936400000.0,336886000.0,,5022136000.0,,,,182088000.0,,-679506000.0,-22111000.0,589100000.0,11728535000.0,151873000.0,11480000.0,,34966000.0,78086000.0,,,334503000.0,,,1559078000.0,,,,,,244471000.0,,311000.0,-335228000.0,,,-390732000.0,832017000.0,
2020-09-30,8775720000.0,4162166000.0,4613554000.0,,2728490000.0,,1885064000.0,-118588000.0,1766476000.0,407119000.0,1359357000.0,18.28,18.12,74377000.0,75026000.0,1627098000.0,,243192000.0,3527495000.0,,90341000.0,45315000.0,5533441000.0,,4072897000.0,873717000.0,,109999000.0,12503951000.0,4083805000.0,341553000.0,,5669384000.0,,,,188095000.0,,-578172000.0,-17035000.0,709225000.0,12503951000.0,231510000.0,17062000.0,,34970000.0,76239000.0,,,481431000.0,,,2349129000.0,,,,,,363425000.0,,312000.0,-447339000.0,,,-314343000.0,1586692000.0,
2020-12-31,11604493000.0,5518801000.0,6085692000.0,,3666356000.0,,2419336000.0,-152931000.0,2266405000.0,514103000.0,1752302000.0,23.74,23.53,73817000.0,74462000.0,465640000.0,,229679000.0,3653195000.0,,100615000.0,50658000.0,4499787000.0,,4094918000.0,881030000.0,56306000.0,125780000.0,11596642000.0,4184662000.0,297393000.0,,5262417000.0,,,,196160000.0,,-1139139000.0,-2155000.0,140258000.0,11596642000.0,314635000.0,22747000.0,12381000.0,20515000.0,198864000.0,,,580608000.0,,,2836603000.0,,,,,,465579000.0,,975000.0,-614895000.0,,,-1796577000.0,425234000.0,
2021-03-31,3090899000.0,1450104000.0,1640795000.0,,949690000.0,,691105000.0,-35278000.0,655827000.0,154218000.0,501609000.0,7.13,7.06,70383000.0,71015000.0,610880000.0,,265914000.0,3622201000.0,,114697000.0,73947000.0,4687639000.0,,4112897000.0,879466000.0,,129789000.0,11850887000.0,4318462000.0,355793000.0,,5903078000.0,,,,203370000.0,,-1275409000.0,-6298000.0,-6977000.0,11850887000.0,79757000.0,6292000.0,,37917000.0,-30915000.0,,,134091000.0,,,890672000.0,,,,,,94879000.0,,969000.0,-93757000.0,,,-651304000.0,145240000.0,
2021-06-30,6556500000.0,3089327000.0,3467173000.0,,1980485000.0,,1486688000.0,-69527000.0,1417161000.0,330101000.0,1087060000.0,15.53,15.39,69997000.0,70640000.0,631618000.0,,273148000.0,3647413000.0,,113174000.0,72994000.0,4738347000.0,,4164154000.0,881207000.0,,137296000.0,11949333000.0,4583570000.0,355976000.0,,5771612000.0,,,,210465000.0,,-1075769000.0,-2591000.0,217694000.0,11949333000.0,158917000.0,12575000.0,,45359000.0,-6357000.0,,,398785000.0,,,1712832000.0,,,,,,222607000.0,,1083000.0,-220892000.0,,,-1325880000.0,165978000.0,
2021-09-30,10036070000.0,4750657000.0,5285413000.0,,3044126000.0,,2241287000.0,-103597000.0,2137690000.0,491978000.0,1645712000.0,23.67,23.45,69529000.0,70174000.0,449302000.0,,282883000.0,3646988000.0,,110882000.0,72154000.0,4562209000.0,,4201685000.0,878872000.0,,135504000.0,11789385000.0,4608549000.0,385982000.0,,5989754000.0,,,,212591000.0,,-1430060000.0,-7828000.0,-140853000.0,11789385000.0,237654000.0,18544000.0,,56743000.0,-6420000.0,,,424710000.0,,,2565327000.0,,,,,,340687000.0,,1897000.0,-337736000.0,,,-2243517000.0,-16338000.0,
2021-12-31,13327563000.0,6307614000.0,7019949000.0,,4102781000.0,,2917168000.0,-135254000.0,2781914000.0,617229000.0,2164685000.0,31.39,31.1,68967000.0,69611000.0,362113000.0,,272562000.0,3686383000.0,,113112000.0,70092000.0,4504262000.0,,4213515000.0,879340000.0,49196000.0,139112000.0,11718707000.0,4695312000.0,370217000.0,,5874615000.0,,,,206568000.0,,-1365802000.0,-6799000.0,-66423000.0,11718707000.0,328217000.0,24656000.0,20383000.0,47427000.0,32634000.0,,,510911000.0,,,3207310000.0,,,,,,442853000.0,,1928000.0,-615620000.0,,,-2694858000.0,-103527000.0,
2022-03-31,3296011000.0,1587939000.0,1708072000.0,,1038542000.0,,669530000.0,-36269000.0,633261000.0,151381000.0,481880000.0,7.24,7.17,66572000.0,67190000.0,191546000.0,,305358000.0,3845881000.0,,99016000.0,81580000.0,4523381000.0,,4236627000.0,881773000.0,,142590000.0,11760389000.0,4943283000.0,393762000.0,,6170873000.0,,,,210499000.0,,-1636267000.0,-1736000.0,-328273000.0,11760389000.0,82923000.0,6533000.0,5031000.0,33678000.0,158387000.0,,,247280000.0,,,689886000.0,,,,,,103990000.0,,68000.0,-104981000.0,,,-755619000.0,-170567000.0,
2022-06-30,6966748000.0,3373958000.0,3592790000.0,,2124710000.0,,1468080000.0,-77521000.0,1390559000.0,331919000.0,1058640000.0,16.08,15.94,65840000.0,66434000.0,253904000.0,,330672000.0,4005384000.0,,123112000.0,86800000.0,4799872000.0,,4282413000.0,881299000.0,,138164000.0,12067689000.0,5258712000.0,417792000.0,,6413189000.0,,,,205137000.0,,-2391108000.0,-3611000.0,-1107430000.0,12067689000.0,168045000.0,12702000.0,28302000.0,60593000.0,318756000.0,,,563012000.0,,,1391973000.0,,,,,,228921000.0,,86000.0,-224865000.0,,,-1275489000.0,-108209000.0,
2022-09-30,10765367000.0,5237615000.0,5527752000.0,,3255478000.0,,2272274000.0,-119866000.0,2152408000.0,508330000.0,1644078000.0,25.3,25.08,64979000.0,65566000.0,67060000.0,,338122000.0,4137945000.0,,135584000.0,82045000.0,4760756000.0,,4343820000.0,881102000.0,,142769000.0,12238028000.0,5574098000.0,423999000.0,,6841479000.0,,,,203912000.0,,-2494833000.0,-3983000.0,-1205463000.0,12238028000.0,258048000.0,18913000.0,42673000.0,69965000.0,450991000.0,,,878501000.0,,,2353020000.0,,,,,,388820000.0,,448000.0,-383701000.0,,,-2264460000.0,-295053000.0,
2022-12-31,14409860000.0,7028154000.0,7381706000.0,,4427215000.0,,2954491000.0,-155836000.0,2798655000.0,626005000.0,2172650000.0,33.75,33.44,64372000.0,64962000.0,108583000.0,,343155000.0,4359126000.0,,127019000.0,110376000.0,5048259000.0,,4424041000.0,884445000.0,46219000.0,158967000.0,12627979000.0,5881157000.0,383692000.0,,7063817000.0,,,,201258000.0,,-2375860000.0,2996000.0,-1060752000.0,12627979000.0,357933000.0,26458000.0,69575000.0,75859000.0,669046000.0,,,1184858000.0,,,3148250000.0,,,,,,563342000.0,,3164000.0,-739985000.0,,,-2662536000.0,-253530000.0,
2023-03-31,3707864000.0,1817535000.0,1890329000.0,,1173684000.0,,716645000.0,-39225000.0,677420000.0,160535000.0,516885000.0,8.36,8.28,61840000.0,62398000.0,59872000.0,,346037000.0,4543980000.0,,128758000.0,109347000.0,5187994000.0,,4559056000.0,892094000.0,,167026000.0,12972816000.0,6055992000.0,427006000.0,,7356308000.0,,,,209411000.0,,-2952797000.0,21894000.0,-1625017000.0,12972816000.0,93747000.0,7435000.0,3393000.0,2610000.0,179481000.0,,,172701000.0,,,713764000.0,,,,,,223268000.0,,956000.0,-221520000.0,,,-541669000.0,-48711000.0,
2023-06-30,7776855000.0,3799944000.0,3976911000.0,,2406493000.0,,1570418000.0,-83866000.0,1486552000.0,342302000.0,1144250000.0,18.66,18.49,61324000.0,61878000.0,57880000.0,,374714000.0,4626410000.0,,138666000.0,113597000.0,5311267000.0,,4702198000.0,897128000.0,,180834000.0,13276623000.0,6219838000.0,450169000.0,,7693699000.0,,,,205661000.0,,-2994418000.0,36071000.0,-1627473000.0,13276623000.0,191673000.0,14571000.0,13507000.0,31443000.0,257337000.0,,,335299000.0,,,1651369000.0,,,,,,460942000.0,,1971000.0,-460006000.0,,,-1243149000.0,-50703000.0,
2023-09-30,11980235000.0,5842861000.0,6137374000.0,,3669734000.0,,2467640000.0,-134421000.0,2333219000.0,539142000.0,1794077000.0,29.46,29.2,60905000.0,61445000.0,82664000.0,,399654000.0,4631511000.0,,156727000.0,107156000.0,5377712000.0,,4888177000.0,895399000.0,,176666000.0,13551838000.0,6199816000.0,496149000.0,,7831082000.0,,,,199990000.0,,-3132517000.0,30289000.0,-1760469000.0,13551838000.0,296583000.0,21948000.0,35982000.0,58658000.0,263896000.0,,,315910000.0,,,2517655000.0,,,,,,753958000.0,,2126000.0,-749773000.0,,,-1794694000.0,-25919000.0,
2023-12-31,15812250000.0,7707447000.0,8104803000.0,,4918427000.0,,3186376000.0,-181626000.0,3004750000.0,658169000.0,2346581000.0,38.8,38.47,60475000.0,60998000.0,279132000.0,,375049000.0,4658367000.0,,140443000.0,105311000.0,5558302000.0,,5036980000.0,897696000.0,49770000.0,179463000.0,13872995000.0,6091700000.0,730937000.0,,7661353000.0,,,,203980000.0,,-3131532000.0,39388000.0,-1739278000.0,13872995000.0,409061000.0,27511000.0,48232000.0,35539000.0,288323000.0,,,207061000.0,,,3034084000.0,,,,,,1006264000.0,,3211000.0,-995936000.0,,,-1868738000.0,170549000.0,
2024-03-31,3976240000.0,1942068000.0,2034172000.0,,1281691000.0,,752481000.0,-52091000.0,700390000.0,153152000.0,547238000.0,9.27,9.2,59017000.0,59454000.0,89264000.0,,437821000.0,4805164000.0,,139267000.0,128181000.0,5599697000.0,,5195205000.0,1009857000.0,,180512000.0,14213054000.0,6117068000.0,791633000.0,,7888394000.0,,,,205703000.0,,-2849108000.0,46564000.0,-1391198000.0,14213054000.0,109648000.0,7022000.0,2374000.0,36954000.0,92042000.0,,,6107000.0,,,704215000.0,,,,,,249240000.0,,155366000.0,-400753000.0,,,-493578000.0,-189868000.0,
2024-06-30,8248441000.0,4046209000.0,4202232000.0,,2586453000.0,,1615779000.0,-103833000.0,1511946000.0,341860000.0,1170086000.0,19.88,19.75,58849000.0,59250000.0,145042000.0,,475596000.0,4788686000.0,,144303000.0,125861000.0,5679488000.0,,5295687000.0,1000074000.0,,177619000.0,14393182000.0,6226238000.0,950145000.0,,8123208000.0,,,,207956000.0,,-3008665000.0,8892000.0,-1583392000.0,14393182000.0,222885000.0,14229000.0,18175000.0,79475000.0,85137000.0,,,117582000.0,,,1653074000.0,,,,,,474607000.0,,155376000.0,-622455000.0,,,-1164070000.0,-134090000.0,
2024-09-30,12612878000.0,6159421000.0,6453457000.0,,3940950000.0,,2512507000.0,-152640000.0,2359867000.0,524317000.0,1835550000.0,31.34,31.14,58563000.0,58942000.0,115613000.0,,401950000.0,4913237000.0,,154300000.0,113187000.0,5698287000.0,,5436382000.0,997226000.0,,175698000.0,14577522000.0,6359619000.0,743982000.0,,8185165000.0,,,,207580000.0,,-2875955000.0,-13134000.0,-1439064000.0,14577522000.0,339324000.0,21600000.0,8536000.0,9175000.0,212491000.0,,,252454000.0,,,2425089000.0,,,,,,732916000.0,,160960000.0,-883608000.0,,,-1704093000.0,-163519000.0,
,,,,,,,,,,,,,,,,,,,,,,,,,,,,,,,,,,,,,,,,,,,,,,,,,,,,,,,,,,,,,,,,,,,
