Date,Net sales,Cost of sales,Gross margin,Research and development,"Selling, general and administrative",Total operating expenses,Operating income,"Other income/(expense), net",Income before provision for income taxes,Provision for income taxes,Net income,Earnings per share basic,Earnings per share diluted,Weighted-average basic,Weighted-average diluted,Cash and cash equivalents,Short-term marketable securities,"Accounts receivable, net",Inventories,Deferred tax assets,Vendor non-trade receivables,Other current assets,Total current assets,Long-term marketable securities,"Property, Plant and Equipment, Net",Goodwill,"Acquired intangible assets, net","Other Assets, Noncurrent",Total assets,accounts payable,Accrued expenses,Deferred revenue,Total current liabilities,Deferred revenue - non-current,deferred tax liabilities,long term taxes payable,Total other non-current liabilities,Total liabilities,Retained Earnings (Accumulated Deficit),Accumulated other comprehensive (loss)/income,Total shareholders equity,Total liabilities and shareholders' equity,"Depreciation, amortization and accretion",Stock-based compensation expense,Deferred income tax expense,"Increase (Decrease) in Accounts receivable, net",Increase (Decrease) in Inventories,Increase (Decrease) in Other Receivables,Increase (Decrease) in Other Operating Assets,Increase (Decrease) in Accounts Payable,Increase (Decrease) in Deferred Revenue,Increase (Decrease) Other liabilities,Cash generated by operating activities,Purchases of marketable securities,Proceeds from maturities of marketable securities,Proceeds from sales of marketable securities,Purchases of other long-term investments,"Business acquisitions, net of cash acquired",Cash payments for capital asset purchases,Payments for acquisition of intangible assets,Payments for (Proceeds from) Other Investing Activities,Cash used in investing activities,Proceeds from issuance of common stock,Excess tax benefits from stock-based compensation,Cash generated/used in financing activities,Increase/(decrease) in cash and cash equivalents,"Cash paid for income taxes, net"
2009-12-31,13014600000.0,,,,2488400000.0,12003200000.0,1011400000.0,,443000000.0,182800000.0,,0.34,0.33,673600000.0,682900000.0,716700000.0,,2900200000.0,1085000000.0,303400000.0,,455900000.0,5636900000.0,,2858700000.0,8667500000.0,6753700000.0,1489900000.0,26962000000.0,436400000.0,681500000.0,,4746500000.0,,631900000.0,,2669400000.0,,-30371700000.0,-395500000.0,,26962000000.0,,135600000.0,216400000.0,53800000.0,,,-54300000.0,,85300000.0,,939400000.0,,,,,26100000.0,261600000.0,,500000.0,-249200000.0,,,-393000000.0,297200000.0,
2010-03-31,3530900000.0,,,,616100000.0,3377500000.0,153400000.0,,5800000.0,21000000.0,,-0.04,-0.04,676300000.0,676300000.0,872700000.0,,3198700000.0,604800000.0,307200000.0,,,5705200000.0,,2785600000.0,8663300000.0,6713700000.0,1397900000.0,26756100000.0,335600000.0,,,4712300000.0,,610700000.0,,3486600000.0,,-30397900000.0,-323800000.0,,26756100000.0,,32600000.0,,,,,,,,,700700000.0,,,,,1600000.0,40900000.0,,100000.0,-73600000.0,,9600000.0,-471100000.0,156000000.0,
2010-06-30,6861900000.0,,,,1289200000.0,6273500000.0,588400000.0,,254400000.0,112700000.0,,0.22,0.22,679100000.0,693400000.0,838100000.0,,2895600000.0,496800000.0,307200000.0,,,5241500000.0,,2715400000.0,8660100000.0,6682000000.0,1330700000.0,26014200000.0,332700000.0,,,3907700000.0,,696500000.0,,3345700000.0,,-30247800000.0,-329500000.0,,26014200000.0,,69600000.0,,,,,,,,,1251000000.0,,,,,7900000.0,99700000.0,,100000.0,-147300000.0,,12000000.0,-982300000.0,121400000.0,
2010-09-30,10159400000.0,,,,1912700000.0,8959800000.0,1199600000.0,,763200000.0,291300000.0,,0.65,0.64,679500000.0,694300000.0,1072000000.0,,3035500000.0,552300000.0,305300000.0,,,5678700000.0,,2681800000.0,8520000000.0,6652200000.0,1471500000.0,26488600000.0,397400000.0,,,4641000000.0,,614200000.0,,3379400000.0,,-29930500000.0,-301800000.0,,26488600000.0,,106700000.0,,,,,,,,,1574000000.0,,,,,9200000.0,163100000.0,,200000.0,-199800000.0,,13400000.0,-1018900000.0,355300000.0,
2010-12-31,14059800000.0,,,,2615300000.0,12243500000.0,1816300000.0,,1221500000.0,462700000.0,,1.07,1.04,678700000.0,694500000.0,480000000.0,,3248100000.0,725400000.0,-412000000.0,,351200000.0,5334700000.0,,2694200000.0,8523500000.0,6623800000.0,1468800000.0,26142600000.0,438400000.0,613500000.0,,4025500000.0,,714600000.0,,2519600000.0,,-29647500000.0,-286000000.0,,26142600000.0,,135700000.0,275700000.0,13100000.0,,,-120300000.0,,-86500000.0,,1735100000.0,,,,,11300000.0,284300000.0,,300000.0,-367500000.0,,15800000.0,-1604300000.0,-236700000.0,
2011-03-31,3510000000.0,,,,658000000.0,3073000000.0,437000000.0,,338000000.0,122000000.0,,0.3,0.29,674000000.0,693000000.0,972000000.0,,3146000000.0,438000000.0,305000000.0,,456000000.0,5637000000.0,,2642000000.0,8622000000.0,6607000000.0,1453000000.0,26372000000.0,376000000.0,,,4195000000.0,,789000000.0,,3458000000.0,,-29446000000.0,-266000000.0,,26372000000.0,,34000000.0,,,,,,,,,894000000.0,,,,,53000000.0,41000000.0,,-4000000.0,-103000000.0,,35000000.0,-299000000.0,492000000.0,
2011-06-30,7096000000.0,,,,1341000000.0,5925000000.0,1171000000.0,,968000000.0,352000000.0,,0.89,0.87,671000000.0,689000000.0,1346000000.0,,3024000000.0,360000000.0,304000000.0,,,5695000000.0,,2595000000.0,8622000000.0,6577000000.0,1444000000.0,26229000000.0,372000000.0,,,3931000000.0,,851000000.0,,3367000000.0,,-29051000000.0,-252000000.0,,26229000000.0,,75000000.0,,,,,,,,,1594000000.0,,,,,55000000.0,95000000.0,,-8000000.0,-171000000.0,,61000000.0,-557000000.0,866000000.0,
2012-03-31,3924000000.0,,,,679000000.0,3282000000.0,642000000.0,,571000000.0,203000000.0,,0.56,0.54,650000000.0,667000000.0,794000000.0,,3332000000.0,574000000.0,324000000.0,,449000000.0,5783000000.0,,2458000000.0,8630000000.0,6555000000.0,1474000000.0,26393000000.0,339000000.0,,,4150000000.0,,993000000.0,,3330000000.0,,-27980000000.0,-420000000.0,,26393000000.0,,42000000.0,,,,,,,,,646000000.0,,,,,69000000.0,39000000.0,,-2000000.0,-140000000.0,,56000000.0,-372000000.0,134000000.0,
2013-03-31,4040000000.0,,,,650000000.0,3240000000.0,800000000.0,,705000000.0,234000000.0,,0.71,0.69,621000000.0,638000000.0,409000000.0,,3130000000.0,569000000.0,257000000.0,,427000000.0,5259000000.0,,2215000000.0,8568000000.0,6494000000.0,1752000000.0,26111000000.0,232000000.0,1391000000.0,,4440000000.0,,1239000000.0,,3132000000.0,,-26326000000.0,-566000000.0,,26111000000.0,,60000000.0,,,,,,,,,587000000.0,,,,,9000000.0,34000000.0,,0.0,-54000000.0,,85000000.0,-832000000.0,-299000000.0,
2013-06-30,7739000000.0,,,,1333000000.0,6101000000.0,1638000000.0,,1445000000.0,490000000.0,,1.49,1.45,615000000.0,631000000.0,282000000.0,,2998000000.0,449000000.0,261000000.0,,328000000.0,4770000000.0,,2228000000.0,8569000000.0,6480000000.0,1842000000.0,25693000000.0,218000000.0,1221000000.0,,3825000000.0,,1314000000.0,,3176000000.0,,-25854000000.0,-565000000.0,,25693000000.0,,109000000.0,,,,,,,,,1051000000.0,,,,,30000000.0,83000000.0,,,-230000000.0,,119000000.0,-1247000000.0,-426000000.0,
2013-12-31,15284000000.0,,,,2735000000.0,12025000000.0,3259000000.0,,2897000000.0,978000000.0,,3.09,3.01,608000000.0,624000000.0,397000000.0,,3415000000.0,772000000.0,1353000000.0,,392000000.0,5370000000.0,,2236000000.0,8562000000.0,6430000000.0,2010000000.0,26387000000.0,371000000.0,668000000.0,,4207000000.0,,1583000000.0,,2091000000.0,,-24890000000.0,-545000000.0,,26387000000.0,,229000000.0,425000000.0,739000000.0,-48000000.0,,8000000.0,,64000000.0,,1873000000.0,,,,,32000000.0,270000000.0,,,-272000000.0,,148000000.0,-1912000000.0,-311000000.0,386000000.0
2014-09-30,10125000000.0,,,,1793000000.0,7936000000.0,2189000000.0,,1561000000.0,561000000.0,2546000000.0,4.53,4.44,562000000.0,574000000.0,178000000.0,,3378000000.0,1136000000.0,155000000.0,,328000000.0,5404000000.0,,1394000000.0,6609000000.0,5848000000.0,2262000000.0,23455000000.0,196000000.0,1058000000.0,,3397000000.0,,1489000000.0,,3125000000.0,,-22344000000.0,-547000000.0,7526000000.0,23455000000.0,,117000000.0,,,,,,,,,288000000.0,,,,,27000000.0,112000000.0,,,-468000000.0,,227000000.0,-39000000.0,-219000000.0,
2014-12-31,13806000000.0,,,,2462000000.0,10910000000.0,2896000000.0,,2164000000.0,762000000.0,2959000000.0,5.38,5.27,550000000.0,561000000.0,428000000.0,,3459000000.0,922000000.0,1703000000.0,,386000000.0,5589000000.0,,1433000000.0,6698000000.0,6008000000.0,2488000000.0,24072000000.0,302000000.0,605000000.0,,4033000000.0,,1530000000.0,,2080000000.0,,-21931000000.0,-735000000.0,6970000000.0,24072000000.0,,154000000.0,692000000.0,600000000.0,213000000.0,,-34000000.0,,-47000000.0,,1275000000.0,,,,,27000000.0,206000000.0,,4000000.0,-601000000.0,,243000000.0,-643000000.0,31000000.0,259000000.0
2015-03-31,3500000000.0,,,,588000000.0,2798000000.0,702000000.0,,610000000.0,203000000.0,394000000.0,0.79,0.78,498000000.0,506000000.0,331000000.0,,3295000000.0,764000000.0,111000000.0,,504000000.0,5220000000.0,,1394000000.0,6664000000.0,6002000000.0,2622000000.0,23786000000.0,175000000.0,1127000000.0,,3092000000.0,,1601000000.0,,3372000000.0,,-21537000000.0,-729000000.0,6397000000.0,23786000000.0,,46000000.0,,,,,,,,,417000000.0,,,,,,17000000.0,,-2000000.0,2000000.0,,57000000.0,-516000000.0,-97000000.0,
2015-06-30,6719000000.0,,,,1193000000.0,5431000000.0,1288000000.0,,1113000000.0,368000000.0,726000000.0,1.47,1.45,494000000.0,500000000.0,320000000.0,,3124000000.0,1156000000.0,119000000.0,,328000000.0,5232000000.0,,1376000000.0,6663000000.0,5997000000.0,2559000000.0,23662000000.0,198000000.0,1093000000.0,,3467000000.0,,1611000000.0,,3332000000.0,,-21205000000.0,-718000000.0,5963000000.0,23662000000.0,,89000000.0,,,,,,,,,863000000.0,,,,,,46000000.0,,-3000000.0,-42000000.0,,82000000.0,-929000000.0,-108000000.0,
2015-09-30,9976000000.0,,,,1790000000.0,7935000000.0,2041000000.0,,1766000000.0,579000000.0,1152000000.0,2.36,2.33,489000000.0,495000000.0,133000000.0,,3397000000.0,1420000000.0,122000000.0,,323000000.0,5555000000.0,,1374000000.0,6663000000.0,5997000000.0,2741000000.0,24239000000.0,169000000.0,1141000000.0,,3432000000.0,,1594000000.0,,3279000000.0,,-20779000000.0,-714000000.0,5879000000.0,24239000000.0,,128000000.0,,,,,,,,,623000000.0,,,,,7000000.0,104000000.0,,8000000.0,-106000000.0,,87000000.0,-812000000.0,-295000000.0,
2015-12-31,13886000000.0,,,,2455000000.0,11469000000.0,2417000000.0,,2023000000.0,587000000.0,1413000000.0,2.92,2.89,484000000.0,489000000.0,323000000.0,,3628000000.0,1271000000.0,1642000000.0,,249000000.0,5747000000.0,,1405000000.0,6481000000.0,5514000000.0,2661000000.0,23765000000.0,192000000.0,589000000.0,,3560000000.0,,1509000000.0,,1942000000.0,,-20518000000.0,-770000000.0,5563000000.0,23765000000.0,,174000000.0,215000000.0,377000000.0,497000000.0,,-16000000.0,,66000000.0,,1394000000.0,,,,,15000000.0,193000000.0,,3000000.0,154000000.0,,88000000.0,-1653000000.0,-105000000.0,283000000.0
2016-03-31,3849000000.0,,,,617000000.0,3028000000.0,821000000.0,,725000000.0,231000000.0,473000000.0,1.03,1.02,459000000.0,464000000.0,411000000.0,,3678000000.0,822000000.0,,,434000000.0,5534000000.0,,1376000000.0,6533000000.0,5509000000.0,2526000000.0,23501000000.0,196000000.0,1192000000.0,,3384000000.0,,,,3220000000.0,,-20045000000.0,-759000000.0,5483000000.0,23501000000.0,,43000000.0,,,,,,,,,1028000000.0,,,,,50000000.0,38000000.0,,7000000.0,-98000000.0,,8000000.0,-842000000.0,88000000.0,7000000.0
2016-06-30,7136000000.0,,,,1247000000.0,5582000000.0,1554000000.0,,1362000000.0,436000000.0,896000000.0,1.97,1.95,455000000.0,459000000.0,176000000.0,,3243000000.0,1224000000.0,,,240000000.0,5096000000.0,,1356000000.0,6531000000.0,5504000000.0,2582000000.0,23138000000.0,121000000.0,1064000000.0,,3087000000.0,,,,3253000000.0,,-19622000000.0,-750000000.0,5388000000.0,23138000000.0,,88000000.0,,,,,,,,,1251000000.0,,,,,51000000.0,79000000.0,,-4000000.0,-142000000.0,,11000000.0,-1256000000.0,-147000000.0,296000000.0
2016-09-30,10532000000.0,,,,1887000000.0,8180000000.0,2352000000.0,,2065000000.0,612000000.0,1374000000.0,3.05,3.02,451000000.0,455000000.0,179000000.0,,3348000000.0,1459000000.0,,,228000000.0,5457000000.0,,1345000000.0,6531000000.0,5499000000.0,2779000000.0,23848000000.0,153000000.0,1115000000.0,,3098000000.0,,,,3240000000.0,,-19144000000.0,-739000000.0,5348000000.0,23848000000.0,,134000000.0,,,,,,,,,1306000000.0,,,,,51000000.0,125000000.0,,-11000000.0,-181000000.0,,13000000.0,-1269000000.0,-144000000.0,
2016-12-31,13166000000.0,,,,2124000000.0,10545000000.0,2621000000.0,,2230000000.0,628000000.0,1261000000.0,2.84,2.81,444000000.0,448000000.0,598000000.0,,3314000000.0,1427000000.0,1665000000.0,,204000000.0,6063000000.0,,1241000000.0,4864000000.0,2633000000.0,2707000000.0,24238000000.0,148000000.0,632000000.0,,3708000000.0,,590000000.0,,1807000000.0,,-19257000000.0,-767000000.0,3689000000.0,24238000000.0,,165000000.0,144000000.0,-36000000.0,804000000.0,,85000000.0,,-137000000.0,,1685000000.0,,,,,92000000.0,196000000.0,,-15000000.0,-340000000.0,,17000000.0,-1046000000.0,299000000.0,492000000.0
2017-03-31,3343000000.0,,,,510000000.0,2639000000.0,704000000.0,,609000000.0,138000000.0,-252000000.0,-0.61,-0.61,410000000.0,416000000.0,163000000.0,,3478000000.0,1201000000.0,,,355000000.0,5620000000.0,,1220000000.0,4889000000.0,2631000000.0,2539000000.0,23022000000.0,158000000.0,1116000000.0,,3424000000.0,,,,3080000000.0,,-19509000000.0,-753000000.0,2885000000.0,23022000000.0,,40000000.0,,,,,,,,,719000000.0,,,,,21000000.0,27000000.0,,-14000000.0,-89000000.0,,0.0,-1082000000.0,-452000000.0,
2017-06-30,6600000000.0,,,,1038000000.0,5227000000.0,1373000000.0,,1187000000.0,307000000.0,-194000000.0,-0.48,-0.47,407000000.0,413000000.0,170000000.0,,3299000000.0,1560000000.0,,,185000000.0,5686000000.0,,1214000000.0,4891000000.0,2627000000.0,2558000000.0,22653000000.0,124000000.0,1169000000.0,,3230000000.0,,,,3149000000.0,,-19451000000.0,-741000000.0,2627000000.0,22653000000.0,,85000000.0,,,,,,,,,938000000.0,,,,,21000000.0,68000000.0,,-14000000.0,-152000000.0,,0.0,-1229000000.0,-443000000.0,
2017-09-30,9771000000.0,,,,1585000000.0,7691000000.0,2080000000.0,,1793000000.0,479000000.0,592000000.0,1.48,1.46,405000000.0,410000000.0,144000000.0,,3598000000.0,1830000000.0,,,185000000.0,6294000000.0,,1208000000.0,4891000000.0,2617000000.0,2745000000.0,23894000000.0,233000000.0,1238000000.0,,4052000000.0,,,,3038000000.0,,-18859000000.0,-726000000.0,2994000000.0,23894000000.0,,129000000.0,,,,,,,,,987000000.0,,,,,258000000.0,112000000.0,,-17000000.0,-417000000.0,,0.0,-1018000000.0,-448000000.0,
2017-12-31,13692000000.0,,,,2212000000.0,11269000000.0,2423000000.0,,1979000000.0,633000000.0,357000000.0,0.89,0.88,401000000.0,407000000.0,285000000.0,,3697000000.0,1828000000.0,800000000.0,,190000000.0,6273000000.0,,1280000000.0,4891000000.0,2666000000.0,2840000000.0,20843000000.0,231000000.0,578000000.0,,3972000000.0,,,,2155000000.0,,-18900000000.0,-662000000.0,1978000000.0,20843000000.0,,179000000.0,-188000000.0,268000000.0,723000000.0,,52000000.0,,54000000.0,,887000000.0,,,,,270000000.0,185000000.0,,-21000000.0,-547000000.0,,0.0,-677000000.0,-337000000.0,391000000.0
2018-03-31,3761000000.0,,,,524000000.0,2989000000.0,772000000.0,,660000000.0,135000000.0,511000000.0,1.34,1.32,382000000.0,386000000.0,147000000.0,,3820000000.0,1593000000.0,,,415000000.0,6191000000.0,,1259000000.0,4891000000.0,2661000000.0,2337000000.0,20591000000.0,230000000.0,1670000000.0,,4069000000.0,,,,3267000000.0,,-18650000000.0,-653000000.0,1983000000.0,20591000000.0,,44000000.0,,,,,,,,,717000000.0,,,,,0.0,30000000.0,,-3000000.0,-90000000.0,,,-765000000.0,-138000000.0,
2018-06-30,7227000000.0,,,,1056000000.0,5796000000.0,1431000000.0,,1193000000.0,248000000.0,911000000.0,2.4,2.38,380000000.0,383000000.0,252000000.0,,3597000000.0,1876000000.0,,,206000000.0,6048000000.0,,1237000000.0,4921000000.0,2655000000.0,2327000000.0,20385000000.0,138000000.0,1466000000.0,,3784000000.0,,,,3227000000.0,,-18250000000.0,-646000000.0,2167000000.0,20385000000.0,,91000000.0,,,,,,,,,1043000000.0,,,,,29000000.0,62000000.0,,-2000000.0,-183000000.0,,,-893000000.0,-33000000.0,
2018-09-30,10490000000.0,,,,1605000000.0,8369000000.0,2121000000.0,,1763000000.0,312000000.0,1399000000.0,3.7,3.66,378000000.0,382000000.0,182000000.0,,3697000000.0,1828000000.0,,,196000000.0,6040000000.0,,1222000000.0,4921000000.0,2650000000.0,2367000000.0,21068000000.0,229000000.0,1536000000.0,,3993000000.0,,,,3307000000.0,,-17762000000.0,-634000000.0,2514000000.0,21068000000.0,,105000000.0,,,,,,,,,1180000000.0,,,,,29000000.0,99000000.0,,-8000000.0,-219000000.0,,,-1064000000.0,-103000000.0,
2018-12-31,14514000000.0,,,,2217000000.0,11746000000.0,2768000000.0,,2289000000.0,273000000.0,1960000000.0,5.2,5.14,377000000.0,381000000.0,322000000.0,,4041000000.0,1988000000.0,915000000.0,,225000000.0,6752000000.0,,1209000000.0,4920000000.0,2638000000.0,2424000000.0,21859000000.0,201000000.0,522000000.0,222000000.0,4573000000.0,,,,2071000000.0,,-17201000000.0,-775000000.0,2804000000.0,21859000000.0,,146000000.0,44000000.0,254000000.0,830000000.0,,-15000000.0,,-20000000.0,,1426000000.0,,,,,31000000.0,165000000.0,,5000000.0,-348000000.0,,0.0,-921000000.0,,12000000.0
2019-03-31,4167000000.0,,,,573000000.0,2939000000.0,1228000000.0,,1104000000.0,-496000000.0,1583000000.0,4.24,4.21,373000000.0,376000000.0,500000000.0,,4147000000.0,1533000000.0,,,400000000.0,6732000000.0,,1194000000.0,5062000000.0,2665000000.0,2360000000.0,24075000000.0,273000000.0,1762000000.0,,4492000000.0,,,,3095000000.0,,-15442000000.0,-934000000.0,4349000000.0,24075000000.0,,39000000.0,-629000000.0,,,,,,,,438000000.0,,,,,39000000.0,27000000.0,,-2000000.0,635000000.0,,,-894000000.0,,34000000.0
2019-06-30,7976000000.0,,,,1118000000.0,6053000000.0,1923000000.0,,1675000000.0,-377000000.0,2023000000.0,5.41,5.38,374000000.0,376000000.0,216000000.0,,3795000000.0,1945000000.0,,,222000000.0,6336000000.0,,1177000000.0,5062000000.0,2660000000.0,2624000000.0,23835000000.0,214000000.0,1521000000.0,,3843000000.0,,,,3121000000.0,,-15002000000.0,-922000000.0,4753000000.0,23835000000.0,,75000000.0,-607000000.0,,,,,,,,314000000.0,,,,,39000000.0,60000000.0,,-2000000.0,582000000.0,,,-1000000000.0,,317000000.0
2019-09-30,11271000000.0,,,,1702000000.0,8847000000.0,2424000000.0,,2050000000.0,-344000000.0,2342000000.0,6.26,6.23,374000000.0,376000000.0,196000000.0,,3685000000.0,1964000000.0,,,210000000.0,6273000000.0,,1171000000.0,5064000000.0,2655000000.0,2672000000.0,24476000000.0,308000000.0,1554000000.0,,4122000000.0,,,,3089000000.0,,-14683000000.0,-918000000.0,5052000000.0,24476000000.0,,117000000.0,-582000000.0,,,,,,,,341000000.0,,,,,39000000.0,94000000.0,,-3000000.0,553000000.0,,,-1018000000.0,-124000000.0,333000000.0
2019-12-31,27812000000.0,,,,5647000000.0,24088000000.0,4273000000.0,,3345000000.0,-9000000.0,3308000000.0,5.38,5.36,615000000.0,617000000.0,632000000.0,,7206000000.0,2876000000.0,439000000.0,,787000000.0,11902000000.0,,,16980000000.0,2993000000.0,4006000000.0,49519000000.0,667000000.0,1760000000.0,739000000.0,9048000000.0,,,,2494000000.0,,8494000000.0,-1970000000.0,13207000000.0,49519000000.0,,291000000.0,-769000000.0,256000000.0,14215000000.0,,,,,,1230000000.0,,,,,399000000.0,353000000.0,,-14000000.0,-155000000.0,,,-1216000000.0,-142000000.0,598000000.0
2020-03-31,6669000000.0,,,,1341000000.0,5752000000.0,917000000.0,,657000000.0,137000000.0,516000000.0,0.84,0.84,614000000.0,616000000.0,589000000.0,,7199000000.0,1431000000.0,,,,10406000000.0,,,16950000000.0,2968000000.0,3882000000.0,49045000000.0,673000000.0,1401000000.0,691000000.0,8531000000.0,,,,2274000000.0,,8827000000.0,-2054000000.0,13449000000.0,49045000000.0,,88000000.0,149000000.0,,,,,,,,356000000.0,,,,,0.0,51000000.0,,0.0,49000000.0,,,-479000000.0,-103000000.0,55000000.0
2020-06-30,12944000000.0,,,,2563000000.0,10741000000.0,2203000000.0,,1594000000.0,339000000.0,997000000.0,1.62,1.62,615000000.0,617000000.0,2288000000.0,,7139000000.0,1837000000.0,,,,12439000000.0,,,17077000000.0,2948000000.0,4212000000.0,51188000000.0,422000000.0,1553000000.0,695000000.0,7985000000.0,,,,2344000000.0,,9150000000.0,-1999000000.0,13874000000.0,51188000000.0,,145000000.0,224000000.0,,,,,,,,1151000000.0,,,,,141000000.0,132000000.0,,0.0,-187000000.0,,,649000000.0,1596000000.0,100000000.0
2020-09-30,19060000000.0,,,,3936000000.0,15898000000.0,3162000000.0,,2265000000.0,377000000.0,1612000000.0,2.62,2.61,616000000.0,618000000.0,3086000000.0,,6946000000.0,1869000000.0,,,,13157000000.0,,,16995000000.0,2832000000.0,4020000000.0,51425000000.0,436000000.0,1765000000.0,710000000.0,7763000000.0,,,,2226000000.0,,9704000000.0,-1910000000.0,14556000000.0,51425000000.0,,191000000.0,176000000.0,,,,,,,,2565000000.0,,,,,142000000.0,213000000.0,,0.0,-269000000.0,,,106000000.0,2396000000.0,298000000.0
2020-12-31,25285000000.0,,,,5320000000.0,21360000000.0,4139000000.0,,3147000000.0,535000000.0,2422000000.0,3.93,3.92,616000000.0,618000000.0,2984000000.0,,7017000000.0,1757000000.0,215000000.0,,769000000.0,13779000000.0,,,16612000000.0,2826000000.0,3657000000.0,52663000000.0,571000000.0,1714000000.0,978000000.0,8296000000.0,,,,2158000000.0,,10375000000.0,-1832000000.0,15371000000.0,52663000000.0,,274000000.0,122000000.0,68000000.0,12170000000.0,,,,,,2294000000.0,,,,,147000000.0,324000000.0,,0.0,56000000.0,,,-90000000.0,2285000000.0,466000000.0
2021-03-31,7412000000.0,,,,1422000000.0,5884000000.0,1528000000.0,,1155000000.0,226000000.0,911000000.0,1.46,1.44,622000000.0,631000000.0,5499000000.0,,7310000000.0,1137000000.0,,,,15487000000.0,,,16591000000.0,2815000000.0,3785000000.0,54773000000.0,612000000.0,1663000000.0,1010000000.0,8701000000.0,,,,2058000000.0,,11144000000.0,-1882000000.0,19171000000.0,54773000000.0,,52000000.0,95000000.0,,,,,,,,1723000000.0,,,,,,62000000.0,,25000000.0,86000000.0,1672000000.0,,723000000.0,2513000000.0,
2021-06-30,13976000000.0,,,,2881000000.0,11338000000.0,2754000000.0,,2173000000.0,192000000.0,1947000000.0,3.05,3.01,646000000.0,662000000.0,5375000000.0,,6824000000.0,1419000000.0,,,,15254000000.0,,,16601000000.0,2805000000.0,3658000000.0,55204000000.0,602000000.0,1828000000.0,1104000000.0,8586000000.0,,,,1960000000.0,,12007000000.0,-1853000000.0,20098000000.0,55204000000.0,,101000000.0,-110000000.0,,,,,,,,1791000000.0,,,,,0.0,138000000.0,,25000000.0,129000000.0,1672000000.0,,351000000.0,2263000000.0,
2021-09-30,20586000000.0,,,,4407000000.0,17069000000.0,3633000000.0,,2789000000.0,312000000.0,2485000000.0,3.85,3.81,646000000.0,651000000.0,4823000000.0,,6560000000.0,1563000000.0,,,,14798000000.0,,,16582000000.0,2790000000.0,3622000000.0,55912000000.0,827000000.0,1878000000.0,1074000000.0,8913000000.0,,,,1948000000.0,,12456000000.0,-1883000000.0,20559000000.0,55912000000.0,,154000000.0,-21000000.0,,,,,,,,1652000000.0,,,,,27000000.0,231000000.0,,26000000.0,-16000000.0,1672000000.0,,101000000.0,1707000000.0,
2021-12-31,28586000000.0,,,,6398000000.0,24632000000.0,6297000000.0,,5206000000.0,646000000.0,4543000000.0,7.02,6.94,641000000.0,655000000.0,6267000000.0,,6984000000.0,1504000000.0,143000000.0,,,16676000000.0,,,16584000000.0,2772000000.0,3824000000.0,58620000000.0,800000000.0,2323000000.0,1091000000.0,9479000000.0,,,,1898000000.0,,14343000000.0,-1902000000.0,22402000000.0,58620000000.0,,192000000.0,90000000.0,-179000000.0,16584000000.0,,,,,,953000000.0,,,,,54000000.0,354000000.0,,25000000.0,2395000000.0,1672000000.0,,-152000000.0,3148000000.0,334000000.0
2022-03-31,7328000000.0,,,,1619000000.0,6568000000.0,775000000.0,,470000000.0,34000000.0,433000000.0,0.65,0.64,649000000.0,651000000.0,5302000000.0,,7263000000.0,950000000.0,,,,15354000000.0,,,16561000000.0,2760000000.0,3771000000.0,58043000000.0,977000000.0,1960000000.0,1055000000.0,9723000000.0,,,,1753000000.0,,14599000000.0,-1924000000.0,22664000000.0,58043000000.0,,36000000.0,-62000000.0,,,,,,,,397000000.0,,,,,,52000000.0,,0.0,-80000000.0,0.0,,-1271000000.0,-965000000.0,
2022-06-30,15107000000.0,,,,3329000000.0,13528000000.0,1594000000.0,,989000000.0,163000000.0,852000000.0,1.27,1.27,649000000.0,650000000.0,4037000000.0,,6959000000.0,1347000000.0,,,,14182000000.0,,,16498000000.0,2739000000.0,3906000000.0,56961000000.0,853000000.0,2108000000.0,885000000.0,9636000000.0,,,,1683000000.0,,14829000000.0,-2080000000.0,22776000000.0,56961000000.0,,77000000.0,-56000000.0,,,,,,,,591000000.0,,,,,,151000000.0,,1000000.0,-258000000.0,0.0,,-2498000000.0,-2230000000.0,
2022-09-30,22023000000.0,,,,4999000000.0,19919000000.0,2160000000.0,,1312000000.0,264000000.0,1083000000.0,1.6,1.6,649000000.0,650000000.0,3383000000.0,,6588000000.0,1492000000.0,,,,13524000000.0,,,16426000000.0,2716000000.0,3929000000.0,57287000000.0,943000000.0,2071000000.0,796000000.0,10326000000.0,,,,1727000000.0,,14889000000.0,-2319000000.0,22647000000.0,57287000000.0,,127000000.0,-42000000.0,,,,,,,,326000000.0,,,,,0.0,228000000.0,,1000000.0,-383000000.0,0.0,,-2681000000.0,-2884000000.0,
2022-12-31,30154000000.0,,,,7033000000.0,27868000000.0,2342000000.0,,1266000000.0,227000000.0,1104000000.0,1.61,1.61,649000000.0,650000000.0,2885000000.0,,7412000000.0,,165000000.0,,,13734000000.0,,1762000000.0,16499000000.0,2694000000.0,3991000000.0,58393000000.0,1403000000.0,2071000000.0,973000000.0,11191000000.0,,,,1715000000.0,,14737000000.0,-1807000000.0,23036000000.0,58393000000.0,,172000000.0,-106000000.0,180000000.0,17164000000.0,,,,,,219000000.0,,,,,0.0,358000000.0,,1000000.0,-526000000.0,0.0,,-2981000000.0,-3382000000.0,73000000.0
2023-03-31,7265000000.0,,,,1753000000.0,8491000000.0,-1226000000.0,,-1463000000.0,-381000000.0,-1118000000.0,-1.74,-1.74,651000000.0,651000000.0,2109000000.0,,7448000000.0,,,,,12657000000.0,,1718000000.0,16511000000.0,2688000000.0,3848000000.0,56561000000.0,1235000000.0,1760000000.0,1092000000.0,11295000000.0,,,,1603000000.0,,13463000000.0,-1742000000.0,21851000000.0,56561000000.0,,39000000.0,-436000000.0,,,,,,,,-378000000.0,,,,,,71000000.0,,-25000000.0,-89000000.0,,,-312000000.0,-776000000.0,
2023-06-30,14881000000.0,,,,3536000000.0,16357000000.0,-1476000000.0,,-1812000000.0,-476000000.0,-1417000000.0,-2.22,-2.22,651000000.0,651000000.0,1714000000.0,,7186000000.0,,,,,12459000000.0,,1689000000.0,16517000000.0,2682000000.0,4016000000.0,55361000000.0,1210000000.0,1948000000.0,921000000.0,10670000000.0,,,,1520000000.0,,13116000000.0,-1639000000.0,21655000000.0,55361000000.0,,88000000.0,-586000000.0,,,,,,,,-401000000.0,,,,,,140000000.0,,-39000000.0,-227000000.0,,,-547000000.0,-1171000000.0,
2023-09-30,22014000000.0,,,,5272000000.0,22869000000.0,-855000000.0,,-1436000000.0,-436000000.0,-1122000000.0,-1.79,-1.79,652000000.0,652000000.0,1804000000.0,,6939000000.0,,,,,12711000000.0,,1668000000.0,16488000000.0,2675000000.0,3913000000.0,54640000000.0,953000000.0,2118000000.0,848000000.0,10050000000.0,,,,1476000000.0,,13363000000.0,-1718000000.0,21864000000.0,54640000000.0,,131000000.0,-592000000.0,,,,,,,,31000000.0,,,,,,213000000.0,,-56000000.0,-344000000.0,,,-744000000.0,-1081000000.0,
2023-12-31,29652000000.0,,,,7245000000.0,30103000000.0,-451000000.0,,-1253000000.0,-361000000.0,-608000000.0,-1.02,-1.02,652000000.0,652000000.0,2460000000.0,,7115000000.0,,739000000.0,,,12703000000.0,,1666000000.0,16516000000.0,2589000000.0,3793000000.0,53543000000.0,1100000000.0,2104000000.0,746000000.0,9656000000.0,,,,1534000000.0,,13829000000.0,-1556000000.0,22526000000.0,53543000000.0,,177000000.0,-650000000.0,-523000000.0,15518000000.0,,,,,,475000000.0,,,,,0.0,328000000.0,,3000000.0,942000000.0,0.0,,-1841000000.0,-425000000.0,107000000.0
2024-03-31,7685000000.0,,,,1662000000.0,8102000000.0,-417000000.0,,-635000000.0,-172000000.0,-554000000.0,-0.87,-0.87,654000000.0,654000000.0,2384000000.0,,7096000000.0,,,,,11932000000.0,,1612000000.0,16500000000.0,2580000000.0,3622000000.0,52027000000.0,787000000.0,1728000000.0,671000000.0,9244000000.0,,,,1494000000.0,,13226000000.0,-1615000000.0,21894000000.0,52027000000.0,,47000000.0,-231000000.0,,,,,,,,260000000.0,,,,,,51000000.0,,-11000000.0,-128000000.0,,,-187000000.0,-76000000.0,
2024-06-30,14498000000.0,,,,3241000000.0,20233000000.0,-5735000000.0,,-6182000000.0,-387000000.0,-5967000000.0,-9.06,-9.06,667000000.0,667000000.0,2315000000.0,,6545000000.0,,,,,11679000000.0,,1567000000.0,10509000000.0,2558000000.0,3474000000.0,45890000000.0,826000000.0,1865000000.0,708000000.0,9006000000.0,,,,1404000000.0,,7779000000.0,-1624000000.0,16497000000.0,45890000000.0,,109000000.0,-593000000.0,,,,,,,,319000000.0,,,,,,100000000.0,,-21000000.0,-197000000.0,,,-237000000.0,-145000000.0,
2024-09-30,21229000000.0,,,,4772000000.0,26627000000.0,-5398000000.0,,-6062000000.0,-342000000.0,-5966000000.0,-9.02,-9.02,667000000.0,670000000.0,2443000000.0,,6327000000.0,,,,,11925000000.0,,1545000000.0,10508000000.0,2450000000.0,3458000000.0,46250000000.0,826000000.0,1954000000.0,824000000.0,9354000000.0,,,,1431000000.0,,7745000000.0,-1524000000.0,16628000000.0,46250000000.0,,175000000.0,-622000000.0,,,,,,,,584000000.0,,,,,,151000000.0,,-34000000.0,-317000000.0,,,-298000000.0,-17000000.0,
