Date,Net sales,Cost of sales,Gross margin,Research and development,"Selling, general and administrative",Total operating expenses,Operating income,"Other income/(expense), net",Income before provision for income taxes,Provision for income taxes,Net income,Earnings per share basic,Earnings per share diluted,Weighted-average basic,Weighted-average diluted,Cash and cash equivalents,Short-term marketable securities,"Accounts receivable, net",Inventories,Deferred tax assets,Vendor non-trade receivables,Other current assets,Total current assets,Long-term marketable securities,"Property, Plant and Equipment, Net",Goodwill,"Acquired intangible assets, net","Other Assets, Noncurrent",Total assets,accounts payable,Accrued expenses,Deferred revenue,Total current liabilities,Deferred revenue - non-current,deferred tax liabilities,long term taxes payable,Total other non-current liabilities,Total liabilities,Retained Earnings (Accumulated Deficit),Accumulated other comprehensive (loss)/income,Total shareholders equity,Total liabilities and shareholders' equity,"Depreciation, amortization and accretion",Stock-based compensation expense,Deferred income tax expense,"Increase (Decrease) in Accounts receivable, net",Increase (Decrease) in Inventories,Increase (Decrease) in Other Receivables,Increase (Decrease) in Other Operating Assets,Increase (Decrease) in Accounts Payable,Increase (Decrease) in Deferred Revenue,Increase (Decrease) Other liabilities,Cash generated by operating activities,Purchases of marketable securities,Proceeds from maturities of marketable securities,Proceeds from sales of marketable securities,Purchases of other long-term investments,"Business acquisitions, net of cash acquired",Cash payments for capital asset purchases,Payments for acquisition of intangible assets,Payments for (Proceeds from) Other Investing Activities,Cash used in investing activities,Proceeds from issuance of common stock,Excess tax benefits from stock-based compensation,Cash generated/used in financing activities,Increase/(decrease) in cash and cash equivalents,"Cash paid for income taxes, net"
2010-02-28,1504609000.0,,,,462926000.0,953428000.0,551181000.0,,554413000.0,192936000.0,361477000.0,1.0,1.0,361417000.0,361860000.0,279261000.0,115765000.0,159131000.0,,23221000.0,,25035000.0,4716531000.0,294088000.0,264273000.0,421559000.0,68085000.0,3772000.0,5788031000.0,35081000.0,41314000.0,3792000.0,4312423000.0,,5786000.0,27305000.0,45397000.0,4390911000.0,852936000.0,48562000.0,1397120000.0,5788031000.0,,19121000.0,-24862000.0,18050000.0,,,,,,,503016000.0,1267658000.0,,,,,41444000.0,,,-950856000.0,,,254332000.0,-193508000.0,
2010-05-31,2000820000.0,,,,622440000.0,1276025000.0,724795000.0,,729308000.0,252309000.0,476999000.0,1.32,1.32,361359000.0,361728000.0,284316000.0,82496000.0,186587000.0,,3799000.0,,25540000.0,4159117000.0,290106000.0,267583000.0,421559000.0,63262000.0,3592000.0,5226299000.0,37305000.0,41225000.0,3447000.0,3742178000.0,,7803000.0,27468000.0,46871000.0,3824320000.0,856290000.0,42409000.0,1401979000.0,5226299000.0,,25580000.0,-3856000.0,10190000.0,,,,,,,610923000.0,1554950000.0,,,,,61262000.0,,,-401322000.0,,,-398054000.0,-188453000.0,
2010-08-31,518300000.0,,,,157300000.0,317500000.0,200800000.0,,202200000.0,70300000.0,131900000.0,0.36,0.36,361600000.0,362000000.0,272900000.0,177200000.0,208600000.0,,0.0,,28300000.0,3999900000.0,266300000.0,268000000.0,421600000.0,58400000.0,3500000.0,5039000000.0,34400000.0,41400000.0,2900000.0,3520200000.0,,8100000.0,27900000.0,45800000.0,3602000000.0,873000000.0,54200000.0,1437000000.0,5039000000.0,,7100000.0,3600000.0,22200000.0,,,,,,,194300000.0,1958400000.0,,,,,16600000.0,,,172500000.0,,,-378200000.0,-11400000.0,
2010-11-30,1030300000.0,,,,306400000.0,625600000.0,404700000.0,,407600000.0,141800000.0,265800000.0,0.73,0.73,361700000.0,362100000.0,233200000.0,230300000.0,224600000.0,,0.0,,32100000.0,4013900000.0,226400000.0,279500000.0,421600000.0,54200000.0,3800000.0,5022700000.0,33800000.0,38000000.0,2700000.0,3485700000.0,,9200000.0,28100000.0,50200000.0,3573200000.0,894500000.0,39100000.0,1449500000.0,5022700000.0,,13500000.0,9700000.0,39800000.0,,,,,,,319200000.0,3913500000.0,,,,,44100000.0,,,128600000.0,,,-498900000.0,-51100000.0,
2011-02-28,1561600000.0,,,,472200000.0,958000000.0,603600000.0,,608000000.0,211600000.0,396400000.0,1.1,1.09,361800000.0,362600000.0,236000000.0,233700000.0,141600000.0,,12200000.0,,29000000.0,4864800000.0,182600000.0,303700000.0,508600000.0,74500000.0,3600000.0,5962800000.0,35700000.0,39700000.0,3400000.0,4390500000.0,,19700000.0,33200000.0,51200000.0,4494600000.0,913000000.0,29300000.0,1468200000.0,5962800000.0,,18800000.0,7400000.0,-43000000.0,,,,,,,552900000.0,4761400000.0,,,,115300000.0,79000000.0,,,-869300000.0,,,268100000.0,-48300000.0,
2011-05-31,2084300000.0,,,,644300000.0,1297900000.0,786400000.0,,792200000.0,276900000.0,515300000.0,1.42,1.42,361800000.0,362400000.0,119000000.0,345000000.0,161100000.0,,-6700000.0,,29400000.0,4257900000.0,207300000.0,308700000.0,513700000.0,77200000.0,3600000.0,5393800000.0,45400000.0,38600000.0,3000000.0,3788300000.0,,23100000.0,34100000.0,52100000.0,3897600000.0,919500000.0,37500000.0,1496200000.0,5393800000.0,,24800000.0,13600000.0,-23700000.0,,,,,,,715300000.0,6229100000.0,,,,126400000.0,100500000.0,,,-409500000.0,,,-471100000.0,-165300000.0,
2011-08-31,563100000.0,,,,166400000.0,333400000.0,229700000.0,,231200000.0,82300000.0,148900000.0,0.41,0.41,362200000.0,362800000.0,113100000.0,372000000.0,197900000.0,,0.0,,,3833400000.0,232900000.0,310500000.0,513600000.0,71300000.0,3900000.0,4991500000.0,38500000.0,39000000.0,2700000.0,3337100000.0,,31700000.0,,48900000.0,3452200000.0,951500000.0,44200000.0,1539300000.0,4991500000.0,24200000.0,6600000.0,10800000.0,37000000.0,,,,,,,187200000.0,1653500000.0,,,,,20200000.0,,,398000000.0,,,-591100000.0,-5900000.0,
2011-11-30,1108800000.0,,,,329000000.0,661200000.0,447600000.0,,450600000.0,161300000.0,289300000.0,0.8,0.8,362400000.0,362800000.0,96100000.0,315000000.0,221500000.0,,0.0,,,3740000000.0,265200000.0,316000000.0,513600000.0,65700000.0,3800000.0,4932000000.0,54900000.0,36000000.0,2500000.0,3248200000.0,,37100000.0,,53000000.0,3373300000.0,975800000.0,33900000.0,1558700000.0,4932000000.0,48300000.0,11900000.0,22900000.0,60700000.0,,,,,,,297200000.0,4730600000.0,,,,,44100000.0,,,434800000.0,,,-754900000.0,-22900000.0,
2012-02-29,1678300000.0,,,,511000000.0,1020300000.0,658000000.0,,662600000.0,237900000.0,424700000.0,1.17,1.17,362500000.0,363100000.0,146500000.0,356800000.0,135800000.0,,8600000.0,,,4872200000.0,295400000.0,316800000.0,518100000.0,61200000.0,3200000.0,6094900000.0,46000000.0,35000000.0,3400000.0,4372400000.0,,40200000.0,,51500000.0,4499500000.0,995000000.0,43100000.0,1595400000.0,6094900000.0,72900000.0,17600000.0,5200000.0,-24800000.0,,,,,,,562600000.0,7636200000.0,,,,6000000.0,62500000.0,,,-791200000.0,,,256100000.0,27500000.0,
2012-05-31,2229800000.0,,,,695100000.0,1375900000.0,853900000.0,,860300000.0,312300000.0,548000000.0,1.51,1.51,362400000.0,363000000.0,108800000.0,207500000.0,142400000.0,,-23700000.0,,,5075900000.0,473700000.0,324300000.0,517400000.0,55800000.0,3300000.0,6479600000.0,69700000.0,33800000.0,3000000.0,4745700000.0,,40600000.0,,52900000.0,4875100000.0,1002100000.0,37700000.0,1604500000.0,6479600000.0,97800000.0,22900000.0,11700000.0,-17600000.0,,,,,,,706600000.0,10180500000.0,,,,6000000.0,89600000.0,,,-1244300000.0,,,527500000.0,-10200000.0,
2012-08-31,578200000.0,,,,176000000.0,340200000.0,238000000.0,,239900000.0,86800000.0,153100000.0,0.42,0.42,363000000.0,363800000.0,149000000.0,241900000.0,153100000.0,,,,,4300400000.0,480400000.0,326900000.0,517400000.0,51300000.0,4000000.0,5710900000.0,40700000.0,33500000.0,2700000.0,3919700000.0,,45300000.0,,48300000.0,4055500000.0,1033000000.0,37300000.0,1655400000.0,5710900000.0,24100000.0,6400000.0,10200000.0,10900000.0,,,,,,,217700000.0,5228600000.0,,,,,22000000.0,,,771900000.0,,,-949400000.0,40200000.0,
2012-11-30,1147600000.0,,,,351100000.0,679600000.0,468000000.0,,471800000.0,170800000.0,301000000.0,0.83,0.83,363600000.0,364400000.0,122600000.0,178600000.0,169300000.0,,0.0,,,4268800000.0,504300000.0,351800000.0,517400000.0,47000000.0,3600000.0,5724200000.0,43600000.0,32600000.0,2500000.0,3888600000.0,,46500000.0,,48100000.0,4026000000.0,1060800000.0,39700000.0,1698200000.0,5724200000.0,48300000.0,11500000.0,17500000.0,27500000.0,,,,,,,326000000.0,12222300000.0,,,,12000000.0,54500000.0,,,737600000.0,,,-1049800000.0,13800000.0,
2013-02-28,1740900000.0,,,,547300000.0,1047900000.0,693000000.0,,698200000.0,252700000.0,445500000.0,1.23,1.22,363800000.0,364600000.0,100400000.0,470200000.0,125100000.0,,6800000.0,,,6319600000.0,227000000.0,341700000.0,533900000.0,49900000.0,2800000.0,7507500000.0,47600000.0,34500000.0,3900000.0,5756500000.0,,47000000.0,,48500000.0,5901600000.0,964900000.0,32700000.0,1605900000.0,7507500000.0,73300000.0,16900000.0,-4800000.0,-17400000.0,,,,,,,606400000.0,18655100000.0,,,,21300000.0,74200000.0,,,-1175600000.0,,,560800000.0,-8400000.0,
2013-05-31,2326200000.0,,,,750100000.0,1421400000.0,904800000.0,,911400000.0,342400000.0,569000000.0,1.56,1.56,363800000.0,364700000.0,107300000.0,398200000.0,133400000.0,,2300000.0,,,4832600000.0,369100000.0,346000000.0,533900000.0,45200000.0,2800000.0,6163700000.0,42700000.0,34300000.0,5200000.0,4268200000.0,,53300000.0,,48800000.0,4390000000.0,1088500000.0,22000000.0,1773700000.0,6163700000.0,98200000.0,22800000.0,5300000.0,-8300000.0,,,,,,,675300000.0,28332800000.0,,,,21300000.0,98700000.0,,,181700000.0,,,-858500000.0,-1500000.0,
2013-08-31,607900000.0,,,,188100000.0,352800000.0,255100000.0,,256300000.0,93500000.0,162800000.0,0.45,0.44,365300000.0,366700000.0,111600000.0,447600000.0,154700000.0,,2000000.0,,,4698300000.0,365600000.0,350500000.0,533900000.0,42100000.0,4500000.0,6031200000.0,40400000.0,35100000.0,4500000.0,4150400000.0,,58300000.0,,52300000.0,4282800000.0,1034200000.0,-4900000.0,1748400000.0,6031200000.0,24400000.0,7500000.0,10300000.0,22100000.0,,,,,,,266700000.0,6372800000.0,,,,,25100000.0,,,30800000.0,,,-293200000.0,4300000.0,
2013-11-30,1218400000.0,,,,382300000.0,714700000.0,503700000.0,,506200000.0,184700000.0,321500000.0,0.88,0.88,365100000.0,366500000.0,213000000.0,250400000.0,178800000.0,,100000.0,,,4663800000.0,375900000.0,351400000.0,540000000.0,43600000.0,8600000.0,6019400000.0,36400000.0,41300000.0,,4119100000.0,,61600000.0,,54600000.0,4259000000.0,993200000.0,13700000.0,1760400000.0,6019400000.0,50400000.0,14600000.0,16000000.0,46400000.0,,,,,,,400200000.0,14941700000.0,,,,9300000.0,46900000.0,,,194300000.0,,,-488800000.0,105700000.0,
2014-02-28,1854900000.0,,,,591000000.0,1100500000.0,754400000.0,,758400000.0,276800000.0,481600000.0,1.32,1.31,364800000.0,366300000.0,271300000.0,314400000.0,129600000.0,,8000000.0,,,5719300000.0,377800000.0,345100000.0,540000000.0,40500000.0,10400000.0,7069400000.0,34700000.0,43500000.0,,5138900000.0,,61700000.0,,55100000.0,5281200000.0,983700000.0,24600000.0,1788200000.0,7069400000.0,76700000.0,21700000.0,-7100000.0,-2400000.0,,,,,,,705800000.0,21163400000.0,,,,9300000.0,62800000.0,,,-894200000.0,,,352400000.0,164000000.0,
2014-05-31,2518900000.0,,,,803700000.0,1536200000.0,982700000.0,,988100000.0,360600000.0,627500000.0,1.72,1.71,364500000.0,366100000.0,152500000.0,398700000.0,149400000.0,,12000000.0,,,5011400000.0,385600000.0,342200000.0,540300000.0,40600000.0,12900000.0,6370100000.0,48800000.0,37800000.0,6900000.0,4438900000.0,,69000000.0,,56600000.0,4593100000.0,957500000.0,21500000.0,1777000000.0,6370100000.0,105000000.0,26300000.0,-4900000.0,18200000.0,,,,,,,880900000.0,29850500000.0,,,,9300000.0,84100000.0,,,-316100000.0,,,-519600000.0,45200000.0,
2014-08-31,666800000.0,,,,205000000.0,399300000.0,267500000.0,,268900000.0,97600000.0,171300000.0,0.47,0.47,363100000.0,364700000.0,462600000.0,96700000.0,168900000.0,,0.0,,,4872000000.0,396500000.0,346600000.0,563400000.0,42600000.0,29300000.0,6286600000.0,40100000.0,48000000.0,,4344000000.0,,60000000.0,,58100000.0,4501000000.0,943700000.0,26000000.0,1785600000.0,6286600000.0,26500000.0,7500000.0,10400000.0,19100000.0,,,,,,,263100000.0,9461000000.0,,,,27500000.0,24900000.0,,,358900000.0,,,-311900000.0,310100000.0,
2014-11-30,1343100000.0,,,,412000000.0,805400000.0,537700000.0,,540500000.0,196200000.0,344300000.0,0.95,0.94,363100000.0,364600000.0,140400000.0,388600000.0,205600000.0,,0.0,,,4859900000.0,398500000.0,344400000.0,563800000.0,38800000.0,30400000.0,6274500000.0,39800000.0,50300000.0,,4279300000.0,,58900000.0,,60700000.0,4440200000.0,964300000.0,22400000.0,1834300000.0,6274500000.0,52500000.0,15400000.0,14400000.0,56300000.0,,,,,,,404700000.0,20449700000.0,,,,27100000.0,45600000.0,,,54700000.0,,,-471500000.0,-12100000.0,
2015-02-28,2047400000.0,,,,641000000.0,1245400000.0,802000000.0,,806400000.0,292700000.0,513700000.0,1.41,1.41,363200000.0,365000000.0,265300000.0,355500000.0,148400000.0,,11200000.0,,,5957400000.0,408600000.0,347700000.0,563800000.0,35600000.0,31100000.0,7344200000.0,40100000.0,52200000.0,,5348000000.0,,17600000.0,,62900000.0,5472200000.0,978300000.0,21800000.0,1872000000.0,7344200000.0,79100000.0,24000000.0,-12800000.0,-500000.0,,,,,,,692800000.0,23544900000.0,,,,27100000.0,72000000.0,,,-1027200000.0,,,447200000.0,112800000.0,
2015-05-31,2739600000.0,,,,878000000.0,1686000000.0,1053600000.0,,1060000000.0,385100000.0,674900000.0,1.86,1.85,362900000.0,364600000.0,170000000.0,366600000.0,176600000.0,,15000000.0,,,5103200000.0,399800000.0,353900000.0,561500000.0,32400000.0,31700000.0,6482500000.0,51700000.0,50800000.0,,4573000000.0,,16800000.0,44800000.0,62400000.0,4697000000.0,894300000.0,7500000.0,1785500000.0,6482500000.0,106600000.0,31400000.0,-4100000.0,28200000.0,,,,,,,895200000.0,34020400000.0,,,,27100000.0,102800000.0,,,-285000000.0,,,-592700000.0,17500000.0,
2015-08-31,723000000.0,,,,221200000.0,426900000.0,296100000.0,,297500000.0,88400000.0,209100000.0,0.58,0.58,361100000.0,362800000.0,455900000.0,81800000.0,206600000.0,,0.0,,,4588200000.0,416200000.0,350100000.0,561500000.0,33000000.0,34000000.0,5983000000.0,43000000.0,54800000.0,,4046400000.0,,18200000.0,,64400000.0,4192200000.0,876400000.0,13800000.0,1790800000.0,5983000000.0,27000000.0,8800000.0,14400000.0,30100000.0,,,,,,,278300000.0,2362900000.0,,,,0.0,21200000.0,,,759900000.0,,,-752300000.0,285900000.0,
2015-11-30,1445400000.0,,,,444200000.0,855100000.0,590300000.0,,593300000.0,195000000.0,398300000.0,1.1,1.1,360900000.0,362600000.0,412300000.0,64100000.0,241100000.0,,0.0,,,4602500000.0,436500000.0,352700000.0,561500000.0,31300000.0,32300000.0,6016800000.0,47400000.0,63200000.0,,4009900000.0,,14400000.0,,67000000.0,4158500000.0,913900000.0,20300000.0,1858300000.0,6016800000.0,54700000.0,17500000.0,21900000.0,65100000.0,,,,,,,419900000.0,2541000000.0,,,,0.0,48500000.0,,,748700000.0,,,-926300000.0,242300000.0,
2016-02-29,2198000000.0,,,,690900000.0,1327700000.0,870300000.0,,875000000.0,296300000.0,578700000.0,1.6,1.6,360800000.0,362400000.0,253100000.0,74100000.0,175400000.0,,1400000.0,,,5503600000.0,428600000.0,350000000.0,656200000.0,73500000.0,31100000.0,7067500000.0,55800000.0,100000000.0,,5039200000.0,,18300000.0,,66100000.0,5193400000.0,899600000.0,37500000.0,1874100000.0,7067500000.0,85100000.0,26100000.0,-2200000.0,,,,,,,,791200000.0,2700900000.0,,,,296100000.0,70000000.0,,,-563600000.0,,,-144500000.0,83100000.0,
2016-05-31,2951900000.0,,,,948200000.0,1805300000.0,1146600000.0,,1151100000.0,394300000.0,,2.1,2.09,360700000.0,362500000.0,131500000.0,220600000.0,,,,,,4863600000.0,441100000.0,353000000.0,657100000.0,,31600000.0,6440800000.0,56700000.0,79800000.0,26300000.0,4365900000.0,,22100000.0,72800000.0,68300000.0,4529100000.0,926200000.0,29200000.0,1911700000.0,6440800000.0,115100000.0,34600000.0,7100000.0,37500000.0,,,,,,,1018200000.0,12572200000.0,,,,296100000.0,97700000.0,,,-63100000.0,,,-993600000.0,-38500000.0,
2016-08-31,785500000.0,,,,237400000.0,462500000.0,323000000.0,,324500000.0,107100000.0,,0.6,0.6,361000000.0,364100000.0,130000000.0,367700000.0,,,,,,4521000000.0,446300000.0,348400000.0,657100000.0,,34200000.0,6096900000.0,51200000.0,84900000.0,26800000.0,3913200000.0,,41200000.0,82100000.0,72300000.0,4108800000.0,958900000.0,39200000.0,1988100000.0,6096900000.0,29700000.0,9100000.0,14100000.0,78100000.0,,,,,,,294700000.0,14777000000.0,,,,,20300000.0,,,380300000.0,,,-676500000.0,-1500000.0,
2016-11-30,1556900000.0,,,,471400000.0,922800000.0,634100000.0,,636500000.0,217000000.0,,1.16,1.16,360400000.0,363200000.0,165000000.0,128000000.0,,,,,,4215700000.0,432100000.0,349300000.0,657100000.0,,31800000.0,5776100000.0,48600000.0,96800000.0,28500000.0,3784100000.0,,18500000.0,83700000.0,74200000.0,3960500000.0,834900000.0,-16800000.0,1815600000.0,5776100000.0,59700000.0,17600000.0,24000000.0,123000000.0,,,,,,,413400000.0,23664100000.0,,,,,46800000.0,,,697900000.0,,,-1077800000.0,33500000.0,
2017-02-28,2352700000.0,,,,723800000.0,1412000000.0,940700000.0,,944300000.0,322300000.0,,1.73,1.71,360000000.0,362800000.0,189900000.0,214000000.0,,,,,,5751800000.0,440200000.0,341600000.0,657100000.0,,32700000.0,7310300000.0,55900000.0,84100000.0,25100000.0,5273700000.0,,17700000.0,48000000.0,74200000.0,5413600000.0,871900000.0,4600000.0,1896700000.0,7310300000.0,90700000.0,26500000.0,,24600000.0,,,,,,,769300000.0,36029500000.0,,,,,66800000.0,,,-947100000.0,,,236200000.0,58400000.0,
2017-05-31,3151300000.0,,,,992100000.0,1911700000.0,1239600000.0,,1244800000.0,427500000.0,,2.27,2.25,359800000.0,362600000.0,184600000.0,138800000.0,,,,,,5272000000.0,454000000.0,337200000.0,657100000.0,,30900000.0,6833700000.0,57200000.0,91900000.0,22900000.0,4725100000.0,,33900000.0,45600000.0,73800000.0,4878400000.0,901700000.0,20000000.0,1955300000.0,6833700000.0,126900000.0,35400000.0,17400000.0,103700000.0,,,,,,,960400000.0,50462300000.0,,,,,94300000.0,,,-424600000.0,,,-482700000.0,53100000.0,
2017-08-31,816800000.0,,,,239700000.0,471800000.0,345000000.0,,347100000.0,119300000.0,,0.63,0.63,358900000.0,361300000.0,234400000.0,133800000.0,,,,,,5973500000.0,483200000.0,328600000.0,698000000.0,,32100000.0,7619500000.0,74600000.0,100000000.0,24700000.0,5455700000.0,,95400000.0,47900000.0,76700000.0,5675700000.0,843700000.0,24400000.0,1943800000.0,7619500000.0,32000000.0,8700000.0,59200000.0,15400000.0,,,,,,,343600000.0,8646700000.0,,,,8200000.0,18000000.0,,,-711000000.0,,,417200000.0,49800000.0,
2017-11-30,1643300000.0,,,,485300000.0,966100000.0,677200000.0,,681000000.0,236200000.0,,1.24,1.23,359100000.0,361400000.0,257200000.0,81400000.0,,,,,,5993000000.0,480900000.0,377100000.0,698100000.0,,33200000.0,7684600000.0,58400000.0,103800000.0,27000000.0,5501700000.0,,85000000.0,50100000.0,78900000.0,5715700000.0,881000000.0,-9200000.0,1968900000.0,7684600000.0,65700000.0,19100000.0,68400000.0,56500000.0,,,,,,,519400000.0,20324300000.0,,,,17900000.0,95500000.0,,,-751100000.0,,,304300000.0,72600000.0,
2018-02-28,2509800000.0,,,,788600000.0,1540100000.0,969700000.0,,975800000.0,270600000.0,,1.96,1.95,359200000.0,362000000.0,323900000.0,97300000.0,,,,,,5048700000.0,405400000.0,397200000.0,827400000.0,,34100000.0,6842800000.0,71900000.0,142200000.0,23700000.0,4623700000.0,,41900000.0,51800000.0,79900000.0,4797300000.0,961400000.0,-26700000.0,2045500000.0,6842800000.0,102300000.0,29400000.0,6500000.0,6200000.0,,,,,,,988900000.0,36422200000.0,,,,178500000.0,122000000.0,,,24400000.0,,,-874000000.0,139300000.0,
2018-05-31,3380900000.0,,,,1075600000.0,2093400000.0,1287500000.0,,1296100000.0,362400000.0,,2.6,2.58,359000000.0,361500000.0,358200000.0,66000000.0,,,,,,5784400000.0,295500000.0,393500000.0,814000000.0,141400000.0,34900000.0,7463700000.0,74500000.0,132900000.0,24300000.0,5287200000.0,,48800000.0,18400000.0,84800000.0,5439200000.0,930300000.0,-36200000.0,2024500000.0,7463700000.0,138000000.0,44600000.0,19200000.0,-13600000.0,,,,,,,1276400000.0,50220200000.0,,,,180400000.0,154000000.0,,,-679000000.0,,,-423800000.0,173600000.0,
2018-08-31,862800000.0,,,,277000000.0,542500000.0,320300000.0,,322600000.0,79000000.0,,0.68,0.67,359100000.0,361500000.0,440100000.0,82900000.0,,,,,,5076200000.0,264600000.0,389100000.0,813300000.0,135500000.0,15700000.0,7050000000.0,62600000.0,114200000.0,36600000.0,4397400000.0,,155500000.0,19100000.0,91000000.0,4663000000.0,1268100000.0,-35800000.0,2387000000.0,7050000000.0,35900000.0,10900000.0,2600000.0,43000000.0,,,,,,,273700000.0,11115800000.0,,,,,24400000.0,,,918500000.0,,,-1110300000.0,81900000.0,
2019-02-28,2733700000.0,,,,879600000.0,1735300000.0,1056800000.0,,1057500000.0,253500000.0,,2.24,2.22,359200000.0,361600000.0,696400000.0,35600000.0,,,,,,7292000000.0,20000000.0,404700000.0,1781500000.0,420900000.0,18400000.0,10363000000.0,73900000.0,127100000.0,39400000.0,6549700000.0,,229200000.0,20400000.0,165700000.0,7765000000.0,1425800000.0,-19300000.0,2598000000.0,10363000000.0,125700000.0,33600000.0,10700000.0,110200000.0,,,,,,,1022800000.0,26247600000.0,,,,984100000.0,88000000.0,,,-538600000.0,,,920800000.0,1405000000.0,
2019-05-31,3691900000.0,,,,1223400000.0,2401200000.0,1371300000.0,,1368000000.0,333600000.0,,2.88,2.86,359200000.0,361800000.0,673600000.0,39000000.0,,,,,,5677700000.0,10200000.0,408700000.0,1782600000.0,399100000.0,24900000.0,8676000000.0,75900000.0,219500000.0,40300000.0,4845000000.0,,223100000.0,27300000.0,164700000.0,6056500000.0,1409500000.0,100000.0,2619500000.0,8676000000.0,181500000.0,46200000.0,4700000.0,117200000.0,,,,,,,1271500000.0,35145800000.0,,,,992200000.0,123800000.0,,,-1628300000.0,,,-1008500000.0,-1365300000.0,
2019-08-31,971500000.0,,,,317500000.0,642900000.0,349100000.0,,344300000.0,80100000.0,,0.74,0.73,358600000.0,361500000.0,586400000.0,40900000.0,,,,,,5555900000.0,10300000.0,403400000.0,1783100000.0,379500000.0,28600000.0,8638200000.0,61700000.0,270500000.0,41300000.0,4823500000.0,,227600000.0,29700000.0,147800000.0,6118900000.0,1265200000.0,26500000.0,2519300000.0,8638200000.0,52900000.0,10500000.0,-3700000.0,9800000.0,,,,,,,294800000.0,8289300000.0,,,,,26400000.0,,,544700000.0,,,-413200000.0,426300000.0,
2019-11-30,1942300000.0,,,,643100000.0,1291900000.0,690800000.0,,681300000.0,158400000.0,,1.46,1.45,358400000.0,361100000.0,600600000.0,34400000.0,,,,,,5627900000.0,10100000.0,401700000.0,1785800000.0,359700000.0,27900000.0,8701700000.0,76300000.0,268000000.0,42200000.0,4823900000.0,,,30600000.0,154300000.0,6132300000.0,1301400000.0,11600000.0,2569400000.0,8701700000.0,107900000.0,23800000.0,-2700000.0,53200000.0,,,,,,,564600000.0,13537800000.0,,,,,59900000.0,,,565200000.0,,,-645000000.0,484800000.0,
2020-02-29,3063800000.0,,,,975400000.0,1964500000.0,1160900000.0,,1145500000.0,268100000.0,,2.45,2.43,358500000.0,361100000.0,780000000.0,73800000.0,,,,,,6389400000.0,10200000.0,403800000.0,1789800000.0,348000000.0,27800000.0,9466900000.0,67700000.0,277100000.0,38800000.0,5389700000.0,,,32600000.0,150300000.0,6707100000.0,1433300000.0,45200000.0,2759800000.0,9466900000.0,158000000.0,36500000.0,-7700000.0,-100000.0,,,,,,,1052700000.0,21852600000.0,,,,6300000.0,91900000.0,,,364400000.0,,,-279800000.0,1137300000.0,
2020-05-31,3953600000.0,1280800000.0,,,1299200000.0,2580000000.0,1460500000.0,,1437100000.0,339000000.0,,3.06,3.04,358500000.0,361000000.0,905200000.0,27200000.0,,,,,,5464600000.0,10200000.0,407400000.0,1800000000.0,330600000.0,38200000.0,8550700000.0,79400000.0,277600000.0,39200000.0,4426900000.0,,,33500000.0,174400000.0,5769300000.0,1431400000.0,56500000.0,2781400000.0,8550700000.0,209700000.0,47400000.0,-4000000.0,-55100000.0,,,,,,,1440900000.0,25218100000.0,,,,6100000.0,127000000.0,,,771900000.0,,,-1488200000.0,724600000.0,
2020-08-31,917300000.0,307100000.0,,,341100000.0,648200000.0,284000000.0,,276100000.0,64500000.0,,0.59,0.59,359100000.0,361300000.0,835700000.0,30600000.0,,,,,,5340200000.0,10200000.0,396000000.0,1796800000.0,314100000.0,29800000.0,8376900000.0,62000000.0,304200000.0,39600000.0,4263100000.0,,,12000000.0,187700000.0,5598300000.0,1370200000.0,79500000.0,2778600000.0,8376900000.0,49600000.0,13300000.0,-1500000.0,68800000.0,,,,,,,215000000.0,2475500000.0,,,,,20700000.0,,,-236300000.0,,,-382800000.0,-404100000.0,
2020-11-30,1886200000.0,627000000.0,,,650600000.0,1277600000.0,638300000.0,,625700000.0,141700000.0,,1.35,1.34,360000000.0,362000000.0,693500000.0,174900000.0,,,,,,5592400000.0,10100000.0,392400000.0,1798900000.0,297200000.0,31200000.0,8615400000.0,70400000.0,309900000.0,40600000.0,4380000000.0,,,13600000.0,202500000.0,5725700000.0,1418900000.0,73100000.0,2889700000.0,8615400000.0,98200000.0,25500000.0,-6700000.0,207600000.0,,,,,,,430700000.0,4215400000.0,,,,,54600000.0,,,-490400000.0,,,-462400000.0,-522100000.0,
2021-02-28,2982800000.0,955400000.0,,,965300000.0,1920700000.0,1106900000.0,,1088300000.0,253800000.0,,2.32,2.31,360600000.0,362800000.0,787000000.0,203700000.0,,,,,,6622200000.0,9900000.0,393100000.0,1819600000.0,287900000.0,31100000.0,9665900000.0,73900000.0,333500000.0,38400000.0,5356000000.0,,,18500000.0,191800000.0,6689500000.0,1499300000.0,57200000.0,2976400000.0,9665900000.0,144600000.0,38100000.0,-6600000.0,330400000.0,,,,,,,870600000.0,4946500000.0,,,,19500000.0,86900000.0,,,-600300000.0,,,122100000.0,392400000.0,
2021-05-31,3997500000.0,1271200000.0,,,1324900000.0,2596100000.0,1460700000.0,,1434200000.0,336700000.0,,3.05,3.03,359900000.0,362100000.0,995200000.0,36700000.0,,,,,,6169500000.0,7100000.0,395800000.0,1820700000.0,275800000.0,34200000.0,9227200000.0,89000000.0,336800000.0,37900000.0,4938200000.0,,,25800000.0,207500000.0,6279200000.0,1445900000.0,51800000.0,2948000000.0,9227200000.0,192000000.0,52500000.0,-21000000.0,272900000.0,,,,,,,1260300000.0,6089700000.0,,,,19500000.0,114600000.0,,,-460600000.0,,,-636400000.0,163300000.0,
2021-08-31,1068400000.0,312500000.0,,,327500000.0,640000000.0,442900000.0,,443900000.0,110300000.0,,0.93,0.92,360100000.0,362800000.0,1102000000.0,39600000.0,,,,,,6317300000.0,7100000.0,395400000.0,1816700000.0,260000000.0,44400000.0,9367300000.0,79000000.0,361300000.0,38600000.0,4957900000.0,,,42300000.0,207900000.0,6323800000.0,1513300000.0,45100000.0,3043500000.0,9367300000.0,45700000.0,12400000.0,11500000.0,30400000.0,,,,,,,385600000.0,247500000.0,,,,,30400000.0,,,-22300000.0,,,-211700000.0,151600000.0,
2021-11-30,2162800000.0,644100000.0,,,664100000.0,1308200000.0,883200000.0,,881500000.0,215800000.0,,1.85,1.83,360700000.0,363100000.0,636200000.0,,,,,,,6632400000.0,,398600000.0,1832300000.0,245900000.0,50700000.0,9688100000.0,85900000.0,408400000.0,39800000.0,5221900000.0,,,44600000.0,210000000.0,6568300000.0,1606900000.0,3800000.0,3119800000.0,9688100000.0,94300000.0,26400000.0,5500000.0,320400000.0,,,,,,,555400000.0,1889800000.0,,,,24900000.0,64600000.0,,,-451400000.0,,,-302900000.0,-198900000.0,
2022-02-28,3424400000.0,996300000.0,,,1025100000.0,2021400000.0,1446000000.0,,1435800000.0,339400000.0,,3.04,3.02,360900000.0,363400000.0,267500000.0,,,,,,,7237300000.0,,399500000.0,1831800000.0,234800000.0,51600000.0,10283700000.0,111400000.0,382400000.0,37100000.0,5687900000.0,,,56800000.0,187600000.0,6997700000.0,1798500000.0,-47000000.0,3286000000.0,10283700000.0,142700000.0,39200000.0,3300000.0,156100000.0,,,,,,,1168300000.0,7450100000.0,,,,24900000.0,99300000.0,,,-1168100000.0,,,-33400000.0,-33200000.0,
2022-05-31,4554000000.0,1356300000.0,,,1415400000.0,2771700000.0,1840000000.0,,1824600000.0,431800000.0,,3.86,3.84,360600000.0,363100000.0,370000000.0,853900000.0,,,,,,6581600000.0,5000000.0,401300000.0,1831500000.0,224600000.0,53700000.0,9635200000.0,105700000.0,388400000.0,38400000.0,5269200000.0,,,58100000.0,184700000.0,6550000000.0,1669600000.0,-133900000.0,3085200000.0,9635200000.0,191800000.0,52800000.0,2300000.0,277000000.0,,,,,,,1505500000.0,17807700000.0,,,,24900000.0,132600000.0,,,-1420900000.0,,,-979300000.0,-894700000.0,
2022-08-31,1188300000.0,351000000.0,,,359600000.0,710600000.0,495600000.0,,492000000.0,112800000.0,,1.05,1.05,360100000.0,362400000.0,1184200000.0,45800000.0,,,,,,6085400000.0,3900000.0,398100000.0,1825300000.0,212500000.0,52300000.0,9125900000.0,84700000.0,361400000.0,40800000.0,4702200000.0,,,61700000.0,198700000.0,5988500000.0,1736300000.0,-171400000.0,3137400000.0,9125900000.0,44000000.0,14400000.0,2500000.0,61200000.0,,,,,,,364300000.0,3807600000.0,,,,,30600000.0,,,1223100000.0,,,-809700000.0,777700000.0,
2022-11-30,2356900000.0,710300000.0,,,718300000.0,1428600000.0,967900000.0,,967200000.0,227700000.0,,2.05,2.04,360500000.0,362300000.0,1096500000.0,165600000.0,,,,,,6198200000.0,3900000.0,393000000.0,1830000000.0,203900000.0,60600000.0,9214300000.0,86700000.0,346100000.0,44800000.0,4753900000.0,,,65600000.0,195000000.0,6009000000.0,1811400000.0,-198300000.0,3205300000.0,9214300000.0,88300000.0,29700000.0,-15300000.0,80600000.0,,,,,,,685900000.0,6504900000.0,,,,,65900000.0,,,1061600000.0,,,-1051100000.0,696400000.0,
2023-02-28,3702600000.0,1083200000.0,,,1114500000.0,2197700000.0,1579800000.0,,1584600000.0,377700000.0,,3.35,3.33,360500000.0,362300000.0,1316900000.0,240100000.0,,,,,,7595200000.0,3800000.0,385000000.0,1833600000.0,196200000.0,65300000.0,10603600000.0,122500000.0,370900000.0,43800000.0,5958100000.0,,,70200000.0,196700000.0,7202500000.0,1993700000.0,-204200000.0,3401100000.0,10603600000.0,132500000.0,46000000.0,-25600000.0,104700000.0,,,,,,,1290100000.0,12592400000.0,,,,4300000.0,97000000.0,,,362400000.0,,,-218500000.0,1434000000.0,
2023-05-31,4907300000.0,1453000000.0,,,1521000000.0,2974000000.0,2033100000.0,,2048200000.0,490900000.0,,4.32,4.3,360400000.0,362300000.0,1222000000.0,373400000.0,,,,,,7528100000.0,3800000.0,396300000.0,1834000000.0,187400000.0,65200000.0,10546400000.0,84700000.0,395400000.0,47300000.0,5805400000.0,,,83000000.0,197200000.0,7053200000.0,2023100000.0,-159900000.0,3493200000.0,10546400000.0,176600000.0,62600000.0,-44000000.0,123600000.0,,,,,,,1699400000.0,14585300000.0,,,,2700000.0,143000000.0,,,218500000.0,,,-711400000.0,1206500000.0,
2023-08-31,1253300000.0,360200000.0,,,389500000.0,749700000.0,536300000.0,,549100000.0,129900000.0,,1.16,1.16,360800000.0,362800000.0,1645900000.0,45700000.0,,,,,,9088500000.0,1600000.0,404500000.0,1881400000.0,197500000.0,91700000.0,12200000000.0,95300000.0,558100000.0,51000000.0,7343500000.0,,,88100000.0,225900000.0,8612200000.0,2100900000.0,-183100000.0,3587800000.0,12200000000.0,41200000.0,16000000.0,-3200000.0,-49100000.0,,,,,,,655800000.0,1923500000.0,,,,208000000.0,38700000.0,,,24000000.0,,,1069400000.0,1749200000.0,
2023-11-30,2479700000.0,724300000.0,,,777100000.0,1501400000.0,1042500000.0,,1067000000.0,255100000.0,,2.25,2.24,360600000.0,362400000.0,1363100000.0,34400000.0,,,,,,8923700000.0,1600000.0,417600000.0,1882300000.0,201000000.0,91900000.0,12052100000.0,92300000.0,496300000.0,55100000.0,7254400000.0,,,93200000.0,225200000.0,8527700000.0,2009400000.0,-167200000.0,3524400000.0,12052100000.0,86100000.0,30700000.0,-6400000.0,-52900000.0,,,,,,,1004300000.0,3303700000.0,,,,208300000.0,79400000.0,,,-109700000.0,,,532300000.0,1426900000.0,
2024-02-29,3875100000.0,1104100000.0,,,1186800000.0,2290900000.0,1692300000.0,,1726200000.0,415700000.0,,3.64,3.62,360400000.0,362200000.0,1693600000.0,36600000.0,,,,,,9886400000.0,1600000.0,419100000.0,1882300000.0,204900000.0,94600000.0,13023900000.0,94000000.0,518000000.0,51700000.0,8000800000.0,,,99300000.0,231900000.0,9276800000.0,2186200000.0,-145200000.0,3747100000.0,13023900000.0,130900000.0,45100000.0,-20900000.0,3500000.0,,,,,,,1676000000.0,6007400000.0,,,,208300000.0,120100000.0,,,-117800000.0,,,839800000.0,2398000000.0,
2024-05-31,5132000000.0,1479300000.0,,,1624900000.0,3104200000.0,2174100000.0,,2218000000.0,527600000.0,,4.69,4.67,360300000.0,362100000.0,1468900000.0,33900000.0,,,,,,7251500000.0,3700000.0,411700000.0,1882700000.0,194500000.0,115000000.0,10383100000.0,104300000.0,469800000.0,50200000.0,5309100000.0,,,102600000.0,236800000.0,6582100000.0,2213000000.0,-145100000.0,3801000000.0,10383100000.0,176500000.0,61100000.0,-29800000.0,-113000000.0,,,,,,,1897700000.0,6868500000.0,,,,208300000.0,161400000.0,,,-260900000.0,,,-1874700000.0,-237900000.0,
2024-08-31,1281000000.0,380000000.0,,,391800000.0,771800000.0,546700000.0,,557100000.0,129700000.0,,1.19,1.18,360100000.0,361900000.0,1459600000.0,38400000.0,,,,,,7361400000.0,,417400000.0,1884900000.0,187700000.0,117200000.0,10489100000.0,80900000.0,478700000.0,50300000.0,5343900000.0,,,108600000.0,243000000.0,6638700000.0,2165400000.0,-80300000.0,3850400000.0,10489100000.0,39000000.0,16500000.0,-11000000.0,36400000.0,,,,,,,546100000.0,1029700000.0,,,,,35600000.0,,,-110000000.0,,,-485000000.0,-48900000.0,
