Date,Net sales,Cost of sales,Gross margin,Research and development,"Selling, general and administrative",Total operating expenses,Operating income,"Other income/(expense), net",Income before provision for income taxes,Provision for income taxes,Net income,Earnings per share basic,Earnings per share diluted,Weighted-average basic,Weighted-average diluted,Cash and cash equivalents,Short-term marketable securities,"Accounts receivable, net",Inventories,Deferred tax assets,Vendor non-trade receivables,Other current assets,Total current assets,Long-term marketable securities,"Property, Plant and Equipment, Net",Goodwill,"Acquired intangible assets, net","Other Assets, Noncurrent",Total assets,accounts payable,Accrued expenses,Deferred revenue,Total current liabilities,Deferred revenue - non-current,deferred tax liabilities,long term taxes payable,Total other non-current liabilities,Total liabilities,Retained Earnings (Accumulated Deficit),Accumulated other comprehensive (loss)/income,Total shareholders equity,Total liabilities and shareholders' equity,"Depreciation, amortization and accretion",Stock-based compensation expense,Deferred income tax expense,"Increase (Decrease) in Accounts receivable, net",Increase (Decrease) in Inventories,Increase (Decrease) in Other Receivables,Increase (Decrease) in Other Operating Assets,Increase (Decrease) in Accounts Payable,Increase (Decrease) in Deferred Revenue,Increase (Decrease) Other liabilities,Cash generated by operating activities,Purchases of marketable securities,Proceeds from maturities of marketable securities,Proceeds from sales of marketable securities,Purchases of other long-term investments,"Business acquisitions, net of cash acquired",Cash payments for capital asset purchases,Payments for acquisition of intangible assets,Payments for (Proceeds from) Other Investing Activities,Cash used in investing activities,Proceeds from issuance of common stock,Excess tax benefits from stock-based compensation,Cash generated/used in financing activities,Increase/(decrease) in cash and cash equivalents,"Cash paid for income taxes, net"
2009-12-31,13399000000.0,,,,,,2299000000.0,,1694000000.0,460000000.0,1220000000.0,3.25,3.2,368000000.0,386000000.0,527000000.0,,1609000000.0,114000000.0,,,,5657000000.0,,28892000000.0,,,379000000.0,42945000000.0,984000000.0,349000000.0,,6813000000.0,,4732000000.0,,2116000000.0,,4213000000.0,-160000000.0,10333000000.0,42945000000.0,,,,156000000.0,109000000.0,,-2000000.0,-40000000.0,,13000000.0,3039000000.0,,,,,,-3958000000.0,,19000000.0,-3336000000.0,219000000.0,,605000000.0,308000000.0,359000000.0
2010-03-31,3475000000.0,,,,,,618000000.0,,446000000.0,185000000.0,,0.69,0.67,371000000.0,389000000.0,258000000.0,,1528000000.0,59000000.0,,,,5621000000.0,,29377000000.0,,,415000000.0,43540000000.0,882000000.0,481000000.0,,7780000000.0,,4656000000.0,,2110000000.0,,4302000000.0,-240000000.0,10369000000.0,43540000000.0,,,,114000000.0,59000000.0,,35000000.0,87000000.0,,-381000000.0,395000000.0,,,,,,855000000.0,,-9000000.0,-848000000.0,10000000.0,,184000000.0,-269000000.0,0.0
2010-06-30,6707000000.0,,,,,,1313000000.0,,970000000.0,372000000.0,598000000.0,1.56,1.54,373000000.0,390000000.0,265000000.0,,846000000.0,142000000.0,,,734000000.0,5612000000.0,,29983000000.0,,,466000000.0,44218000000.0,920000000.0,356000000.0,,7619000000.0,,4637000000.0,,2131000000.0,,4457000000.0,-232000000.0,10871000000.0,44218000000.0,,,,-47000000.0,-20000000.0,,28000000.0,7000000.0,,-326000000.0,1373000000.0,,,,,,1786000000.0,,-4000000.0,-1743000000.0,89000000.0,,108000000.0,-262000000.0,36000000.0
2010-09-30,10220000000.0,,,,,,1816000000.0,,1338000000.0,479000000.0,,2.22,2.19,390000000.0,392000000.0,347000000.0,,989000000.0,192000000.0,,,807000000.0,5751000000.0,,30675000000.0,,,524000000.0,45253000000.0,943000000.0,364000000.0,,7184000000.0,,5267000000.0,,2152000000.0,,4535000000.0,-224000000.0,11023000000.0,45253000000.0,,,,-246000000.0,-65000000.0,,28000000.0,17000000.0,,-34000000.0,2320000000.0,,,,,,2794000000.0,,25000000.0,-2797000000.0,141000000.0,,297000000.0,-180000000.0,52000000.0
2010-12-31,13841000000.0,,,,,,2308000000.0,,1660000000.0,547000000.0,,2.86,2.82,382000000.0,392000000.0,291000000.0,,944000000.0,152000000.0,,,193000000.0,5542000000.0,,31449000000.0,,,614000000.0,46025000000.0,1129000000.0,379000000.0,,7185000000.0,,5547000000.0,,2085000000.0,,4606000000.0,-202000000.0,11282000000.0,46025000000.0,,,,44000000.0,43000000.0,,9000000.0,48000000.0,,120000000.0,3206000000.0,,,,,,3802000000.0,,70000000.0,-3857000000.0,303000000.0,,415000000.0,-236000000.0,135000000.0
2011-03-31,3597000000.0,,,,,,484000000.0,,326000000.0,124000000.0,,0.5,0.5,396000000.0,397000000.0,240000000.0,,922000000.0,78000000.0,,,248000000.0,5471000000.0,,31872000000.0,,,641000000.0,46259000000.0,974000000.0,520000000.0,,7772000000.0,,5721000000.0,,2030000000.0,,4624000000.0,-193000000.0,11414000000.0,46259000000.0,,,,-35000000.0,-65000000.0,,,182000000.0,,,1088000000.0,,,,,,945000000.0,,61000000.0,-883000000.0,82000000.0,,-256000000.0,-51000000.0,
2011-06-30,7281000000.0,,,,,,1176000000.0,,868000000.0,300000000.0,568000000.0,1.41,1.41,399000000.0,400000000.0,350000000.0,,894000000.0,143000000.0,,,291000000.0,6122000000.0,,32127000000.0,,,606000000.0,47318000000.0,1103000000.0,426000000.0,,7022000000.0,,5945000000.0,,2068000000.0,,4802000000.0,-184000000.0,11789000000.0,47318000000.0,,,,82000000.0,-1000000.0,,,162000000.0,,,1905000000.0,,,,,,1897000000.0,,44000000.0,-1705000000.0,257000000.0,,-141000000.0,59000000.0,8000000.0
2011-09-30,11141000000.0,,,,,,1584000000.0,,1120000000.0,349000000.0,,1.91,1.9,403000000.0,404000000.0,277000000.0,,1011000000.0,198000000.0,,,331000000.0,5877000000.0,,32832000000.0,,,673000000.0,47517000000.0,1154000000.0,1689000000.0,,6818000000.0,,6212000000.0,,2120000000.0,,4817000000.0,-176000000.0,11959000000.0,47517000000.0,,,,186000000.0,60000000.0,,,93000000.0,,,3232000000.0,,,,,,2968000000.0,,102000000.0,-2930000000.0,391000000.0,,-316000000.0,-14000000.0,8000000.0
2011-12-31,14956000000.0,,,,,,1942000000.0,,1298000000.0,440000000.0,,2.1,2.1,401000000.0,402000000.0,513000000.0,,992000000.0,159000000.0,,,218000000.0,6480000000.0,,33655000000.0,,,682000000.0,49750000000.0,1177000000.0,1836000000.0,,7749000000.0,,6008000000.0,,2136000000.0,,4712000000.0,-213000000.0,12101000000.0,49750000000.0,,,,288000000.0,63000000.0,,,65000000.0,,,3739000000.0,,,,,,4038000000.0,,113000000.0,-3986000000.0,662000000.0,,469000000.0,222000000.0,-42000000.0
2012-03-31,3641000000.0,,,,,,487000000.0,,340000000.0,104000000.0,,0.56,0.56,414000000.0,416000000.0,257000000.0,,926000000.0,97000000.0,,,194000000.0,6166000000.0,,34249000000.0,,,662000000.0,50188000000.0,873000000.0,1769000000.0,,7275000000.0,,6190000000.0,,2133000000.0,,4752000000.0,-203000000.0,12560000000.0,50188000000.0,,,,-221000000.0,-50000000.0,,,-213000000.0,,,931000000.0,,,,,,1094000000.0,,-25000000.0,-1093000000.0,387000000.0,,-94000000.0,-256000000.0,
2012-06-30,7234000000.0,,,,,,954000000.0,,666000000.0,191000000.0,,1.12,1.11,423000000.0,425000000.0,292000000.0,,937000000.0,129000000.0,,,180000000.0,5540000000.0,,34902000000.0,,,648000000.0,50115000000.0,1000000000.0,1732000000.0,,6357000000.0,,6272000000.0,,2100000000.0,,4793000000.0,-195000000.0,12802000000.0,50115000000.0,,,,-13000000.0,-5000000.0,,,-125000000.0,,,2174000000.0,,,,,,2219000000.0,,-64000000.0,-2206000000.0,561000000.0,,-189000000.0,-221000000.0,114000000.0
2012-09-30,11210000000.0,,,,,,1568000000.0,,1130000000.0,291000000.0,,1.96,1.96,428000000.0,429000000.0,296000000.0,,1185000000.0,158000000.0,,,302000000.0,5593000000.0,,35650000000.0,,,610000000.0,50868000000.0,1054000000.0,1993000000.0,,5436000000.0,,6724000000.0,,2070000000.0,,4957000000.0,-186000000.0,13133000000.0,50868000000.0,,,,326000000.0,34000000.0,,,-55000000.0,,,3452000000.0,,,,,,3361000000.0,,-101000000.0,-3359000000.0,702000000.0,,-310000000.0,-217000000.0,114000000.0
2012-12-31,15040000000.0,,,,,,1693000000.0,,1067000000.0,262000000.0,,1.92,1.92,424000000.0,425000000.0,401000000.0,,937000000.0,135000000.0,,,172000000.0,5121000000.0,,37523000000.0,,,659000000.0,52449000000.0,1241000000.0,2012000000.0,,6256000000.0,,6748000000.0,,2020000000.0,,4747000000.0,-101000000.0,13074000000.0,52449000000.0,,,,40000000.0,24000000.0,,,-4000000.0,,,4882000000.0,,,,,,4624000000.0,,-104000000.0,-4526000000.0,751000000.0,,-468000000.0,-112000000.0,-114000000.0
2013-03-31,3672000000.0,,,,,,502000000.0,,356000000.0,114000000.0,,0.55,0.55,434000000.0,435000000.0,278000000.0,,943000000.0,73000000.0,,,187000000.0,4892000000.0,,38282000000.0,,,675000000.0,53062000000.0,1043000000.0,1486000000.0,,7048000000.0,,6870000000.0,,2065000000.0,,4784000000.0,-91000000.0,13572000000.0,53062000000.0,,,,-209000000.0,-55000000.0,,,-56000000.0,,,869000000.0,,,,,,1249000000.0,,-17000000.0,-1207000000.0,426000000.0,,215000000.0,-123000000.0,36000000.0
2013-06-30,7448000000.0,,,,,,1138000000.0,,841000000.0,267000000.0,,1.29,1.29,442000000.0,443000000.0,281000000.0,,1034000000.0,148000000.0,,,231000000.0,5442000000.0,,39067000000.0,,,689000000.0,54324000000.0,1155000000.0,1373000000.0,,7382000000.0,,6988000000.0,,2092000000.0,,4909000000.0,-71000000.0,13870000000.0,54324000000.0,,,,22000000.0,31000000.0,,,28000000.0,,,1459000000.0,,,,,,2521000000.0,,-16000000.0,-2471000000.0,562000000.0,,892000000.0,-120000000.0,-65000000.0
2013-12-31,15598000000.0,,,,,,1762000000.0,,1096000000.0,268000000.0,,1.83,1.83,444000000.0,445000000.0,296000000.0,,1091000000.0,137000000.0,,,611000000.0,5977000000.0,,41252000000.0,,,1036000000.0,55605000000.0,1293000000.0,1612000000.0,,7493000000.0,,7823000000.0,,2178000000.0,,4742000000.0,50000000.0,14342000000.0,55605000000.0,,,,152000000.0,10000000.0,,,113000000.0,,,3427000000.0,,,,,,5207000000.0,,-56000000.0,-5107000000.0,1045000000.0,,1575000000.0,-105000000.0,41000000.0
2014-03-31,3891000000.0,,,,,,484000000.0,,321000000.0,91000000.0,,0.49,0.49,459000000.0,460000000.0,108000000.0,,877000000.0,78000000.0,,,528000000.0,5892000000.0,,41817000000.0,,,1017000000.0,55987000000.0,1072000000.0,1526000000.0,,6147000000.0,,7838000000.0,,2169000000.0,,4756000000.0,55000000.0,14680000000.0,55987000000.0,,,,-321000000.0,-62000000.0,,,31000000.0,,,771000000.0,,,,,,1197000000.0,,-12000000.0,-1189000000.0,302000000.0,,230000000.0,-188000000.0,1000000.0
2014-06-30,7843000000.0,,,,,,1002000000.0,,696000000.0,195000000.0,,1.07,1.06,467000000.0,469000000.0,132000000.0,,1009000000.0,141000000.0,,,360000000.0,6197000000.0,,42483000000.0,,,1008000000.0,57025000000.0,1161000000.0,1544000000.0,,6649000000.0,,7874000000.0,,2151000000.0,,4808000000.0,44000000.0,15028000000.0,57025000000.0,,,,30000000.0,7000000.0,,,-101000000.0,,,1280000000.0,,,,,,2320000000.0,,-21000000.0,-2293000000.0,589000000.0,,849000000.0,-164000000.0,-1000000.0
2014-09-30,12782000000.0,,,,,,2067000000.0,,1625000000.0,310000000.0,,2.8,2.79,472000000.0,474000000.0,139000000.0,,1121000000.0,189000000.0,,,299000000.0,6071000000.0,,43172000000.0,,,932000000.0,57884000000.0,1192000000.0,1874000000.0,,5726000000.0,,8032000000.0,,2278000000.0,,5403000000.0,26000000.0,15779000000.0,57884000000.0,,,,177000000.0,43000000.0,,,-57000000.0,,,2957000000.0,,,,,,3564000000.0,,-107000000.0,-3461000000.0,743000000.0,,347000000.0,-157000000.0,409000000.0
2014-12-31,17090000000.0,,,,,,2450000000.0,,1795000000.0,345000000.0,,3.07,3.06,468000000.0,470000000.0,151000000.0,,960000000.0,172000000.0,,,443000000.0,6389000000.0,,43941000000.0,,,963000000.0,60127000000.0,1244000000.0,1846000000.0,,5920000000.0,,8513000000.0,,2218000000.0,,5316000000.0,11000000.0,15748000000.0,60127000000.0,,,,-13000000.0,22000000.0,,,-61000000.0,,,3677000000.0,,,,,,4833000000.0,,-114000000.0,-4714000000.0,802000000.0,,892000000.0,-145000000.0,-501000000.0
2015-03-31,3899000000.0,,,,,,71000000.0,,-59000000.0,-93000000.0,,0.06,0.06,477000000.0,481000000.0,145000000.0,,905000000.0,108000000.0,,,422000000.0,6026000000.0,,44441000000.0,,,1048000000.0,60547000000.0,1007000000.0,2110000000.0,,6153000000.0,,8626000000.0,,2309000000.0,,5126000000.0,-6000000.0,15703000000.0,60547000000.0,,,,-236000000.0,-58000000.0,,,-46000000.0,,,1080000000.0,,,,,,1191000000.0,,-7000000.0,-1272000000.0,151000000.0,,186000000.0,-6000000.0,0.0
2015-06-30,8116000000.0,,,,,,758000000.0,,516000000.0,110000000.0,,0.9,0.9,480000000.0,483000000.0,249000000.0,,1049000000.0,141000000.0,,,280000000.0,6446000000.0,,45010000000.0,,,1101000000.0,61631000000.0,1178000000.0,2123000000.0,,6302000000.0,,8732000000.0,,2307000000.0,,5308000000.0,-6000000.0,16019000000.0,61631000000.0,,,,241000000.0,-20000000.0,,,78000000.0,,,1859000000.0,,,,,,2410000000.0,,-13000000.0,-2486000000.0,252000000.0,,725000000.0,98000000.0,0.0
2015-09-30,12666000000.0,,,,,,1303000000.0,,834000000.0,84000000.0,,1.54,1.53,486000000.0,489000000.0,154000000.0,,1194000000.0,149000000.0,,,327000000.0,6131000000.0,,45647000000.0,,,1113000000.0,61989000000.0,1286000000.0,2111000000.0,,6108000000.0,,8773000000.0,,2306000000.0,,5391000000.0,-6000000.0,16568000000.0,61989000000.0,,,,322000000.0,-5000000.0,,,95000000.0,,,2942000000.0,,,,,,3662000000.0,,-18000000.0,-3734000000.0,689000000.0,,795000000.0,3000000.0,0.0
2015-12-31,16833000000.0,,,,,,1508000000.0,,861000000.0,-27000000.0,,1.81,1.79,484000000.0,487000000.0,123000000.0,,1106000000.0,126000000.0,,,347000000.0,5822000000.0,,46723000000.0,,,1160000000.0,63339000000.0,1414000000.0,1997000000.0,,6363000000.0,,9206000000.0,,2326000000.0,,5301000000.0,-7000000.0,16576000000.0,63339000000.0,,,,177000000.0,-37000000.0,,,-55000000.0,,,3753000000.0,,,,,,5173000000.0,,-22000000.0,-5211000000.0,780000000.0,,1430000000.0,-28000000.0,-77000000.0
2016-03-31,3974000000.0,,,,,,95000000.0,,-77000000.0,-187000000.0,,0.22,0.22,493000000.0,495000000.0,142000000.0,,1010000000.0,109000000.0,,,327000000.0,5634000000.0,,48044000000.0,,,1173000000.0,64650000000.0,1062000000.0,2155000000.0,,5974000000.0,,9323000000.0,,2372000000.0,,5179000000.0,-7000000.0,16612000000.0,64650000000.0,,,,-210000000.0,14000000.0,,,-65000000.0,,,1055000000.0,,,,,,1229000000.0,,-4000000.0,-1249000000.0,146000000.0,,214000000.0,20000000.0,
2016-06-30,8143000000.0,,,,,,496000000.0,,222000000.0,-175000000.0,,0.63,0.63,497000000.0,498000000.0,189000000.0,,1039000000.0,123000000.0,,,284000000.0,6135000000.0,,48597000000.0,,,1187000000.0,65927000000.0,1313000000.0,1793000000.0,,6651000000.0,,9556000000.0,,2407000000.0,,5137000000.0,-7000000.0,16746000000.0,65927000000.0,,,,338000000.0,30000000.0,,,179000000.0,,,1781000000.0,,,,,,2651000000.0,,-6000000.0,-2686000000.0,289000000.0,,971000000.0,66000000.0,54000000.0
2016-09-30,12953000000.0,,,,,,1136000000.0,,606000000.0,-105000000.0,,1.41,1.4,501000000.0,503000000.0,71000000.0,,1233000000.0,134000000.0,,,306000000.0,5749000000.0,,49430000000.0,,,1185000000.0,66565000000.0,1370000000.0,1958000000.0,,6270000000.0,,9850000000.0,,2394000000.0,,5278000000.0,-7000000.0,17354000000.0,66565000000.0,,,,546000000.0,38000000.0,,,189000000.0,,,3248000000.0,,,,,,4128000000.0,,-10000000.0,-4083000000.0,727000000.0,,783000000.0,-52000000.0,154000000.0
2016-12-31,17666000000.0,,,,,,2177000000.0,,1462000000.0,55000000.0,,2.79,2.78,499000000.0,501000000.0,177000000.0,,1252000000.0,117000000.0,,,283000000.0,6164000000.0,,50581000000.0,,,1226000000.0,68598000000.0,1495000000.0,2323000000.0,,7564000000.0,,10213000000.0,,2279000000.0,,5751000000.0,-9000000.0,17940000000.0,68598000000.0,,,,473000000.0,24000000.0,,,180000000.0,,,4409000000.0,,,,,,5709000000.0,,-13000000.0,-5526000000.0,822000000.0,,1171000000.0,54000000.0,-231000000.0
2017-03-31,4268000000.0,,,,,,880000000.0,,688000000.0,109000000.0,,1.13,1.13,508000000.0,511000000.0,164000000.0,,1197000000.0,96000000.0,,,274000000.0,5980000000.0,,51080000000.0,,,1244000000.0,69164000000.0,1117000000.0,2014000000.0,,6538000000.0,,10488000000.0,,2347000000.0,,6070000000.0,-9000000.0,18353000000.0,69164000000.0,,,,-373000000.0,2000000.0,,,-13000000.0,,,1574000000.0,,,,,,1216000000.0,,-4000000.0,-1235000000.0,146000000.0,,-352000000.0,-13000000.0,1000000.0
2017-06-30,8518000000.0,,,,,,1628000000.0,,1232000000.0,243000000.0,,1.93,1.92,511000000.0,513000000.0,178000000.0,,1208000000.0,132000000.0,,,249000000.0,6071000000.0,,51636000000.0,,,1234000000.0,70055000000.0,1389000000.0,1927000000.0,,6948000000.0,,10753000000.0,,2360000000.0,,6205000000.0,-8000000.0,18639000000.0,70055000000.0,,,,-111000000.0,38000000.0,,,19000000.0,,,2756000000.0,,,,,,2474000000.0,,-8000000.0,-2489000000.0,247000000.0,,-266000000.0,1000000.0,68000000.0
2017-09-30,13035000000.0,,,,,,2527000000.0,,1945000000.0,403000000.0,,3.0,2.98,513000000.0,516000000.0,191000000.0,,1368000000.0,138000000.0,,,279000000.0,6383000000.0,,52523000000.0,,,1229000000.0,71526000000.0,1419000000.0,2271000000.0,,7473000000.0,,11085000000.0,,2333000000.0,,6482000000.0,-8000000.0,19034000000.0,71526000000.0,,,,58000000.0,35000000.0,,,76000000.0,,,4737000000.0,,,,,,3938000000.0,,-16000000.0,-3950000000.0,345000000.0,,-773000000.0,14000000.0,158000000.0
2017-12-31,17135000000.0,,,,,,2956000000.0,,2171000000.0,511000000.0,,3.21,3.21,512000000.0,513000000.0,449000000.0,,1243000000.0,115000000.0,,,464000000.0,6281000000.0,,53789000000.0,,,1221000000.0,68012000000.0,1646000000.0,2010000000.0,,7129000000.0,,5822000000.0,,2130000000.0,,6596000000.0,-8000000.0,19220000000.0,68012000000.0,,,,-67000000.0,18000000.0,,,173000000.0,,,5977000000.0,,,,,,5641000000.0,,-23000000.0,-5650000000.0,395000000.0,,-55000000.0,272000000.0,-162000000.0
2018-03-31,4056000000.0,,,,,,599000000.0,,496000000.0,51000000.0,,0.86,0.86,515000000.0,516000000.0,144000000.0,,1222000000.0,79000000.0,,,520000000.0,5855000000.0,,54341000000.0,,,1327000000.0,68154000000.0,1231000000.0,1964000000.0,,6920000000.0,,,,2228000000.0,,7043000000.0,-13000000.0,19731000000.0,68154000000.0,,,,-120000000.0,-28000000.0,,,24000000.0,,,1512000000.0,,,,,,1470000000.0,,-6000000.0,-1475000000.0,35000000.0,,-342000000.0,-305000000.0,0.0
2018-06-30,8290000000.0,,,,,,-1465000000.0,,-1573000000.0,-593000000.0,,-1.91,-1.91,516000000.0,517000000.0,517000000.0,,1169000000.0,107000000.0,,,415000000.0,6367000000.0,,55154000000.0,,,1353000000.0,69889000000.0,1477000000.0,1538000000.0,,9786000000.0,,,,2247000000.0,,6057000000.0,-13000000.0,18809000000.0,69889000000.0,,,,11000000.0,6000000.0,,,39000000.0,,,2753000000.0,,,,,,2897000000.0,,-15000000.0,-2895000000.0,82000000.0,,210000000.0,68000000.0,0.0
2018-09-30,12671000000.0,,,,,,696000000.0,,582000000.0,-527000000.0,,1.09,1.09,517000000.0,517000000.0,430000000.0,,1297000000.0,116000000.0,,,698000000.0,6349000000.0,,56205000000.0,,,1418000000.0,71385000000.0,1699000000.0,1899000000.0,,9489000000.0,,,,2351000000.0,,6623000000.0,-12000000.0,19444000000.0,71385000000.0,,,,201000000.0,24000000.0,,,245000000.0,,,4236000000.0,,,,,,4592000000.0,,-19000000.0,-4617000000.0,137000000.0,,362000000.0,-19000000.0,49000000.0
2018-12-31,16759000000.0,,,,,,-9700000000.0,,-10129000000.0,-3292000000.0,,-13.25,-13.25,517000000.0,517000000.0,1668000000.0,,1148000000.0,111000000.0,,,448000000.0,9195000000.0,,58557000000.0,,,1480000000.0,76995000000.0,1975000000.0,1512000000.0,,41695000000.0,,,,2464000000.0,,-250000000.0,-9000000.0,12651000000.0,76995000000.0,,,,121000000.0,73000000.0,,,409000000.0,,,4752000000.0,,,,,,6514000000.0,,-23000000.0,-6564000000.0,200000000.0,,3031000000.0,,-49000000.0
2019-03-31,4011000000.0,,,,,,189000000.0,,52000000.0,-84000000.0,136000000.0,0.25,0.25,526000000.0,527000000.0,2964000000.0,,1319000000.0,72000000.0,,,609000000.0,10693000000.0,,59237000000.0,,,1467000000.0,82287000000.0,867000000.0,1603000000.0,,4808000000.0,,,,2273000000.0,,-114000000.0,-9000000.0,12877000000.0,82287000000.0,,,,31000000.0,-18000000.0,,,-180000000.0,,,2244000000.0,,,,,,1224000000.0,,-3000000.0,-1247000000.0,85000000.0,,300000000.0,,
2019-06-30,7954000000.0,,,,,,-3640000000.0,,-3668000000.0,-1203000000.0,,-4.83,-4.83,529000000.0,529000000.0,3459000000.0,,1260000000.0,99000000.0,,,535000000.0,11577000000.0,,60251000000.0,,,1465000000.0,84387000000.0,1679000000.0,1418000000.0,,5711000000.0,,,,2357000000.0,,-2663000000.0,-9000000.0,10342000000.0,84387000000.0,,,,54000000.0,41000000.0,,,159000000.0,,,2757000000.0,,,,,,2410000000.0,,-6000000.0,-2434000000.0,85000000.0,,1468000000.0,,
2019-09-30,12386000000.0,,,,,,-5751000000.0,,-5961000000.0,-1932000000.0,,-7.65,-7.65,529000000.0,529000000.0,2970000000.0,,1397000000.0,110000000.0,,,677000000.0,11577000000.0,,61324000000.0,,,1538000000.0,85713000000.0,1844000000.0,1857000000.0,,6472000000.0,,,,2473000000.0,,-4279000000.0,-9000000.0,8739000000.0,85713000000.0,,,,264000000.0,68000000.0,,,371000000.0,,,4067000000.0,,,,,,4192000000.0,,-8000000.0,-4250000000.0,85000000.0,,1485000000.0,,0.0
2019-12-31,17129000000.0,,,,,,-10094000000.0,,-11042000000.0,-3400000000.0,,-14.5,-14.5,528000000.0,528000000.0,1570000000.0,,1287000000.0,97000000.0,,,646000000.0,10165000000.0,,61635000000.0,,,1804000000.0,85196000000.0,,1254000000.0,,7631000000.0,,,,2573000000.0,,-7892000000.0,-10000000.0,5136000000.0,85196000000.0,,,,,80000000.0,,,516000000.0,,,4816000000.0,,,,,,6313000000.0,,-11000000.0,-6378000000.0,85000000.0,,1464000000.0,,0.0
2020-03-31,4306000000.0,,,,,,655000000.0,,338000000.0,-36000000.0,,0.7,0.57,529000000.0,648000000.0,1960000000.0,,1319000000.0,77000000.0,,,601000000.0,10558000000.0,,62498000000.0,,,1841000000.0,86688000000.0,,1300000000.0,,8253000000.0,,,,2757000000.0,,-7518000000.0,-10000000.0,5507000000.0,86688000000.0,,,,,-3000000.0,,,245000000.0,,,1605000000.0,,,,,,1641000000.0,,-5000000.0,-1655000000.0,0.0,,440000000.0,,
2020-06-30,8839000000.0,,,,,,937000000.0,,-1429000000.0,539000000.0,,-3.73,-3.73,529000000.0,529000000.0,968000000.0,,1419000000.0,89000000.0,,,400000000.0,25013000000.0,,63401000000.0,,,1870000000.0,109229000000.0,,3605000000.0,,45795000000.0,,,,4423000000.0,,-9486000000.0,-10000000.0,3549000000.0,109229000000.0,,,,,19000000.0,,,722000000.0,,,3291000000.0,,,,,,3399000000.0,,-8000000.0,-3441000000.0,0.0,,13954000000.0,,
2020-09-30,13721000000.0,,,,,,1335000000.0,,-1114000000.0,394000000.0,,-1.5,-1.5,1967000000.0,2140000000.0,464000000.0,,1775000000.0,94000000.0,,,1126000000.0,9798000000.0,,64670000000.0,,,1923000000.0,95587000000.0,,2010000000.0,,13321000000.0,,,,4415000000.0,,-9400000000.0,-10000000.0,20812000000.0,95587000000.0,,,,,12000000.0,,,465000000.0,,,-19219000000.0,,,,,,5475000000.0,,-10000000.0,-5524000000.0,,,23845000000.0,-898000000.0,
2020-12-31,18469000000.0,,,,,,1755000000.0,,-942000000.0,362000000.0,,-1.05,-1.05,1257000000.0,1257000000.0,484000000.0,,1883000000.0,95000000.0,,,1334000000.0,9602000000.0,,66136000000.0,,,1978000000.0,97856000000.0,,2256000000.0,,13581000000.0,,,,3848000000.0,,-9196000000.0,-27000000.0,21001000000.0,97856000000.0,,,,,-6000000.0,,,58000000.0,,,-19130000000.0,,,,,,7690000000.0,,-14000000.0,-7748000000.0,,,25928000000.0,-950000000.0,0.0
2021-03-31,4716000000.0,,,,,,304000000.0,,25000000.0,-98000000.0,,0.06,0.06,1985000000.0,2131000000.0,229000000.0,,1835000000.0,17000000.0,,,1153000000.0,9067000000.0,,67261000000.0,,,2052000000.0,98558000000.0,,2270000000.0,,12217000000.0,,,,4464000000.0,,-9073000000.0,-26000000.0,21127000000.0,98558000000.0,,,,,-14000000.0,,,143000000.0,,,1198000000.0,,,,,,1778000000.0,,-9000000.0,-1796000000.0,,,229000000.0,-369000000.0,
2021-06-30,9931000000.0,,,,,,938000000.0,,393000000.0,-131000000.0,524000000.0,0.26,0.24,1985000000.0,2146000000.0,307000000.0,,1909000000.0,44000000.0,,,1194000000.0,10289000000.0,,68344000000.0,,,2121000000.0,100494000000.0,,2082000000.0,,15493000000.0,,,,4429000000.0,,-8672000000.0,-26000000.0,21547000000.0,100494000000.0,,,,,1000000.0,,,119000000.0,,,1230000000.0,,,,,,3620000000.0,,-48000000.0,-3568000000.0,,,2030000000.0,-308000000.0,
2021-09-30,15396000000.0,,,,,,1242000000.0,,430000000.0,1125000000.0,-1088000000.0,-0.55,-0.55,1985000000.0,1985000000.0,420000000.0,,1817000000.0,47000000.0,,,1458000000.0,11527000000.0,,69391000000.0,,,2682000000.0,103561000000.0,,2781000000.0,,17784000000.0,,,,4606000000.0,,-9760000000.0,-25000000.0,20475000000.0,103561000000.0,,,,,5000000.0,,,242000000.0,,,2053000000.0,,,,,,5468000000.0,,-52000000.0,-4678000000.0,,,2429000000.0,-196000000.0,12000000.0
2021-12-31,20642000000.0,,,,,,1883000000.0,,748000000.0,836000000.0,,-0.05,-0.05,1985000000.0,1985000000.0,291000000.0,,2345000000.0,44000000.0,,,882000000.0,11077000000.0,,,,,2863000000.0,103327000000.0,,2436000000.0,,17427000000.0,,,,4308000000.0,,-9284000000.0,-20000000.0,20971000000.0,103327000000.0,,,,,32000000.0,,,117000000.0,,,2262000000.0,,,,,,7689000000.0,,-59000000.0,-6905000000.0,,,4323000000.0,-320000000.0,99000000.0
2022-03-31,5798000000.0,,,,,,536000000.0,,274000000.0,-204000000.0,,0.24,0.22,1986000000.0,2134000000.0,247000000.0,,2080000000.0,29000000.0,,,627000000.0,10376000000.0,,,,,2902000000.0,103931000000.0,,2386000000.0,,16560000000.0,,,,4420000000.0,,-8867000000.0,-20000000.0,21392000000.0,103931000000.0,,,,,22000000.0,,,217000000.0,,,1661000000.0,,,,,,2310000000.0,,-6000000.0,-2330000000.0,,,638000000.0,-31000000.0,
2022-06-30,10916000000.0,,,,,,981000000.0,,306000000.0,-532000000.0,,0.42,0.39,1987000000.0,2141000000.0,239000000.0,,2203000000.0,74000000.0,,,790000000.0,11674000000.0,,,,,3011000000.0,113541000000.0,,2340000000.0,,15007000000.0,,,,4516000000.0,,-8511000000.0,-25000000.0,21767000000.0,113541000000.0,,,,,93000000.0,,,432000000.0,,,1639000000.0,,,,,,4539000000.0,,-16000000.0,-4980000000.0,,,3349000000.0,8000000.0,
2022-09-30,16310000000.0,,,,,,1707000000.0,,668000000.0,-629000000.0,,0.65,0.6,1987000000.0,2132000000.0,262000000.0,,2726000000.0,82000000.0,,,1103000000.0,12210000000.0,,,,,3081000000.0,117012000000.0,,2926000000.0,,14027000000.0,,,,4612000000.0,,-8055000000.0,-37000000.0,22234000000.0,117012000000.0,,,,,152000000.0,,,607000000.0,,,2712000000.0,,,,,,7411000000.0,,-25000000.0,-8318000000.0,,,5706000000.0,100000000.0,0.0
2022-12-31,21680000000.0,,,,,,1837000000.0,,476000000.0,-1338000000.0,,0.91,0.84,1987000000.0,2132000000.0,734000000.0,,2645000000.0,91000000.0,,,1433000000.0,12815000000.0,,,,,2969000000.0,118644000000.0,,3372000000.0,,15788000000.0,,,,4291000000.0,,-7542000000.0,-5000000.0,22823000000.0,118644000000.0,,,,,246000000.0,,,627000000.0,,,3721000000.0,,,,,,9584000000.0,,-34000000.0,-10214000000.0,,,7133000000.0,640000000.0,0.0
2023-03-31,6209000000.0,,,,,,629000000.0,,224000000.0,-348000000.0,,0.29,0.27,1991000000.0,2132000000.0,1028000000.0,,2568000000.0,34000000.0,,,740000000.0,12297000000.0,,,,,3104000000.0,119612000000.0,,2995000000.0,,14801000000.0,,,,4394000000.0,,-6973000000.0,0.0,23334000000.0,119612000000.0,,,,,-7000000.0,,,303000000.0,,,1185000000.0,,,,,,2288000000.0,,-5000000.0,-2140000000.0,,,1423000000.0,468000000.0,
2023-06-30,11499000000.0,,,,,,1135000000.0,,299000000.0,-683000000.0,,0.49,0.46,2019000000.0,2139000000.0,805000000.0,,2107000000.0,55000000.0,,,648000000.0,12681000000.0,,,,,3244000000.0,120705000000.0,,2816000000.0,,13202000000.0,,,,4648000000.0,,-6567000000.0,0.0,23763000000.0,120705000000.0,,,,,46000000.0,,,145000000.0,,,2460000000.0,,,,,,4680000000.0,,-7000000.0,-4420000000.0,,,2075000000.0,115000000.0,
2023-09-30,17387000000.0,,,,,,1536000000.0,,234000000.0,-1099000000.0,,0.65,0.62,2111000000.0,2140000000.0,589000000.0,,2178000000.0,66000000.0,,,538000000.0,12809000000.0,,,,,3937000000.0,123009000000.0,,3487000000.0,,15172000000.0,,,,4736000000.0,,-6219000000.0,-2000000.0,24132000000.0,123009000000.0,,,,,46000000.0,,,331000000.0,,,4270000000.0,,,,,,7101000000.0,,-11000000.0,-6711000000.0,,,2456000000.0,15000000.0,
2023-12-31,24428000000.0,,,,,,2671000000.0,,699000000.0,-1557000000.0,,1.09,1.05,2064000000.0,2138000000.0,635000000.0,,2048000000.0,65000000.0,,,1375000000.0,14383000000.0,,,,,3079000000.0,125698000000.0,,4698000000.0,,17314000000.0,,,,3633000000.0,,-5321000000.0,-13000000.0,25040000000.0,125698000000.0,,,,,28000000.0,,,-90000000.0,,,4747000000.0,,,,,,9714000000.0,,-13000000.0,-9162000000.0,,,4400000000.0,-15000000.0,0.0
2024-03-31,5861000000.0,,,,,,1276000000.0,,774000000.0,39000000.0,,0.34,0.34,2134000000.0,2139000000.0,658000000.0,,2160000000.0,44000000.0,,,1395000000.0,15231000000.0,,,,,3239000000.0,127645000000.0,,4456000000.0,,15453000000.0,,,,3865000000.0,,-4611000000.0,-14000000.0,25731000000.0,127645000000.0,,,,,-49000000.0,,,608000000.0,,,2261000000.0,,,,,,2638000000.0,,-4000000.0,-2930000000.0,,,757000000.0,88000000.0,
2024-06-30,11847000000.0,,,,,,2410000000.0,,1380000000.0,121000000.0,,0.59,0.58,2137000000.0,2142000000.0,1315000000.0,,1982000000.0,56000000.0,,,1678000000.0,16739000000.0,,,,,3469000000.0,130788000000.0,,4275000000.0,,18543000000.0,,,,4127000000.0,,-4112000000.0,-14000000.0,26253000000.0,130788000000.0,,,,,-47000000.0,,,419000000.0,,,2972000000.0,,,,,,4936000000.0,,-10000000.0,-5225000000.0,,,2873000000.0,620000000.0,
2024-09-30,17788000000.0,,,,,,3439000000.0,,1853000000.0,-106000000.0,,0.86,0.85,2137000000.0,2143000000.0,895000000.0,,2302000000.0,51000000.0,,,2276000000.0,17547000000.0,,,,,3748000000.0,132319000000.0,,4615000000.0,,16883000000.0,,,,4227000000.0,,-3558000000.0,-10000000.0,26834000000.0,132319000000.0,,,,,-31000000.0,,,541000000.0,,,6103000000.0,,,,,,7541000000.0,,-15000000.0,-8219000000.0,,,2414000000.0,298000000.0,
