Date,Net sales,Cost of sales,Gross margin,Research and development,"Selling, general and administrative",Total operating expenses,Operating income,"Other income/(expense), net",Income before provision for income taxes,Provision for income taxes,Net income,Earnings per share basic,Earnings per share diluted,Weighted-average basic,Weighted-average diluted,Cash and cash equivalents,Short-term marketable securities,"Accounts receivable, net",Inventories,Deferred tax assets,Vendor non-trade receivables,Other current assets,Total current assets,Long-term marketable securities,"Property, Plant and Equipment, Net",Goodwill,"Acquired intangible assets, net","Other Assets, Noncurrent",Total assets,accounts payable,Accrued expenses,Deferred revenue,Total current liabilities,Deferred revenue - non-current,deferred tax liabilities,long term taxes payable,Total other non-current liabilities,Total liabilities,Retained Earnings (Accumulated Deficit),Accumulated other comprehensive (loss)/income,Total shareholders equity,Total liabilities and shareholders' equity,"Depreciation, amortization and accretion",Stock-based compensation expense,Deferred income tax expense,"Increase (Decrease) in Accounts receivable, net",Increase (Decrease) in Inventories,Increase (Decrease) in Other Receivables,Increase (Decrease) in Other Operating Assets,Increase (Decrease) in Accounts Payable,Increase (Decrease) in Deferred Revenue,Increase (Decrease) Other liabilities,Cash generated by operating activities,Purchases of marketable securities,Proceeds from maturities of marketable securities,Proceeds from sales of marketable securities,Purchases of other long-term investments,"Business acquisitions, net of cash acquired",Cash payments for capital asset purchases,Payments for acquisition of intangible assets,Payments for (Proceeds from) Other Investing Activities,Cash used in investing activities,Proceeds from issuance of common stock,Excess tax benefits from stock-based compensation,Cash generated/used in financing activities,Increase/(decrease) in cash and cash equivalents,"Cash paid for income taxes, net"
2009-12-31,12406000000.0,,,,,9285000000.0,3121000000.0,,,1044000000.0,1592000000.0,3.15,3.14,505986000.0,507064000.0,350000000.0,,1229000000.0,,,,83000000.0,3646000000.0,,15440000000.0,16000000.0,123000000.0,233000000.0,28730000000.0,1081000000.0,428000000.0,,3214000000.0,,,,140000000.0,,4704000000.0,-116000000.0,8788000000.0,28730000000.0,838000000.0,,,,,,,,,,1855000000.0,1798000000.0,,1769000000.0,,,1794000000.0,,10000000.0,-792000000.0,0.0,,-1034000000.0,29000000.0,
2010-03-31,3680000000.0,,,,,2746000000.0,934000000.0,,,356000000.0,491000000.0,0.97,0.97,505950000.0,507147000.0,312000000.0,,1492000000.0,,,,105000000.0,3469000000.0,,15683000000.0,16000000.0,133000000.0,214000000.0,28775000000.0,1002000000.0,431000000.0,,2800000000.0,,,,141000000.0,,5022000000.0,-24000000.0,9201000000.0,28775000000.0,232000000.0,,,,,,,,,,1072000000.0,189000000.0,,181000000.0,,,427000000.0,,-11000000.0,-318000000.0,,,-792000000.0,-38000000.0,
2010-09-30,9389000000.0,,,,,7016000000.0,2373000000.0,,,866000000.0,1282000000.0,2.53,2.53,506001000.0,507068000.0,332000000.0,158000000.0,1211000000.0,,,,61000000.0,3671000000.0,,,16000000.0,129000000.0,220000000.0,29104000000.0,992000000.0,336000000.0,,3018000000.0,,,,151000000.0,,5466000000.0,-111000000.0,9557000000.0,29104000000.0,730000000.0,,,,,,,,,,1339000000.0,905000000.0,,886000000.0,,,1517000000.0,,-15000000.0,-1096000000.0,,,-261000000.0,-18000000.0,
2010-12-31,11793000000.0,,,,,8856000000.0,2937000000.0,,,1059000000.0,1564000000.0,3.09,3.08,505985000.0,507045000.0,280000000.0,160000000.0,1387000000.0,,43000000.0,,122000000.0,5051000000.0,,,16000000.0,136000000.0,206000000.0,29909000000.0,1176000000.0,319000000.0,,3485000000.0,,,,152000000.0,,5575000000.0,-156000000.0,9633000000.0,29909000000.0,974000000.0,,1071000000.0,,,,,,,,2164000000.0,1140000000.0,,1116000000.0,,,2160000000.0,,-21000000.0,-1669000000.0,,,-565000000.0,-70000000.0,
2011-03-31,3354000000.0,,,,,2498000000.0,856000000.0,,,329000000.0,526000000.0,1.04,1.04,505979000.0,507132000.0,900000000.0,164000000.0,1419000000.0,,80000000.0,,113000000.0,4466000000.0,,,16000000.0,135000000.0,204000000.0,29370000000.0,1067000000.0,358000000.0,,3483000000.0,,,,82000000.0,,5928000000.0,-187000000.0,9957000000.0,29370000000.0,245000000.0,,,,,,,,,,1042000000.0,331000000.0,,315000000.0,,,497000000.0,,-7000000.0,-155000000.0,,,-267000000.0,620000000.0,
2011-06-30,5823000000.0,,,,,4346000000.0,1477000000.0,,,556000000.0,849000000.0,1.68,1.67,505988000.0,506945000.0,159000000.0,,1128000000.0,,96000000.0,,111000000.0,3786000000.0,,,16000000.0,142000000.0,201000000.0,28789000000.0,1018000000.0,308000000.0,,3530000000.0,,,,82000000.0,,6077000000.0,-179000000.0,10109000000.0,28789000000.0,483000000.0,,,,,,,,,,1395000000.0,676000000.0,,657000000.0,,,1002000000.0,,4000000.0,-673000000.0,,,-843000000.0,-121000000.0,
2011-09-30,8443000000.0,,,,,6410000000.0,2033000000.0,,,757000000.0,1143000000.0,2.26,2.25,505959000.0,506999000.0,1242000000.0,,1164000000.0,,96000000.0,,120000000.0,4970000000.0,,,16000000.0,164000000.0,204000000.0,29911000000.0,1144000000.0,312000000.0,,3692000000.0,,,,77000000.0,,6198000000.0,-256000000.0,10159000000.0,29911000000.0,745000000.0,,,,,,,,,,2409000000.0,1110000000.0,,1088000000.0,,,1479000000.0,,13000000.0,-827000000.0,,,-620000000.0,962000000.0,
2011-12-31,11079000000.0,,,,,8337000000.0,2742000000.0,,,977000000.0,1503000000.0,2.97,2.96,505949000.0,506982000.0,834000000.0,,967000000.0,,0.0,,122000000.0,3911000000.0,,,16000000.0,131000000.0,232000000.0,29821000000.0,1184000000.0,291000000.0,,2957000000.0,,,,86000000.0,,6385000000.0,-337000000.0,10270000000.0,29821000000.0,982000000.0,,,,,,,,,,3557000000.0,1386000000.0,,1355000000.0,,,2083000000.0,,21000000.0,-1269000000.0,,1000000.0,-1734000000.0,554000000.0,
2012-03-31,2875000000.0,,,,,2092000000.0,783000000.0,,,212000000.0,493000000.0,0.97,0.97,506010000.0,507029000.0,931000000.0,,992000000.0,,,,28000000.0,3961000000.0,,,16000000.0,136000000.0,238000000.0,30002000000.0,1030000000.0,345000000.0,,3108000000.0,,,,85000000.0,,6699000000.0,-293000000.0,10624000000.0,30002000000.0,256000000.0,,,,,,,,,,1088000000.0,511000000.0,,499000000.0,,,687000000.0,,7000000.0,-706000000.0,,,-285000000.0,97000000.0,
2012-06-30,4973000000.0,,,,,3757000000.0,1216000000.0,,,358000000.0,704000000.0,1.39,1.39,505956000.0,506999000.0,765000000.0,,896000000.0,,90000000.0,,32000000.0,3940000000.0,,,16000000.0,52000000.0,250000000.0,30142000000.0,898000000.0,323000000.0,,2816000000.0,,,,93000000.0,,6730000000.0,-310000000.0,10644000000.0,30142000000.0,511000000.0,,,,,,,,,,1378000000.0,867000000.0,,850000000.0,,,1280000000.0,,42000000.0,-1339000000.0,,,-108000000.0,-69000000.0,
2012-09-30,7375000000.0,,,,,5565000000.0,1810000000.0,,,599000000.0,1051000000.0,2.08,2.07,505942000.0,507111000.0,780000000.0,,1044000000.0,,148000000.0,,41000000.0,3978000000.0,,,16000000.0,57000000.0,284000000.0,30706000000.0,1012000000.0,361000000.0,,3039000000.0,,,,108000000.0,,6898000000.0,-322000000.0,10806000000.0,30706000000.0,797000000.0,,,,,,,,,,2311000000.0,1497000000.0,,1473000000.0,,,1969000000.0,,58000000.0,-2051000000.0,,,-314000000.0,-54000000.0,
2012-12-31,9781000000.0,,,,,7503000000.0,2278000000.0,,,736000000.0,1275000000.0,2.52,2.51,505933000.0,507086000.0,379000000.0,,1069000000.0,,49000000.0,,56000000.0,3869000000.0,,,16000000.0,34000000.0,296000000.0,31725000000.0,1304000000.0,390000000.0,,3777000000.0,,,,108000000.0,,6942000000.0,-388000000.0,10780000000.0,31725000000.0,1054000000.0,,,,,,,,,,2787000000.0,1700000000.0,,1666000000.0,,,2574000000.0,,75000000.0,-2625000000.0,,1000000.0,-617000000.0,-455000000.0,
2013-03-31,2786000000.0,,,,,2176000000.0,610000000.0,,,220000000.0,320000000.0,0.63,0.63,505942000.0,507220000.0,420000000.0,,1457000000.0,,38000000.0,,50000000.0,3656000000.0,,,16000000.0,37000000.0,329000000.0,31712000000.0,1078000000.0,478000000.0,,3406000000.0,,,,114000000.0,,7080000000.0,-355000000.0,10946000000.0,31712000000.0,290000000.0,,,,,,,,,,877000000.0,271000000.0,,258000000.0,,,724000000.0,,-4000000.0,-733000000.0,,,-103000000.0,41000000.0,
2013-06-30,5096000000.0,,,,,3874000000.0,1222000000.0,,,438000000.0,653000000.0,1.29,1.29,505921000.0,507381000.0,164000000.0,,1133000000.0,,32000000.0,,37000000.0,3615000000.0,,,16000000.0,41000000.0,325000000.0,32059000000.0,1046000000.0,386000000.0,,3058000000.0,,,,116000000.0,,7231000000.0,-362000000.0,11096000000.0,32059000000.0,573000000.0,,,,,,,,,,1343000000.0,684000000.0,,681000000.0,,,1406000000.0,,12000000.0,-1379000000.0,,,-179000000.0,-215000000.0,
2013-09-30,7650000000.0,,,,,5716000000.0,1934000000.0,,,708000000.0,1043000000.0,2.06,2.06,505900000.0,507694000.0,448000000.0,,1069000000.0,,31000000.0,,43000000.0,3741000000.0,,,16000000.0,52000000.0,328000000.0,32610000000.0,1024000000.0,446000000.0,,3235000000.0,,,,115000000.0,,7439000000.0,-338000000.0,11338000000.0,32610000000.0,886000000.0,,,,,,,,,,2435000000.0,922000000.0,,914000000.0,,,2102000000.0,,20000000.0,-2088000000.0,,,-278000000.0,69000000.0,
2013-12-31,9968000000.0,,,,,7669000000.0,2299000000.0,,,812000000.0,1243000000.0,2.46,2.45,505889000.0,507525000.0,493000000.0,,1203000000.0,,24000000.0,,31000000.0,3614000000.0,,,16000000.0,33000000.0,312000000.0,32522000000.0,1222000000.0,488000000.0,,3063000000.0,,,,119000000.0,,7457000000.0,-95000000.0,11608000000.0,32522000000.0,1178000000.0,,,,,,,,,,3158000000.0,1170000000.0,,1159000000.0,,,2811000000.0,,29000000.0,-2801000000.0,,,-243000000.0,114000000.0,241000000.0
2014-03-31,3223000000.0,,,,,2518000000.0,705000000.0,,,260000000.0,386000000.0,0.76,0.76,506077000.0,507831000.0,655000000.0,,1710000000.0,,114000000.0,,33000000.0,3853000000.0,,,16000000.0,48000000.0,313000000.0,33326000000.0,1116000000.0,579000000.0,,3357000000.0,,,,116000000.0,,7656000000.0,-87000000.0,11799000000.0,33326000000.0,306000000.0,,,,,,,,,,1116000000.0,269000000.0,,257000000.0,,,609000000.0,,8000000.0,-629000000.0,,,-325000000.0,162000000.0,15000000.0
2014-06-30,5472000000.0,,,,,4402000000.0,1070000000.0,,,372000000.0,598000000.0,1.18,1.18,505976000.0,508056000.0,570000000.0,,1294000000.0,,104000000.0,,34000000.0,3794000000.0,,,16000000.0,90000000.0,324000000.0,33700000000.0,1104000000.0,490000000.0,,3463000000.0,,,,107000000.0,,7681000000.0,-73000000.0,11843000000.0,33700000000.0,601000000.0,,,,,,,,,,1448000000.0,599000000.0,,584000000.0,,,1229000000.0,,49000000.0,-1282000000.0,,,-89000000.0,77000000.0,296000000.0
2014-09-30,8113000000.0,,,,,6297000000.0,1816000000.0,,,633000000.0,1042000000.0,2.06,2.05,505937000.0,507422000.0,703000000.0,,1267000000.0,,128000000.0,,24000000.0,3846000000.0,,,16000000.0,102000000.0,331000000.0,34147000000.0,1111000000.0,481000000.0,,3136000000.0,,,,132000000.0,,7938000000.0,-99000000.0,12083000000.0,34147000000.0,919000000.0,,,,,,,,,,2536000000.0,1241000000.0,,1224000000.0,,,1922000000.0,,60000000.0,-1988000000.0,,,-338000000.0,210000000.0,284000000.0
2014-12-31,10886000000.0,,,,,8263000000.0,2623000000.0,,,938000000.0,1518000000.0,3.0,2.99,506000000.0,508000000.0,402000000.0,,1254000000.0,,11000000.0,,15000000.0,4119000000.0,,,16000000.0,84000000.0,353000000.0,35333000000.0,1178000000.0,547000000.0,,3478000000.0,,7654000000.0,,112000000.0,,8227000000.0,-283000000.0,12185000000.0,35333000000.0,1227000000.0,,522000000.0,,,,,,,,3160000000.0,1934000000.0,,1915000000.0,,,2820000000.0,,78000000.0,-2892000000.0,,,-359000000.0,-91000000.0,538000000.0
2015-03-31,3135000000.0,,,,,2087000000.0,1048000000.0,,,398000000.0,586000000.0,1.16,1.15,506000000.0,508000000.0,1008000000.0,,1437000000.0,,0.0,,70000000.0,4159000000.0,,,16000000.0,87000000.0,355000000.0,35827000000.0,1006000000.0,601000000.0,,3622000000.0,,,,127000000.0,,8616000000.0,-270000000.0,12557000000.0,35827000000.0,330000000.0,,,,,,,,,,1679000000.0,638000000.0,,609000000.0,,,747000000.0,,3000000.0,-779000000.0,,,-294000000.0,606000000.0,-175000000.0
2015-06-30,5449000000.0,,,,,3833000000.0,1616000000.0,,,584000000.0,931000000.0,1.84,1.83,506000000.0,508000000.0,597000000.0,,1126000000.0,,0.0,,25000000.0,3627000000.0,,,16000000.0,101000000.0,293000000.0,36212000000.0,1156000000.0,525000000.0,,3107000000.0,,,,143000000.0,,8764000000.0,-277000000.0,12707000000.0,36212000000.0,647000000.0,,,,,,,,,,2234000000.0,918000000.0,,885000000.0,,,1743000000.0,,2000000.0,-1773000000.0,,,-266000000.0,195000000.0,184000000.0
2015-09-30,8137000000.0,,,,,5707000000.0,2430000000.0,,,869000000.0,1370000000.0,2.71,2.7,505000000.0,508000000.0,271000000.0,,1199000000.0,,23000000.0,,23000000.0,3204000000.0,,,16000000.0,122000000.0,279000000.0,36424000000.0,1046000000.0,513000000.0,,3604000000.0,,,,156000000.0,,9005000000.0,-299000000.0,12933000000.0,36424000000.0,960000000.0,,,,,,,,,,3228000000.0,1163000000.0,,1120000000.0,,,2782000000.0,,28000000.0,-2841000000.0,,,-518000000.0,-131000000.0,292000000.0
2015-12-31,10415000000.0,,,,,7453000000.0,2962000000.0,,2680000000.0,1001000000.0,1679000000.0,3.32,3.3,505000000.0,508000000.0,394000000.0,,1068000000.0,,0.0,,13000000.0,3494000000.0,,,16000000.0,102000000.0,231000000.0,37535000000.0,1369000000.0,459000000.0,,3575000000.0,,8447000000.0,,181000000.0,,9117000000.0,-295000000.0,13066000000.0,37535000000.0,1214000000.0,,644000000.0,,,,,,,,3919000000.0,1552000000.0,,1501000000.0,,,3863000000.0,,42000000.0,-3942000000.0,,,15000000.0,-8000000.0,447000000.0
2016-03-31,2616000000.0,,,,,1789000000.0,827000000.0,,,283000000.0,471000000.0,0.93,0.93,505000000.0,508000000.0,592000000.0,,1107000000.0,,,,7000000.0,3263000000.0,,,16000000.0,112000000.0,230000000.0,38126000000.0,1192000000.0,482000000.0,,2942000000.0,,,,174000000.0,,9381000000.0,-269000000.0,13318000000.0,38126000000.0,224000000.0,,,,,,,,,,1214000000.0,207000000.0,,202000000.0,,,1065000000.0,,11000000.0,-1081000000.0,,,65000000.0,198000000.0,-299000000.0
2016-06-30,4521000000.0,,,,,3347000000.0,1174000000.0,,,374000000.0,658000000.0,1.3,1.3,505000000.0,508000000.0,648000000.0,,988000000.0,,,,9000000.0,3489000000.0,,,16000000.0,131000000.0,242000000.0,39045000000.0,1308000000.0,496000000.0,,3120000000.0,,,,181000000.0,,9360000000.0,-252000000.0,13318000000.0,39045000000.0,448000000.0,,,,,,,,,,1722000000.0,407000000.0,,392000000.0,,,1971000000.0,,18000000.0,-2004000000.0,,,536000000.0,254000000.0,-276000000.0
2016-09-30,6971000000.0,,,,,5220000000.0,1751000000.0,,,562000000.0,985000000.0,1.95,1.94,505000000.0,508000000.0,450000000.0,,1031000000.0,,,,21000000.0,3209000000.0,,,16000000.0,154000000.0,243000000.0,39488000000.0,1363000000.0,383000000.0,,2804000000.0,,,,241000000.0,,9480000000.0,-218000000.0,13476000000.0,39488000000.0,679000000.0,,,,,,,,,,2761000000.0,576000000.0,,551000000.0,,,2985000000.0,,44000000.0,-3054000000.0,,,349000000.0,56000000.0,-274000000.0
2016-12-31,9061000000.0,,,,,7485000000.0,1576000000.0,,1298000000.0,411000000.0,887000000.0,1.76,1.75,505000000.0,508000000.0,423000000.0,,1161000000.0,,,,7000000.0,3254000000.0,,,16000000.0,98000000.0,254000000.0,40070000000.0,1459000000.0,426000000.0,,3276000000.0,,8409000000.0,,211000000.0,,9174000000.0,-263000000.0,13130000000.0,40070000000.0,1476000000.0,,339000000.0,,,,,,,,3311000000.0,856000000.0,,824000000.0,,,4199000000.0,99000000.0,-82000000.0,-4248000000.0,,4000000.0,966000000.0,29000000.0,-245000000.0
2017-03-31,2592000000.0,,,,,2414000000.0,178000000.0,,,29000000.0,114000000.0,0.23,0.22,505000000.0,508000000.0,193000000.0,,1212000000.0,,,,8000000.0,2716000000.0,,,16000000.0,106000000.0,258000000.0,39664000000.0,1245000000.0,446000000.0,,3111000000.0,,,,198000000.0,,9070000000.0,-242000000.0,,39664000000.0,828000000.0,,,,,,,,,,1196000000.0,307000000.0,,298000000.0,,,1062000000.0,15000000.0,-7000000.0,-1079000000.0,,,-347000000.0,-230000000.0,-80000000.0
2017-06-30,4725000000.0,,,,,4351000000.0,374000000.0,,,88000000.0,223000000.0,0.44,0.44,505000000.0,507000000.0,430000000.0,,1021000000.0,,,,9000000.0,3188000000.0,,,16000000.0,120000000.0,260000000.0,40524000000.0,1293000000.0,433000000.0,,3164000000.0,,,,205000000.0,,8962000000.0,-226000000.0,,40524000000.0,1469000000.0,,,,,,,,,,1756000000.0,726000000.0,,711000000.0,,,1981000000.0,29000000.0,-36000000.0,-1989000000.0,,,240000000.0,7000000.0,-30000000.0
2017-09-30,6988000000.0,,,,,5921000000.0,1067000000.0,,,340000000.0,618000000.0,1.22,1.22,505000000.0,507000000.0,278000000.0,,1022000000.0,,,,19000000.0,3081000000.0,,,16000000.0,88000000.0,265000000.0,41157000000.0,1305000000.0,425000000.0,,3831000000.0,,,,195000000.0,,9140000000.0,-204000000.0,,41157000000.0,1721000000.0,,,,,,,,,,2734000000.0,1029000000.0,,1013000000.0,,,3046000000.0,90000000.0,-48000000.0,-3104000000.0,,,225000000.0,-145000000.0,-16000000.0
2017-12-31,9084000000.0,,,,,7655000000.0,1429000000.0,,1268000000.0,-306000000.0,1574000000.0,3.12,3.1,505000000.0,507000000.0,313000000.0,,1348000000.0,,,,4000000.0,3312000000.0,,,16000000.0,114000000.0,266000000.0,42716000000.0,1694000000.0,461000000.0,,4168000000.0,,4961000000.0,,221000000.0,,9878000000.0,-229000000.0,,42716000000.0,1986000000.0,,-390000000.0,,,,,,,,3261000000.0,2340000000.0,,2319000000.0,,,4190000000.0,117000000.0,-72000000.0,-4256000000.0,,4000000.0,885000000.0,-110000000.0,-8000000.0
2018-03-31,2818000000.0,,,,,1986000000.0,832000000.0,,760000000.0,202000000.0,558000000.0,1.11,1.1,504000000.0,507000000.0,118000000.0,,1320000000.0,,,,19000000.0,2806000000.0,,,16000000.0,131000000.0,272000000.0,42790000000.0,1295000000.0,474000000.0,,3948000000.0,,,,222000000.0,,10385000000.0,-411000000.0,,42790000000.0,280000000.0,,,,,,,,,,1140000000.0,407000000.0,,397000000.0,,,1053000000.0,17000000.0,-7000000.0,-1073000000.0,,,-248000000.0,,-4000000.0
2018-06-30,4834000000.0,,,,,3591000000.0,1243000000.0,,1126000000.0,299000000.0,827000000.0,1.64,1.63,504000000.0,507000000.0,95000000.0,,1163000000.0,,,,11000000.0,3005000000.0,,,16000000.0,127000000.0,277000000.0,43707000000.0,1348000000.0,478000000.0,,4244000000.0,,,,223000000.0,,10426000000.0,-410000000.0,,43707000000.0,560000000.0,,,,,,,,,,1633000000.0,829000000.0,,821000000.0,,,2005000000.0,44000000.0,-30000000.0,-2027000000.0,,,190000000.0,,52000000.0
2018-09-30,7228000000.0,2356000000.0,,,,5431000000.0,1797000000.0,,1655000000.0,416000000.0,1239000000.0,2.46,2.44,504000000.0,507000000.0,88000000.0,,1240000000.0,,,,46000000.0,3215000000.0,,,16000000.0,107000000.0,265000000.0,45073000000.0,1317000000.0,471000000.0,,4485000000.0,,,,224000000.0,,10611000000.0,-407000000.0,,45073000000.0,854000000.0,,,,,,,,,,2492000000.0,1100000000.0,,1085000000.0,,,3028000000.0,111000000.0,-41000000.0,-3113000000.0,,,412000000.0,,64000000.0
2018-12-31,9696000000.0,3225000000.0,,,,7398000000.0,2298000000.0,,1855000000.0,417000000.0,1438000000.0,2.85,2.83,504000000.0,507000000.0,177000000.0,,1435000000.0,,,,17000000.0,3507000000.0,,,16000000.0,143000000.0,275000000.0,45326000000.0,1451000000.0,437000000.0,,4935000000.0,,5448000000.0,,232000000.0,,10582000000.0,-377000000.0,,45326000000.0,1158000000.0,,444000000.0,,,,,,,,2913000000.0,1473000000.0,,1501000000.0,,,3912000000.0,146000000.0,-114000000.0,-3916000000.0,,3000000.0,887000000.0,,99000000.0
2019-03-31,2980000000.0,1124000000.0,,,,2194000000.0,786000000.0,,849000000.0,149000000.0,700000000.0,1.39,1.38,504000000.0,507000000.0,65000000.0,,1454000000.0,,,,27000000.0,3027000000.0,,,16000000.0,156000000.0,271000000.0,45756000000.0,1135000000.0,509000000.0,,4473000000.0,,,,206000000.0,,11125000000.0,-441000000.0,,45756000000.0,314000000.0,,,,,,,,,,1218000000.0,507000000.0,,497000000.0,,,795000000.0,21000000.0,-10000000.0,-816000000.0,,,-505000000.0,,-76000000.0
2019-06-30,5296000000.0,1828000000.0,,,,4350000000.0,946000000.0,,982000000.0,129000000.0,853000000.0,1.69,1.68,504000000.0,507000000.0,82000000.0,,1118000000.0,,,,30000000.0,3156000000.0,,,16000000.0,162000000.0,253000000.0,46280000000.0,1153000000.0,523000000.0,,3982000000.0,,,,213000000.0,,11041000000.0,-432000000.0,,46280000000.0,,,,,,,,,,,1824000000.0,984000000.0,,966000000.0,,,1604000000.0,29000000.0,-29000000.0,-1622000000.0,,,-286000000.0,,25000000.0
2019-09-30,7598000000.0,2581000000.0,,,,6162000000.0,1436000000.0,,1415000000.0,159000000.0,1256000000.0,2.49,2.47,504000000.0,507000000.0,120000000.0,,1184000000.0,,,,50000000.0,3059000000.0,,,16000000.0,188000000.0,258000000.0,46815000000.0,1244000000.0,522000000.0,,4067000000.0,,,,244000000.0,,11206000000.0,-438000000.0,,46815000000.0,,,,,,,,,,,2709000000.0,1402000000.0,,1374000000.0,,,2383000000.0,73000000.0,-125000000.0,-2359000000.0,,,-393000000.0,,31000000.0
2019-12-31,10076000000.0,3372000000.0,,,,8133000000.0,1943000000.0,,1950000000.0,257000000.0,1693000000.0,3.35,3.33,504000000.0,507000000.0,147000000.0,,1313000000.0,,,,41000000.0,3231000000.0,,,0.0,149000000.0,286000000.0,47730000000.0,1358000000.0,520000000.0,,5047000000.0,,5971000000.0,,218000000.0,,11406000000.0,-489000000.0,,47730000000.0,,,135000000.0,,,,,,,,3379000000.0,1814000000.0,,1787000000.0,,,3166000000.0,98000000.0,-146000000.0,-3145000000.0,,5000000.0,-257000000.0,,41000000.0
2020-03-31,2781000000.0,906000000.0,,,,1984000000.0,797000000.0,,492000000.0,44000000.0,448000000.0,0.89,0.88,504000000.0,507000000.0,799000000.0,,1265000000.0,,,,42000000.0,3727000000.0,,,,165000000.0,258000000.0,48365000000.0,1172000000.0,555000000.0,,5160000000.0,,,,205000000.0,,11604000000.0,-481000000.0,,48365000000.0,,,,,,,,,,,1153000000.0,619000000.0,,609000000.0,,,720000000.0,29000000.0,-35000000.0,-724000000.0,,,237000000.0,,-14000000.0
2020-06-30,4831000000.0,1501000000.0,,,,3627000000.0,1204000000.0,,1052000000.0,153000000.0,899000000.0,1.78,1.77,504000000.0,507000000.0,431000000.0,,1239000000.0,,,,35000000.0,3742000000.0,,,,185000000.0,275000000.0,48780000000.0,1135000000.0,585000000.0,,5783000000.0,,,,242000000.0,,11808000000.0,-455000000.0,,48780000000.0,,,,,,,,,,,1664000000.0,1184000000.0,,1163000000.0,,,1414000000.0,50000000.0,-52000000.0,-1433000000.0,,,60000000.0,,41000000.0
2020-09-30,7201000000.0,2276000000.0,,,,5364000000.0,1837000000.0,,1748000000.0,274000000.0,1474000000.0,2.93,2.91,504000000.0,507000000.0,966000000.0,,1299000000.0,,,,48000000.0,4023000000.0,,,,228000000.0,262000000.0,49576000000.0,1332000000.0,522000000.0,,5260000000.0,,,,289000000.0,,12135000000.0,-452000000.0,,49576000000.0,,,,,,,,,,,2517000000.0,1817000000.0,,1796000000.0,,,2092000000.0,94000000.0,-52000000.0,-1855000000.0,,,161000000.0,,176000000.0
2020-12-31,9603000000.0,3056000000.0,,,,7333000000.0,2270000000.0,,2301000000.0,396000000.0,1905000000.0,3.78,3.76,504000000.0,507000000.0,543000000.0,,1410000000.0,,,,27000000.0,3630000000.0,,,,158000000.0,286000000.0,50050000000.0,1332000000.0,637000000.0,,5522000000.0,,,,214000000.0,,12318000000.0,-504000000.0,,50050000000.0,,,-23000000.0,,,,,,,,3102000000.0,2250000000.0,,2234000000.0,,,2923000000.0,111000000.0,-73000000.0,-2676000000.0,,2000000.0,-30000000.0,,297000000.0
2021-03-31,2889000000.0,1029000000.0,,,,2148000000.0,741000000.0,,765000000.0,117000000.0,648000000.0,1.29,1.28,504000000.0,507000000.0,803000000.0,,1476000000.0,,,,30000000.0,3595000000.0,,,,163000000.0,288000000.0,50206000000.0,984000000.0,658000000.0,,4546000000.0,,,,217000000.0,,12708000000.0,-542000000.0,,50206000000.0,,,,,,,,,,,1027000000.0,660000000.0,,662000000.0,,,633000000.0,12000000.0,-19000000.0,-624000000.0,,,-134000000.0,,-25000000.0
2021-06-30,4763000000.0,1635000000.0,,,,4316000000.0,447000000.0,,526000000.0,-62000000.0,471000000.0,0.94,0.93,504000000.0,507000000.0,107000000.0,,1408000000.0,,,,42000000.0,3201000000.0,,,,122000000.0,291000000.0,49292000000.0,1146000000.0,523000000.0,,4492000000.0,,,,232000000.0,,12273000000.0,-522000000.0,,49292000000.0,,,,,,,,,,,1049000000.0,1223000000.0,,1229000000.0,,,1303000000.0,34000000.0,27000000.0,-793000000.0,,,-684000000.0,,143000000.0
2021-09-30,6666000000.0,,,,,8424000000.0,-2205000000.0,,-2246000000.0,-682000000.0,-1564000000.0,-3.1,-3.1,504000000.0,504000000.0,1811000000.0,,1440000000.0,,,,71000000.0,6815000000.0,,,,133000000.0,282000000.0,49426000000.0,1168000000.0,399000000.0,,8105000000.0,,,,202000000.0,,10452000000.0,-524000000.0,,49426000000.0,,,,,,,,,,,1178000000.0,1655000000.0,,1657000000.0,,,2046000000.0,83000000.0,21000000.0,-1583000000.0,,,1693000000.0,,340000000.0
2021-12-31,9722000000.0,,,,,10578000000.0,-856000000.0,,-1089000000.0,-441000000.0,-648000000.0,-1.29,-1.29,504000000.0,504000000.0,818000000.0,,1859000000.0,,,,44000000.0,6250000000.0,,,,20000000.0,234000000.0,48999000000.0,1315000000.0,476000000.0,,7072000000.0,,,,184000000.0,,10639000000.0,-350000000.0,,48999000000.0,,,-836000000.0,,,,,,,,1736000000.0,2092000000.0,,2100000000.0,,,2719000000.0,98000000.0,-107000000.0,-2244000000.0,,2000000.0,799000000.0,,425000000.0
2022-03-31,2313000000.0,,,,,2365000000.0,-52000000.0,,-154000000.0,-152000000.0,-2000000.0,0.0,0.0,501000000.0,501000000.0,1603000000.0,,1728000000.0,,,,41000000.0,4728000000.0,,,,22000000.0,251000000.0,47774000000.0,956000000.0,505000000.0,,5292000000.0,,,,176000000.0,,10366000000.0,-410000000.0,,47774000000.0,,,,,,,,,,,472000000.0,,,,,,686000000.0,,12000000.0,1183000000.0,,,-876000000.0,,0.0
2022-06-30,4389000000.0,,,,,4145000000.0,296000000.0,,98000000.0,-185000000.0,131000000.0,0.26,0.26,499000000.0,502000000.0,2207000000.0,,1998000000.0,,,,50000000.0,6167000000.0,,,,38000000.0,316000000.0,49608000000.0,1214000000.0,519000000.0,,7934000000.0,,,,181000000.0,,10227000000.0,-455000000.0,,49608000000.0,,,,,,,,,,,356000000.0,,,,,,1291000000.0,,54000000.0,531000000.0,,,496000000.0,,325000000.0
2022-09-30,6661000000.0,,,,,6244000000.0,417000000.0,,55000000.0,-244000000.0,243000000.0,0.49,0.48,498000000.0,501000000.0,377000000.0,,1698000000.0,,,,51000000.0,4105000000.0,,,,69000000.0,259000000.0,47741000000.0,1194000000.0,474000000.0,,6806000000.0,,,,208000000.0,,10072000000.0,-493000000.0,,47741000000.0,,,,,,,,,,,701000000.0,,,,,,2088000000.0,,97000000.0,-299000000.0,,,-847000000.0,,352000000.0
2022-12-31,9800000000.0,,,,,8419000000.0,1381000000.0,,1002000000.0,-29000000.0,1031000000.0,2.07,2.06,498000000.0,501000000.0,465000000.0,,1944000000.0,,,,33000000.0,4303000000.0,,,,14000000.0,271000000.0,48718000000.0,1271000000.0,545000000.0,,6680000000.0,,,,199000000.0,,10591000000.0,-550000000.0,,48718000000.0,,,-255000000.0,,,,,,,,1503000000.0,,,,,,2888000000.0,70000000.0,-18000000.0,-1101000000.0,,,-754000000.0,,353000000.0
2023-03-31,3755000000.0,,,,,2107000000.0,1648000000.0,,1585000000.0,298000000.0,1287000000.0,2.59,2.58,497000000.0,500000000.0,1205000000.0,,1690000000.0,,,,35000000.0,4331000000.0,,,,9000000.0,284000000.0,49409000000.0,958000000.0,557000000.0,,5448000000.0,,,,196000000.0,,11594000000.0,-522000000.0,,49409000000.0,,,,,,,,,,,1837000000.0,,,,,,739000000.0,,-18000000.0,-714000000.0,,,-380000000.0,,-72000000.0
2023-06-30,6176000000.0,,,,,3734000000.0,2442000000.0,,2329000000.0,451000000.0,1878000000.0,3.78,3.76,497000000.0,500000000.0,547000000.0,,1422000000.0,,,,37000000.0,3863000000.0,,,,14000000.0,291000000.0,49505000000.0,1050000000.0,550000000.0,,5750000000.0,,,,193000000.0,,11900000000.0,-515000000.0,,49505000000.0,,,,,,,,,,,2409000000.0,,,,,,1444000000.0,,-36000000.0,-1119000000.0,,,-1204000000.0,,63000000.0
2023-09-30,8632000000.0,,,,,5639000000.0,2993000000.0,,2394000000.0,377000000.0,2017000000.0,4.06,4.03,498000000.0,500000000.0,57000000.0,,1417000000.0,,,,42000000.0,3283000000.0,,,,23000000.0,323000000.0,49552000000.0,1120000000.0,477000000.0,,5190000000.0,,,,200000000.0,,11755000000.0,-213000000.0,,49552000000.0,,,,,,,,,,,3096000000.0,,,,,,2360000000.0,,-46000000.0,-2030000000.0,,,-1477000000.0,,97000000.0
2023-12-31,11237000000.0,,,,,7552000000.0,3685000000.0,,3081000000.0,518000000.0,2563000000.0,5.15,5.13,498000000.0,500000000.0,54000000.0,,1482000000.0,,,,31000000.0,3373000000.0,,,,,342000000.0,50741000000.0,1214000000.0,547000000.0,,5057000000.0,,,,201000000.0,,12017000000.0,-179000000.0,,50741000000.0,,,362000000.0,,,,,,,,3806000000.0,,,,,,3325000000.0,,-76000000.0,-2958000000.0,,,-1260000000.0,,144000000.0
2024-03-31,2760000000.0,,,,,2075000000.0,685000000.0,,629000000.0,97000000.0,532000000.0,1.07,1.06,499000000.0,500000000.0,1186000000.0,,1523000000.0,,,,73000000.0,4282000000.0,,,,,352000000.0,52388000000.0,980000000.0,569000000.0,,5388000000.0,,,,198000000.0,,12250000000.0,-169000000.0,,52388000000.0,,,,,,,,,,,661000000.0,,,,,,797000000.0,,-23000000.0,-785000000.0,,,1249000000.0,,-4000000.0
2024-06-30,5183000000.0,,,,,3916000000.0,1267000000.0,,1066000000.0,100000000.0,966000000.0,1.94,1.93,498000000.0,500000000.0,113000000.0,,1402000000.0,,,,74000000.0,3576000000.0,,,,,372000000.0,52382000000.0,1052000000.0,581000000.0,,5534000000.0,,,,192000000.0,,12385000000.0,-173000000.0,,52382000000.0,,,,,,,,,,,1143000000.0,,,,,,1634000000.0,,-49000000.0,-1612000000.0,,,515000000.0,,17000000.0
2024-09-30,7825000000.0,,,,,5917000000.0,1908000000.0,,1625000000.0,139000000.0,1486000000.0,2.98,2.97,498000000.0,500000000.0,203000000.0,,1451000000.0,,,,27000000.0,3992000000.0,,,,,370000000.0,54080000000.0,1121000000.0,651000000.0,,5858000000.0,,,,196000000.0,,12606000000.0,-142000000.0,,54080000000.0,,,,,,,,,,,1766000000.0,,,,,,2402000000.0,,-77000000.0,-2363000000.0,,,726000000.0,,27000000.0
,,,,,,,,,,,,,,,,,,,,,,,,,,,,,,,,,,,,,,,,,,,,,,,,,,,,,,,,,,,,,,,,,,,
