Date,Net sales,Cost of sales,Gross margin,Research and development,"Selling, general and administrative",Total operating expenses,Operating income,"Other income/(expense), net",Income before provision for income taxes,Provision for income taxes,Net income,Earnings per share basic,Earnings per share diluted,Weighted-average basic,Weighted-average diluted,Cash and cash equivalents,Short-term marketable securities,"Accounts receivable, net",Inventories,Deferred tax assets,Vendor non-trade receivables,Other current assets,Total current assets,Long-term marketable securities,"Property, Plant and Equipment, Net",Goodwill,"Acquired intangible assets, net","Other Assets, Noncurrent",Total assets,accounts payable,Accrued expenses,Deferred revenue,Total current liabilities,Deferred revenue - non-current,deferred tax liabilities,long term taxes payable,Total other non-current liabilities,Total liabilities,Retained Earnings (Accumulated Deficit),Accumulated other comprehensive (loss)/income,Total shareholders equity,Total liabilities and shareholders' equity,"Depreciation, amortization and accretion",Stock-based compensation expense,Deferred income tax expense,"Increase (Decrease) in Accounts receivable, net",Increase (Decrease) in Inventories,Increase (Decrease) in Other Receivables,Increase (Decrease) in Other Operating Assets,Increase (Decrease) in Accounts Payable,Increase (Decrease) in Deferred Revenue,Increase (Decrease) Other liabilities,Cash generated by operating activities,Purchases of marketable securities,Proceeds from maturities of marketable securities,Proceeds from sales of marketable securities,Purchases of other long-term investments,"Business acquisitions, net of cash acquired",Cash payments for capital asset purchases,Payments for acquisition of intangible assets,Payments for (Proceeds from) Other Investing Activities,Cash used in investing activities,Proceeds from issuance of common stock,Excess tax benefits from stock-based compensation,Cash generated/used in financing activities,Increase/(decrease) in cash and cash equivalents,"Cash paid for income taxes, net"
2009-12-31,40834000000.0,,,,12597000000.0,,9103000000.0,,,2492000000.0,7966000000.0,2.69,2.56,,3118500000.0,4130000000.0,,6544000000.0,6864000000.0,1217000000.0,,,21761000000.0,,19646000000.0,56979000000.0,32624000000.0,4283000000.0,135293000000.0,5433000000.0,10463000000.0,,23676000000.0,,11045000000.0,,9316000000.0,66346000000.0,62616000000.0,-2236000000.0,,135293000000.0,,205000000.0,-7000000.0,826000000.0,-48000000.0,,,,,,7849000000.0,,,,,,1274000000.0,,,1646000000.0,,,-10344000000.0,-651000000.0,
2010-03-31,60012000000.0,,,,18582000000.0,,13071000000.0,,,3669000000.0,10551000000.0,3.57,3.39,,3110200000.0,4899000000.0,,5860000000.0,6750000000.0,1231000000.0,,,21490000000.0,,19427000000.0,55538000000.0,32201000000.0,4330000000.0,132986000000.0,5785000000.0,10449000000.0,,23272000000.0,,11407000000.0,,8596000000.0,66213000000.0,63879000000.0,-4049000000.0,,132986000000.0,,333000000.0,187000000.0,338000000.0,27000000.0,,,,,,12759000000.0,,,,,,1980000000.0,,,970000000.0,,,-13538000000.0,118000000.0,
2010-06-30,78938000000.0,,,,24998000000.0,,16021000000.0,,,4101000000.0,12736000000.0,4.32,4.11,2900800000.0,3099300000.0,2879000000.0,,5335000000.0,6384000000.0,5063000000.0,,,18782000000.0,,19244000000.0,54012000000.0,31636000000.0,4498000000.0,128172000000.0,7251000000.0,8559000000.0,,24282000000.0,,10902000000.0,,10189000000.0,66733000000.0,64614000000.0,-7822000000.0,,128172000000.0,,453000000.0,36000000.0,14000000.0,-86000000.0,,,,,,16072000000.0,,,,,,3067000000.0,,,-597000000.0,,,-17255000000.0,-1902000000.0,
2010-09-30,20122000000.0,,,,5932000000.0,,4501000000.0,,,1201000000.0,3081000000.0,1.07,1.02,,3025600000.0,2603000000.0,,6082000000.0,7277000000.0,968000000.0,,,20496000000.0,,19877000000.0,56171000000.0,32369000000.0,4779000000.0,133692000000.0,6716000000.0,9412000000.0,,27640000000.0,,10709000000.0,,10678000000.0,70491000000.0,66282000000.0,-5007000000.0,,133692000000.0,,87000000.0,48000000.0,434000000.0,604000000.0,,,,,,2452000000.0,,,,,,519000000.0,,,-928000000.0,,,-1901000000.0,-276000000.0,
2010-12-31,41469000000.0,,,,12732000000.0,,8761000000.0,,,1929000000.0,6414000000.0,2.24,2.13,,3013000000.0,3249000000.0,,6551000000.0,7423000000.0,963000000.0,,,21830000000.0,,19952000000.0,55760000000.0,32251000000.0,4480000000.0,134273000000.0,6267000000.0,9816000000.0,,27241000000.0,,10867000000.0,,10135000000.0,69560000000.0,68212000000.0,-5356000000.0,,134273000000.0,,180000000.0,142000000.0,931000000.0,779000000.0,,,,,,5329000000.0,,,,,,1256000000.0,,,-1541000000.0,,,-3528000000.0,370000000.0,
2011-03-31,61699000000.0,,,,19185000000.0,,12533000000.0,,,2697000000.0,9287000000.0,3.24,3.09,,3008600000.0,2946000000.0,,6264000000.0,7619000000.0,1099000000.0,,,21814000000.0,,20521000000.0,57030000000.0,32598000000.0,4575000000.0,136538000000.0,6458000000.0,9996000000.0,,26175000000.0,,10923000000.0,,10309000000.0,69106000000.0,69692000000.0,-3495000000.0,,136538000000.0,,295000000.0,186000000.0,495000000.0,817000000.0,,,,,,9385000000.0,,,,,,2066000000.0,,,-2369000000.0,,,-7087000000.0,67000000.0,
2011-12-31,44052000000.0,,,,13239000000.0,,7073000000.0,,,2066000000.0,4714000000.0,1.67,1.6,,2949700000.0,4414000000.0,,6905000000.0,7444000000.0,1096000000.0,,,23651000000.0,,20372000000.0,54307000000.0,31325000000.0,4656000000.0,134311000000.0,6735000000.0,8939000000.0,,29792000000.0,,11133000000.0,,9216000000.0,69411000000.0,72407000000.0,-6374000000.0,,134311000000.0,,168000000.0,32000000.0,1079000000.0,497000000.0,,,,,,5495000000.0,,,,,,1780000000.0,,,-1469000000.0,,,-2296000000.0,1646000000.0,
2012-03-31,63468000000.0,,,,19769000000.0,,10229000000.0,,,2776000000.0,7125000000.0,2.52,2.42,,2944900000.0,3991000000.0,,6200000000.0,7239000000.0,1219000000.0,,,23108000000.0,,20384000000.0,54833000000.0,31429000000.0,4851000000.0,134605000000.0,6684000000.0,8449000000.0,,26904000000.0,,11297000000.0,,9154000000.0,68696000000.0,73324000000.0,-5063000000.0,,134605000000.0,,277000000.0,-5000000.0,347000000.0,287000000.0,,,,,,9311000000.0,,,,,,2663000000.0,,,-2287000000.0,,,-5756000000.0,1223000000.0,
2012-06-30,83680000000.0,,,,26421000000.0,,13292000000.0,,,3468000000.0,10756000000.0,3.82,3.66,2751300000.0,2941200000.0,4436000000.0,,6068000000.0,6721000000.0,5839000000.0,,,21910000000.0,,20377000000.0,53773000000.0,30988000000.0,5196000000.0,132244000000.0,7920000000.0,8289000000.0,,24907000000.0,,10132000000.0,,12090000000.0,68209000000.0,75349000000.0,-9333000000.0,,132244000000.0,3204000000.0,377000000.0,-65000000.0,427000000.0,-77000000.0,,,,,,13284000000.0,,,,,134000000.0,3964000000.0,,,-1093000000.0,,,-10410000000.0,1668000000.0,
2012-09-30,20739000000.0,,,,6438000000.0,,3951000000.0,,,973000000.0,2814000000.0,1.0,0.96,,2931700000.0,5302000000.0,,6993000000.0,7332000000.0,1072000000.0,,,24124000000.0,,20877000000.0,54332000000.0,31163000000.0,5392000000.0,135888000000.0,7498000000.0,9086000000.0,,24898000000.0,,10164000000.0,,12315000000.0,70940000000.0,76574000000.0,-8179000000.0,,135888000000.0,,79000000.0,-18000000.0,795000000.0,502000000.0,,,,,,2770000000.0,,,,,,805000000.0,,,-739000000.0,,,-1231000000.0,866000000.0,
2012-12-31,42914000000.0,,,,13241000000.0,,8443000000.0,,,2115000000.0,6871000000.0,2.46,2.35,,2926100000.0,6643000000.0,,7183000000.0,7219000000.0,983000000.0,,,25601000000.0,,21204000000.0,55687000000.0,32147000000.0,5264000000.0,139903000000.0,7157000000.0,9254000000.0,,26230000000.0,,10567000000.0,,12176000000.0,72580000000.0,79045000000.0,-7694000000.0,,139903000000.0,,154000000.0,18000000.0,914000000.0,324000000.0,,,,,,6619000000.0,,,,,,1529000000.0,,,-2357000000.0,,,-2066000000.0,2207000000.0,
2013-03-31,63512000000.0,,,,20090000000.0,,11848000000.0,,,2812000000.0,9437000000.0,3.38,3.22,,2930700000.0,5876000000.0,,6669000000.0,7240000000.0,937000000.0,,,24298000000.0,,21191000000.0,55067000000.0,31739000000.0,6836000000.0,139131000000.0,7422000000.0,8892000000.0,,27412000000.0,,10725000000.0,,11916000000.0,71178000000.0,80035000000.0,-8282000000.0,,139131000000.0,,250000000.0,75000000.0,504000000.0,492000000.0,,,,,,10481000000.0,1504000000.0,,,,,2426000000.0,,,-4675000000.0,,,-4396000000.0,1440000000.0,
2013-06-30,84167000000.0,,,2000000000.0,26950000000.0,,14481000000.0,,,3441000000.0,11312000000.0,4.04,3.86,2742900000.0,2930600000.0,5947000000.0,,6508000000.0,6909000000.0,5367000000.0,,,23990000000.0,,21666000000.0,55188000000.0,31572000000.0,6847000000.0,139263000000.0,8777000000.0,8828000000.0,,30037000000.0,,10827000000.0,,10579000000.0,70554000000.0,80197000000.0,-7499000000.0,,139263000000.0,2982000000.0,346000000.0,-307000000.0,415000000.0,225000000.0,,,,,,14873000000.0,1605000000.0,,,,1145000000.0,4008000000.0,,,-6295000000.0,,,-7071000000.0,1511000000.0,
2013-09-30,21205000000.0,,,,6244000000.0,,4151000000.0,,,955000000.0,3027000000.0,,,,2924300000.0,6122000000.0,1580000000.0,6555000000.0,7394000000.0,1095000000.0,,,26322000000.0,,,55874000000.0,31715000000.0,5338000000.0,141125000000.0,7489000000.0,9428000000.0,,33217000000.0,,10853000000.0,,9759000000.0,72309000000.0,81534000000.0,-6731000000.0,,141125000000.0,,84000000.0,-11000000.0,3000000.0,452000000.0,,,,,,2044000000.0,,,,,,725000000.0,,,-846000000.0,,,-971000000.0,175000000.0,
2013-12-31,43485000000.0,,,,12842000000.0,,8703000000.0,,,1914000000.0,6455000000.0,,,,2916400000.0,6929000000.0,1574000000.0,6911000000.0,7379000000.0,1173000000.0,,,27467000000.0,,,56293000000.0,31595000000.0,5420000000.0,142927000000.0,7156000000.0,9480000000.0,,30727000000.0,,10809000000.0,,9736000000.0,72789000000.0,83280000000.0,-6366000000.0,,142927000000.0,,153000000.0,-126000000.0,376000000.0,446000000.0,,,,,,5343000000.0,,,,,,1663000000.0,,,-1796000000.0,,,-2637000000.0,982000000.0,
2014-06-30,29400000000.0,,,2000000000.0,25314000000.0,,15288000000.0,,,3178000000.0,11643000000.0,4.19,4.01,2719800000.0,2904700000.0,8558000000.0,,6386000000.0,6759000000.0,5616000000.0,,,31617000000.0,,22304000000.0,53704000000.0,30843000000.0,5798000000.0,144266000000.0,8461000000.0,8999000000.0,,33726000000.0,,10218000000.0,,10535000000.0,74290000000.0,84990000000.0,-7662000000.0,,144266000000.0,3141000000.0,360000000.0,-44000000.0,-87000000.0,-8000000.0,,,,,,13958000000.0,568000000.0,,24000000.0,,24000000.0,3848000000.0,,,-4107000000.0,,,-7279000000.0,2611000000.0,
2014-09-30,20792000000.0,,,,6327000000.0,,2940000000.0,,,820000000.0,1990000000.0,0.71,0.69,2710600000.0,2888000000.0,7486000000.0,3360000000.0,6197000000.0,7100000000.0,916000000.0,,,29107000000.0,,,51361000000.0,30210000000.0,5706000000.0,138183000000.0,8280000000.0,9554000000.0,,32071000000.0,,10271000000.0,,10008000000.0,71354000000.0,85207000000.0,-9811000000.0,,138183000000.0,,81000000.0,-15000000.0,101000000.0,568000000.0,,,,,,3633000000.0,1342000000.0,,101000000.0,,,810000000.0,,,442000000.0,,,-5015000000.0,-1072000000.0,
2014-12-31,40347000000.0,,,,12330000000.0,,7725000000.0,,,1685000000.0,4362000000.0,1.56,1.51,,2886800000.0,8204000000.0,4047000000.0,5802000000.0,6477000000.0,816000000.0,,,33178000000.0,,20745000000.0,48875000000.0,27567000000.0,5898000000.0,136263000000.0,7733000000.0,8853000000.0,,34152000000.0,,9552000000.0,,9623000000.0,71451000000.0,85770000000.0,-11317000000.0,,136263000000.0,,151000000.0,31000000.0,342000000.0,506000000.0,,,,,,7068000000.0,2106000000.0,,179000000.0,,,1642000000.0,,,-869000000.0,,,-6305000000.0,-354000000.0,
2015-03-31,58489000000.0,,,,18010000000.0,,10860000000.0,,,2287000000.0,6515000000.0,2.33,2.26,2711700000.0,2885300000.0,8374000000.0,4786000000.0,4990000000.0,5893000000.0,820000000.0,,,31562000000.0,,20043000000.0,46856000000.0,26908000000.0,5568000000.0,130937000000.0,7285000000.0,8406000000.0,,31881000000.0,,9808000000.0,,8504000000.0,67557000000.0,86157000000.0,-13851000000.0,,130937000000.0,,231000000.0,-135000000.0,-308000000.0,190000000.0,,,,,,10620000000.0,2897000000.0,,256000000.0,,,2462000000.0,,,-1710000000.0,,,-8643000000.0,-184000000.0,
2015-06-30,76279000000.0,,,2000000000.0,23585000000.0,,11790000000.0,,,2916000000.0,7036000000.0,2.5,2.44,2711700000.0,2883600000.0,6845000000.0,,4861000000.0,5454000000.0,5283000000.0,,,29646000000.0,,20268000000.0,47316000000.0,26829000000.0,5436000000.0,129495000000.0,8257000000.0,8325000000.0,,29790000000.0,,9531000000.0,,8795000000.0,66445000000.0,84807000000.0,-12780000000.0,,129495000000.0,3134000000.0,337000000.0,-803000000.0,-349000000.0,-313000000.0,,,,,,14608000000.0,,,1203000000.0,,137000000.0,3736000000.0,,,-2891000000.0,,,-13019000000.0,-1713000000.0,
2015-09-30,16527000000.0,,,,4607000000.0,,3768000000.0,,,877000000.0,2601000000.0,0.93,0.91,2720100000.0,2867500000.0,7705000000.0,4901000000.0,4724000000.0,5239000000.0,1334000000.0,,,35620000000.0,,19081000000.0,44612000000.0,24715000000.0,5237000000.0,129265000000.0,7758000000.0,8494000000.0,,31567000000.0,,9224000000.0,,8126000000.0,66311000000.0,85579000000.0,-13746000000.0,,129265000000.0,,67000000.0,89000000.0,368000000.0,519000000.0,,,,,,3538000000.0,,,,,,532000000.0,,,-546000000.0,,,-1971000000.0,869000000.0,
2015-12-31,33442000000.0,,,,9209000000.0,,7621000000.0,,,1775000000.0,5807000000.0,2.09,2.03,2719500000.0,2865800000.0,9403000000.0,4874000000.0,4721000000.0,5125000000.0,1173000000.0,,,36347000000.0,,18910000000.0,44157000000.0,24495000000.0,5234000000.0,129143000000.0,7717000000.0,7945000000.0,,32053000000.0,,9257000000.0,,7936000000.0,66841000000.0,86917000000.0,-14334000000.0,,129143000000.0,,140000000.0,140000000.0,488000000.0,386000000.0,,,,,,8018000000.0,,,,,,1223000000.0,,,-1439000000.0,,,-3727000000.0,2567000000.0,
2016-03-31,49197000000.0,,,,13731000000.0,,10939000000.0,,,2664000000.0,8557000000.0,3.09,3.0,2709200000.0,2855600000.0,7895000000.0,5924000000.0,4591000000.0,4957000000.0,1189000000.0,,,34317000000.0,,19186000000.0,44679000000.0,24629000000.0,4697000000.0,127508000000.0,7795000000.0,7652000000.0,,31357000000.0,,9161000000.0,,8003000000.0,67655000000.0,87849000000.0,-13642000000.0,,127508000000.0,,216000000.0,-428000000.0,129000000.0,94000000.0,,,,,,11296000000.0,,,,,,2023000000.0,,,-4383000000.0,,,-5558000000.0,1059000000.0,
2016-06-30,65299000000.0,,,1900000000.0,18949000000.0,,13441000000.0,,,3342000000.0,10508000000.0,3.8,3.69,2698900000.0,2844400000.0,7102000000.0,,4373000000.0,4716000000.0,5654000000.0,,,33782000000.0,,19385000000.0,44350000000.0,24527000000.0,5092000000.0,127136000000.0,9325000000.0,7449000000.0,,30770000000.0,,9113000000.0,,10325000000.0,69153000000.0,87953000000.0,-15907000000.0,,127136000000.0,3078000000.0,335000000.0,-815000000.0,-35000000.0,-116000000.0,,,,,,15435000000.0,,,,,186000000.0,3314000000.0,,,-5575000000.0,,,-9213000000.0,266000000.0,
2016-09-30,16518000000.0,,,,4645000000.0,,3771000000.0,,,863000000.0,2714000000.0,0.99,0.96,2674700000.0,2822900000.0,7456000000.0,6615000000.0,4713000000.0,4999000000.0,0.0,,,35171000000.0,,19310000000.0,44458000000.0,24429000000.0,5675000000.0,129043000000.0,9024000000.0,8032000000.0,,32401000000.0,,8515000000.0,,10266000000.0,70092000000.0,88855000000.0,-15943000000.0,,129043000000.0,,44000000.0,-177000000.0,424000000.0,287000000.0,,,,,,3025000000.0,,,,,,684000000.0,,,-2121000000.0,,,-507000000.0,354000000.0,
2016-12-31,33374000000.0,,,,9328000000.0,,7646000000.0,,,1558000000.0,10589000000.0,3.97,3.81,2635600000.0,2780200000.0,6051000000.0,7403000000.0,4729000000.0,4787000000.0,0.0,,,25572000000.0,,18778000000.0,43458000000.0,24185000000.0,5040000000.0,117033000000.0,8300000000.0,7584000000.0,,28891000000.0,,8692000000.0,,9246000000.0,63289000000.0,94945000000.0,-16522000000.0,,117033000000.0,,104000000.0,-448000000.0,595000000.0,247000000.0,,,,,,6025000000.0,,,,,,1429000000.0,,,-2021000000.0,,,-4739000000.0,-1051000000.0,
2017-03-31,48979000000.0,,,,13737000000.0,,11006000000.0,,,2338000000.0,13111000000.0,4.95,4.76,2611500000.0,2755400000.0,5817000000.0,8510000000.0,4358000000.0,4754000000.0,0.0,,,25885000000.0,,19219000000.0,43682000000.0,24153000000.0,5152000000.0,118091000000.0,8076000000.0,7225000000.0,,29082000000.0,,8644000000.0,,9184000000.0,63543000000.0,95736000000.0,-15955000000.0,,118091000000.0,,197000000.0,-382000000.0,159000000.0,145000000.0,,,,,,9065000000.0,,,,,,2230000000.0,,,-3823000000.0,,,-6339000000.0,-1285000000.0,
2017-06-30,65058000000.0,,,1900000000.0,18568000000.0,,13955000000.0,,,3063000000.0,15326000000.0,5.8,5.59,2598100000.0,2740400000.0,5569000000.0,,4594000000.0,4624000000.0,5134000000.0,,,26494000000.0,,19893000000.0,44699000000.0,24187000000.0,5133000000.0,120406000000.0,9632000000.0,7024000000.0,,30210000000.0,,8126000000.0,,8254000000.0,64628000000.0,96124000000.0,-14632000000.0,,120406000000.0,2820000000.0,351000000.0,-601000000.0,322000000.0,-71000000.0,,,,,,12753000000.0,,,,,16000000.0,3384000000.0,,,-5689000000.0,,,-8568000000.0,-1533000000.0,
2017-09-30,16653000000.0,,,,4689000000.0,,3735000000.0,,,881000000.0,2853000000.0,1.09,1.06,2550500000.0,2690600000.0,5024000000.0,10983000000.0,4942000000.0,5023000000.0,,,,28096000000.0,,20108000000.0,45189000000.0,24262000000.0,5196000000.0,122851000000.0,9458000000.0,7240000000.0,,30724000000.0,,8481000000.0,,8043000000.0,67436000000.0,97197000000.0,-14292000000.0,,122851000000.0,,84000000.0,426000000.0,304000000.0,357000000.0,,,,,,3631000000.0,,,,,,1132000000.0,,,-2534000000.0,,,-1724000000.0,-545000000.0,
2017-12-31,34048000000.0,,,,9414000000.0,,7738000000.0,,,2353000000.0,5348000000.0,2.05,2.0,2542200000.0,2680100000.0,7432000000.0,11326000000.0,5182000000.0,5131000000.0,,,,31214000000.0,,20420000000.0,45624000000.0,24224000000.0,5162000000.0,126644000000.0,9740000000.0,7820000000.0,,33107000000.0,,6145000000.0,,10485000000.0,71923000000.0,97881000000.0,-14171000000.0,,126644000000.0,,157000000.0,-2008000000.0,547000000.0,457000000.0,,,,,,7315000000.0,,,,,,1900000000.0,,,-3705000000.0,,,-1876000000.0,1863000000.0,
2018-03-31,50329000000.0,,,,14056000000.0,,11034000000.0,,,3066000000.0,7859000000.0,3.02,2.94,2535700000.0,2668600000.0,5326000000.0,10208000000.0,5149000000.0,5207000000.0,,,,27960000000.0,,20925000000.0,46175000000.0,24129000000.0,5180000000.0,124369000000.0,9716000000.0,8133000000.0,,30711000000.0,,6083000000.0,,10192000000.0,69423000000.0,98623000000.0,-13891000000.0,,124369000000.0,,249000000.0,-1826000000.0,450000000.0,457000000.0,,,,,,10668000000.0,,,,,,2810000000.0,,,-3608000000.0,,,-7514000000.0,-243000000.0,
2018-06-30,66832000000.0,,,1900000000.0,18853000000.0,,13711000000.0,,,3465000000.0,9750000000.0,3.75,3.67,2529300000.0,2656700000.0,2569000000.0,,4686000000.0,4738000000.0,3826000000.0,,,23320000000.0,,20600000000.0,45175000000.0,23902000000.0,5313000000.0,118310000000.0,10344000000.0,7470000000.0,,28237000000.0,,6163000000.0,,10164000000.0,65427000000.0,98641000000.0,-14749000000.0,,118310000000.0,2834000000.0,395000000.0,-1844000000.0,177000000.0,188000000.0,,,,,,14867000000.0,,,,,109000000.0,3717000000.0,,,-3511000000.0,,,-14375000000.0,-3000000000.0,
2018-09-30,16690000000.0,8484000000.0,,,4652000000.0,,3554000000.0,,,729000000.0,3199000000.0,1.26,1.22,2495800000.0,2612100000.0,2545000000.0,8708000000.0,5035000000.0,5182000000.0,,,,23346000000.0,,20590000000.0,45225000000.0,23919000000.0,5360000000.0,118440000000.0,10243000000.0,8469000000.0,,29220000000.0,,6179000000.0,,9758000000.0,65936000000.0,99831000000.0,-15133000000.0,,118440000000.0,,102000000.0,34000000.0,475000000.0,494000000.0,,,,,,3567000000.0,,,,,,1080000000.0,,,-865000000.0,,,-2656000000.0,-24000000.0,
2018-12-31,34128000000.0,17403000000.0,,,9275000000.0,,7450000000.0,,,1429000000.0,,2.51,2.44,2499700000.0,2623000000.0,3696000000.0,8421000000.0,5055000000.0,5281000000.0,,,,24431000000.0,,20822000000.0,46932000000.0,25947000000.0,5555000000.0,123687000000.0,10266000000.0,8868000000.0,,31247000000.0,,6872000000.0,,9611000000.0,69244000000.0,101170000000.0,-15156000000.0,,123687000000.0,,181000000.0,37000000.0,398000000.0,531000000.0,,,,,,7574000000.0,,,,,,1781000000.0,,,-4710000000.0,,,-1624000000.0,1127000000.0,
2019-03-31,50590000000.0,25830000000.0,,,14081000000.0,,10679000000.0,,,1931000000.0,9138000000.0,3.58,3.48,2509100000.0,2637700000.0,2738000000.0,7085000000.0,5198000000.0,5358000000.0,,,,22312000000.0,,20993000000.0,46753000000.0,25836000000.0,5779000000.0,121673000000.0,10207000000.0,9252000000.0,,28370000000.0,,6951000000.0,,9441000000.0,66121000000.0,102103000000.0,-14968000000.0,,121673000000.0,,299000000.0,-24000000.0,549000000.0,601000000.0,,,,,,11091000000.0,,,,,,2533000000.0,,,-4137000000.0,,,-6690000000.0,169000000.0,
2019-06-30,67684000000.0,34768000000.0,,1900000000.0,19084000000.0,,5487000000.0,,,2103000000.0,3897000000.0,1.45,1.43,2503600000.0,2539500000.0,4239000000.0,,4951000000.0,5017000000.0,4203000000.0,,,22473000000.0,,21271000000.0,40273000000.0,24215000000.0,6863000000.0,115095000000.0,11260000000.0,9054000000.0,,30011000000.0,,6899000000.0,,10211000000.0,67516000000.0,94918000000.0,-14936000000.0,,115095000000.0,2824000000.0,515000000.0,-411000000.0,276000000.0,239000000.0,,,,,,15242000000.0,,,,,3945000000.0,3347000000.0,,,-3490000000.0,,,-9994000000.0,1670000000.0,
2019-09-30,17798000000.0,8723000000.0,,,4785000000.0,,4290000000.0,,,726000000.0,,1.41,1.36,2504000000.0,2647500000.0,9304000000.0,0.0,5143000000.0,5465000000.0,,,,21925000000.0,,20901000000.0,39605000000.0,24002000000.0,7625000000.0,114058000000.0,10951000000.0,9950000000.0,,30253000000.0,,6325000000.0,,10335000000.0,67074000000.0,96625000000.0,-15298000000.0,,114058000000.0,,110000000.0,-586000000.0,261000000.0,549000000.0,,,,,,4169000000.0,,,,,,1079000000.0,,,5079000000.0,,,-4118000000.0,5065000000.0,
2019-12-31,36038000000.0,17592000000.0,,,9674000000.0,,8772000000.0,,,1515000000.0,,2.88,2.77,2495500000.0,2638800000.0,,0.0,5196000000.0,5521000000.0,,,,18917000000.0,,21250000000.0,39998000000.0,23980000000.0,7578000000.0,111723000000.0,10781000000.0,10230000000.0,,30164000000.0,,6242000000.0,,10424000000.0,65815000000.0,98414000000.0,-14942000000.0,,111723000000.0,,202000000.0,-549000000.0,257000000.0,533000000.0,,,,,,8533000000.0,,,,,,1684000000.0,,,4429000000.0,,,-10913000000.0,2040000000.0,
2020-03-31,53252000000.0,26308000000.0,,,14719000000.0,,12225000000.0,,,2056000000.0,,4.03,3.89,2489100000.0,2630300000.0,,0.0,4640000000.0,5330000000.0,,,,27140000000.0,,20459000000.0,39617000000.0,23834000000.0,7510000000.0,118560000000.0,10464000000.0,9731000000.0,,32896000000.0,,,,10104000000.0,72619000000.0,99474000000.0,-15916000000.0,,118560000000.0,,325000000.0,-588000000.0,-135000000.0,533000000.0,,,,,,12597000000.0,,,,,,2415000000.0,,,3704000000.0,,,-4968000000.0,11154000000.0,
2020-06-30,70950000000.0,35250000000.0,,1800000000.0,19994000000.0,,15706000000.0,,,2731000000.0,13027000000.0,5.13,4.96,2487100000.0,2625800000.0,,,4178000000.0,5498000000.0,4090000000.0,,,27987000000.0,,20692000000.0,39901000000.0,23792000000.0,8328000000.0,120700000000.0,12071000000.0,9722000000.0,,32976000000.0,,,,11110000000.0,73822000000.0,100239000000.0,-16165000000.0,,120700000000.0,3013000000.0,558000000.0,-596000000.0,-634000000.0,637000000.0,,,,,,17403000000.0,,,,,58000000.0,3073000000.0,,,3045000000.0,,,-8367000000.0,11942000000.0,
2020-09-30,19318000000.0,9142000000.0,,,4895000000.0,,5281000000.0,,,989000000.0,,1.69,1.63,2486100000.0,2625300000.0,,,5043000000.0,5707000000.0,,,,26026000000.0,,20876000000.0,40569000000.0,23814000000.0,8614000000.0,119899000000.0,11935000000.0,10366000000.0,,30008000000.0,,,,11073000000.0,71323000000.0,102539000000.0,-15881000000.0,,119899000000.0,,89000000.0,193000000.0,825000000.0,137000000.0,,,,,,4739000000.0,,,,,,850000000.0,,,-829000000.0,,,-6730000000.0,-2789000000.0,
2020-12-31,39063000000.0,18395000000.0,,,10007000000.0,,10661000000.0,,,1979000000.0,8131000000.0,3.22,3.1,2481000000.0,2620400000.0,,,4819000000.0,5957000000.0,,,,24655000000.0,,21416000000.0,41381000000.0,23864000000.0,8796000000.0,120112000000.0,12027000000.0,11131000000.0,,31744000000.0,,,,11241000000.0,71572000000.0,104361000000.0,-15091000000.0,,120112000000.0,,254000000.0,145000000.0,462000000.0,217000000.0,,,,,,10163000000.0,,,,,,1417000000.0,,,-1378000000.0,,,-13171000000.0,-4240000000.0,
2021-03-31,57172000000.0,27317000000.0,,,15409000000.0,,14446000000.0,,,2607000000.0,11400000000.0,4.53,4.37,2473700000.0,2610400000.0,,,4861000000.0,6002000000.0,,,,22608000000.0,,21103000000.0,40612000000.0,23658000000.0,8797000000.0,116778000000.0,12134000000.0,11109000000.0,,32016000000.0,,,,10813000000.0,69859000000.0,105674000000.0,-15489000000.0,,116778000000.0,,398000000.0,-167000000.0,604000000.0,399000000.0,,,,,,14250000000.0,,,,,,2073000000.0,,,-2043000000.0,,,-18446000000.0,-6174000000.0,
2021-06-30,76118000000.0,37108000000.0,,1900000000.0,21024000000.0,,17986000000.0,,,3263000000.0,14306000000.0,5.69,5.5,2465800000.0,2601000000.0,,,4725000000.0,5983000000.0,4564000000.0,,,23091000000.0,,21686000000.0,40924000000.0,23642000000.0,9964000000.0,119307000000.0,13720000000.0,10523000000.0,,33132000000.0,,,,10269000000.0,72653000000.0,106374000000.0,-13744000000.0,,119307000000.0,2735000000.0,540000000.0,-258000000.0,342000000.0,309000000.0,,,,,,18371000000.0,,,,,34000000.0,2787000000.0,,,-2834000000.0,,,-21531000000.0,-5893000000.0,
2021-09-30,20338000000.0,10365000000.0,,,4950000000.0,,5023000000.0,,,909000000.0,4112000000.0,1.66,1.61,2428100000.0,2558900000.0,,,5662000000.0,6307000000.0,,,,24336000000.0,,21392000000.0,40493000000.0,23504000000.0,9944000000.0,119669000000.0,14223000000.0,10377000000.0,,36589000000.0,,,,9791000000.0,73261000000.0,108361000000.0,-14062000000.0,,119669000000.0,,116000000.0,57000000.0,1012000000.0,409000000.0,,,,,,4643000000.0,,,,,,1091000000.0,,,-1006000000.0,,,-3428000000.0,82000000.0,
2021-12-31,41291000000.0,21029000000.0,,,10071000000.0,,10191000000.0,,,1906000000.0,8335000000.0,3.39,3.27,2420700000.0,2551600000.0,,,5241000000.0,6673000000.0,,,,25545000000.0,,21357000000.0,40315000000.0,23538000000.0,10661000000.0,121416000000.0,14154000000.0,10542000000.0,,38027000000.0,,,,9668000000.0,76523000000.0,110393000000.0,-13564000000.0,,121416000000.0,,268000000.0,-101000000.0,644000000.0,840000000.0,,,,,,9764000000.0,,,,,,1717000000.0,,,-1966000000.0,,,-6286000000.0,1256000000.0,
2022-03-31,60672000000.0,31355000000.0,,,15102000000.0,,14215000000.0,,,2610000000.0,11690000000.0,4.76,4.59,2414000000.0,2544400000.0,,,5513000000.0,7101000000.0,,,,23416000000.0,,21323000000.0,40710000000.0,23913000000.0,10855000000.0,120217000000.0,14175000000.0,10324000000.0,,34401000000.0,,,,9760000000.0,74471000000.0,111645000000.0,-13448000000.0,,120217000000.0,,398000000.0,-259000000.0,916000000.0,1252000000.0,,,,,,13010000000.0,,,,,,2464000000.0,,,-3742000000.0,,,-10718000000.0,-1762000000.0,
2022-06-30,80187000000.0,42157000000.0,,2000000000.0,20217000000.0,,17813000000.0,,,3202000000.0,14742000000.0,6.0,5.81,2410300000.0,2539100000.0,,,5143000000.0,6924000000.0,4091000000.0,,,21653000000.0,,21195000000.0,39700000000.0,23679000000.0,10981000000.0,117208000000.0,14882000000.0,9554000000.0,,33081000000.0,,,,7616000000.0,70354000000.0,112429000000.0,-12189000000.0,,117208000000.0,2807000000.0,528000000.0,-402000000.0,694000000.0,1247000000.0,,,,,,16723000000.0,,,,,1381000000.0,3156000000.0,,,-4424000000.0,,,-14876000000.0,-3074000000.0,
2022-09-30,20612000000.0,10846000000.0,,,4827000000.0,,4939000000.0,,,1034000000.0,3939000000.0,1.62,1.57,2385500000.0,2503600000.0,,,5720000000.0,7590000000.0,,,,22521000000.0,,20593000000.0,38761000000.0,23465000000.0,10942000000.0,116282000000.0,14845000000.0,10056000000.0,,36618000000.0,,,,7058000000.0,71948000000.0,114163000000.0,-12811000000.0,,116282000000.0,,105000000.0,-130000000.0,740000000.0,893000000.0,,,,,,4070000000.0,,,,,,890000000.0,,,-832000000.0,,,-3507000000.0,-504000000.0,
2022-12-31,41385000000.0,21743000000.0,,,9918000000.0,,9724000000.0,,,1910000000.0,7872000000.0,3.25,3.16,2375700000.0,2492400000.0,,,5767000000.0,7541000000.0,,,,21866000000.0,,21167000000.0,39951000000.0,23594000000.0,11137000000.0,117715000000.0,14153000000.0,10293000000.0,,38746000000.0,,,,7200000000.0,72990000000.0,115858000000.0,-12506000000.0,,117715000000.0,,250000000.0,-398000000.0,654000000.0,655000000.0,,,,,,7644000000.0,,,,,,1598000000.0,,,-1322000000.0,,,-6500000000.0,-360000000.0,
2023-03-31,61453000000.0,32147000000.0,,,15334000000.0,,13972000000.0,,,2774000000.0,11269000000.0,4.67,4.53,2370200000.0,2486000000.0,,,5471000000.0,7483000000.0,,,,22305000000.0,,21564000000.0,40718000000.0,23832000000.0,11432000000.0,119851000000.0,13790000000.0,10523000000.0,,38030000000.0,,,,7104000000.0,74430000000.0,117082000000.0,-12266000000.0,,119851000000.0,,406000000.0,-360000000.0,301000000.0,503000000.0,,,,,,11507000000.0,,,,,,2328000000.0,,,-2702000000.0,,,-8253000000.0,382000000.0,
2023-06-30,82006000000.0,42760000000.0,,2000000000.0,21112000000.0,,18134000000.0,,,3615000000.0,14653000000.0,6.07,5.9,2368200000.0,2483900000.0,,,5471000000.0,7073000000.0,4687000000.0,,,22648000000.0,,21909000000.0,40659000000.0,23783000000.0,11830000000.0,120829000000.0,14598000000.0,10929000000.0,,35756000000.0,,,,7152000000.0,73764000000.0,118170000000.0,-12220000000.0,,120829000000.0,2714000000.0,545000000.0,-453000000.0,307000000.0,119000000.0,,,,,,16848000000.0,,,,,765000000.0,3062000000.0,,,-3500000000.0,,,-12146000000.0,1032000000.0,
2023-09-30,21871000000.0,10501000000.0,,,5604000000.0,,5767000000.0,,,1246000000.0,4521000000.0,1.89,1.83,2360000000.0,2475200000.0,,,6215000000.0,7117000000.0,,,,24940000000.0,,21636000000.0,40239000000.0,23637000000.0,12079000000.0,122531000000.0,14435000000.0,10912000000.0,,37158000000.0,,,,6477000000.0,74517000000.0,120443000000.0,-12583000000.0,,122531000000.0,,125000000.0,102000000.0,830000000.0,142000000.0,,,,,,4904000000.0,,,,,,925000000.0,,,-1222000000.0,,,-2038000000.0,1487000000.0,
2023-12-31,43312000000.0,20645000000.0,,,11127000000.0,,10200000000.0,,,2250000000.0,7988000000.0,3.33,3.23,2359000000.0,2471800000.0,,,6334000000.0,7151000000.0,,,,23111000000.0,,22132000000.0,40916000000.0,22302000000.0,12248000000.0,120709000000.0,14234000000.0,11100000000.0,,35950000000.0,,,,6614000000.0,71880000000.0,121617000000.0,-12167000000.0,,120709000000.0,,275000000.0,-154000000.0,839000000.0,32000000.0,,,,,,10004000000.0,,,,,,1742000000.0,,,-2224000000.0,,,-8087000000.0,-356000000.0,
2024-03-31,63507000000.0,30500000000.0,,,17006000000.0,,14660000000.0,,,3061000000.0,11742000000.0,4.89,4.75,2360500000.0,2472000000.0,,,6124000000.0,7077000000.0,,,,22458000000.0,,22027000000.0,40567000000.0,22193000000.0,12353000000.0,119598000000.0,13691000000.0,10921000000.0,,32340000000.0,,,,6386000000.0,69264000000.0,123132000000.0,-12370000000.0,,119598000000.0,,433000000.0,-206000000.0,692000000.0,47000000.0,,,,,,14092000000.0,,,,,,2539000000.0,,,-2986000000.0,,,-12356000000.0,-1418000000.0,
2024-06-30,84039000000.0,40848000000.0,,2000000000.0,23305000000.0,,18545000000.0,,18761000000.0,3787000000.0,14879000000.0,6.18,6.02,2360100000.0,2471900000.0,,,6118000000.0,7016000000.0,4582000000.0,,,24709000000.0,,22152000000.0,40303000000.0,22047000000.0,13158000000.0,122370000000.0,15364000000.0,11073000000.0,,33627000000.0,,,,6398000000.0,71811000000.0,123811000000.0,-11900000000.0,,122370000000.0,2896000000.0,562000000.0,-244000000.0,766000000.0,70000000.0,,,,,,19846000000.0,,,,,21000000.0,3322000000.0,,,-3504000000.0,,,-14855000000.0,1235000000.0,
2024-09-30,21737000000.0,10421000000.0,,,5519000000.0,,5797000000.0,,,1152000000.0,3959000000.0,1.65,1.61,2356200000.0,2466000000.0,,,6314000000.0,7287000000.0,,,,27449000000.0,,22506000000.0,40970000000.0,22053000000.0,13503000000.0,126482000000.0,15350000000.0,10661000000.0,,36420000000.0,,,,5757000000.0,74341000000.0,125361000000.0,-10893000000.0,,126482000000.0,728000000.0,105000000.0,184000000.0,134000000.0,188000000.0,,,,,,4302000000.0,,,,,6000000.0,993000000.0,,,-1108000000.0,,,-634000000.0,2675000000.0,
