Date,Net sales,Cost of sales,Gross margin,Research and development,"Selling, general and administrative",Total operating expenses,Operating income,"Other income/(expense), net",Income before provision for income taxes,Provision for income taxes,Net income,Earnings per share basic,Earnings per share diluted,Weighted-average basic,Weighted-average diluted,Cash and cash equivalents,Short-term marketable securities,"Accounts receivable, net",Inventories,Deferred tax assets,Vendor non-trade receivables,Other current assets,Total current assets,Long-term marketable securities,"Property, Plant and Equipment, Net",Goodwill,"Acquired intangible assets, net","Other Assets, Noncurrent",Total assets,accounts payable,Accrued expenses,Deferred revenue,Total current liabilities,Deferred revenue - non-current,deferred tax liabilities,long term taxes payable,Total other non-current liabilities,Total liabilities,Retained Earnings (Accumulated Deficit),Accumulated other comprehensive (loss)/income,Total shareholders equity,Total liabilities and shareholders' equity,"Depreciation, amortization and accretion",Stock-based compensation expense,Deferred income tax expense,"Increase (Decrease) in Accounts receivable, net",Increase (Decrease) in Inventories,Increase (Decrease) in Other Receivables,Increase (Decrease) in Other Operating Assets,Increase (Decrease) in Accounts Payable,Increase (Decrease) in Deferred Revenue,Increase (Decrease) Other liabilities,Cash generated by operating activities,Purchases of marketable securities,Proceeds from maturities of marketable securities,Proceeds from sales of marketable securities,Purchases of other long-term investments,"Business acquisitions, net of cash acquired",Cash payments for capital asset purchases,Payments for acquisition of intangible assets,Payments for (Proceeds from) Other Investing Activities,Cash used in investing activities,Proceeds from issuance of common stock,Excess tax benefits from stock-based compensation,Cash generated/used in financing activities,Increase/(decrease) in cash and cash equivalents,"Cash paid for income taxes, net"
2009-12-31,4591873000.0,3670426000.0,921447000.0,,611683000.0,,,,256264000.0,77331000.0,178039000.0,1.11,1.1,,,233899000.0,,,1232979000.0,124182000.0,,,3058498000.0,,1842750000.0,2948304000.0,1254982000.0,689655000.0,9794189000.0,692721000.0,,,1916038000.0,,186493000.0,,241526000.0,5156403000.0,5808915000.0,-705524000.0,4552027000.0,9794189000.0,,37060000.0,-39165000.0,-73842000.0,-44867000.0,,-19454000.0,,,3908000.0,606250000.0,,,,,0.0,61232000.0,,14310000.0,-69877000.0,,1489000.0,-484269000.0,46288000.0,
2010-03-31,7206696000.0,5732877000.0,1473819000.0,,927752000.0,,,,462657000.0,129344000.0,331902000.0,2.06,2.04,,,380561000.0,,,1196558000.0,123906000.0,,,3354328000.0,,1782426000.0,2882709000.0,1207440000.0,631345000.0,9858248000.0,785244000.0,,,2071975000.0,,177512000.0,,226266000.0,5162704000.0,5917136000.0,-780185000.0,4609629000.0,9858248000.0,,48145000.0,-9143000.0,140141000.0,-64028000.0,,-22265000.0,,,-8769000.0,841397000.0,,,,,5451000.0,90862000.0,,12184000.0,-104443000.0,,3019000.0,-534327000.0,192950000.0,
2010-06-30,9993166000.0,7847067000.0,2146099000.0,316181000.0,1277080000.0,,,,754817000.0,198452000.0,554065000.0,3.44,3.4,160909655.0,162901717.0,575526000.0,,,1171655000.0,343403000.0,,,3588796000.0,,1697881000.0,2786334000.0,1150051000.0,,9910382000.0,888743000.0,,,2204891000.0,,135321000.0,,196208000.0,5450982000.0,6086545000.0,-1208561000.0,4367965000.0,9910382000.0,,59318000.0,-17353000.0,220349000.0,-53862000.0,,-42031000.0,,,-31012000.0,1218822000.0,,,,,5451000.0,129222000.0,,23429000.0,-146173000.0,,13698000.0,-649996000.0,387915000.0,
2010-09-30,2829273000.0,2137874000.0,691399000.0,,333584000.0,,,,336364000.0,87334000.0,247171000.0,1.53,1.51,161272536.0,164107220.0,923836000.0,,,1295137000.0,130094000.0,,,4147596000.0,,1770983000.0,2915602000.0,1180021000.0,695519000.0,10709721000.0,953259000.0,,,2282104000.0,,149701000.0,,212332000.0,5717144000.0,6284148000.0,-910884000.0,4894945000.0,10709721000.0,,29242000.0,31033000.0,20281000.0,68538000.0,,7243000.0,,,-11032000.0,122880000.0,,,,,8129000.0,52690000.0,,318000.0,-58968000.0,,3110000.0,246999000.0,348310000.0,
2010-12-31,5695937000.0,4333602000.0,1362335000.0,,679263000.0,,,,642614000.0,161766000.0,477351000.0,2.96,2.9,161701219.0,166101535.0,808736000.0,,,1361457000.0,130426000.0,86330000.0,,4043940000.0,,1764558000.0,2910729000.0,1178912000.0,720705000.0,10618844000.0,960567000.0,,,1940868000.0,,150069000.0,,241957000.0,5404251000.0,6449601000.0,-881688000.0,5113261000.0,10618844000.0,,41331000.0,31121000.0,-26609000.0,129640000.0,,35653000.0,,,23807000.0,408157000.0,,,,,43359000.0,109795000.0,,9369000.0,-145280000.0,,18557000.0,-66371000.0,233210000.0,
2011-03-31,8936040000.0,6796685000.0,2139355000.0,,1054332000.0,,1319662000.0,,1032331000.0,269835000.0,756940000.0,4.68,4.58,162160426.0,166690347.0,1107955000.0,,,1390862000.0,151840000.0,78505000.0,,4691329000.0,,1788377000.0,2976232000.0,1191072000.0,729852000.0,11376862000.0,1085126000.0,,,2340420000.0,,159777000.0,,267285000.0,5793133000.0,6664687000.0,-737407000.0,5481908000.0,11376862000.0,,56792000.0,7557000.0,255673000.0,134256000.0,,40926000.0,,,36273000.0,799933000.0,,,,,60227000.0,158455000.0,,8251000.0,-203115000.0,,37451000.0,-123673000.0,532429000.0,
2011-06-30,12345870000.0,9387457000.0,2958413000.0,359456000.0,1467773000.0,,1823026000.0,,1413721000.0,356571000.0,1049130000.0,6.51,6.37,161125869.0,164798221.0,657466000.0,,,1412153000.0,189617000.0,75550000.0,,4305256000.0,,1797179000.0,3009116000.0,1177722000.0,,10886805000.0,1173851000.0,,,2391043000.0,,160035000.0,,293367000.0,5398469000.0,6891407000.0,-450990000.0,5383854000.0,10886805000.0,,73238000.0,20715000.0,259752000.0,139062000.0,,39118000.0,,,56743000.0,1166933000.0,,,,,60227000.0,207294000.0,,9706000.0,-244938000.0,,42823000.0,-915778000.0,81940000.0,
2011-09-30,3233881000.0,2414442000.0,819439000.0,,386466000.0,,519875000.0,,411585000.0,113427000.0,297018000.0,1.95,1.91,152439026.0,155429408.0,424354000.0,,,1456078000.0,144002000.0,83605000.0,,3999334000.0,,1712870000.0,2904201000.0,1115900000.0,,10321590000.0,1120339000.0,,,2235709000.0,,149022000.0,,309195000.0,5208102000.0,7128179000.0,-723525000.0,5017264000.0,10321590000.0,,27898000.0,-4094000.0,-31735000.0,92648000.0,,19974000.0,,,42943000.0,309496000.0,,,,,87299000.0,43989000.0,,-181000.0,-125447000.0,,1554000.0,-354147000.0,-233112000.0,
2011-12-31,6340713000.0,4795764000.0,1544949000.0,,755156000.0,,961638000.0,,750532000.0,210031000.0,537784000.0,3.55,3.47,151699614.0,155024479.0,487984000.0,,,1452664000.0,144819000.0,79377000.0,,4043023000.0,,1691162000.0,2879169000.0,1101020000.0,,10327584000.0,1069503000.0,,,2120109000.0,,147123000.0,,306371000.0,5071681000.0,7311219000.0,-765350000.0,5158126000.0,10327584000.0,,44462000.0,-19903000.0,-70385000.0,97873000.0,,26907000.0,,,43297000.0,563416000.0,,,,,90545000.0,96897000.0,,14498000.0,-190761000.0,,2964000.0,-428867000.0,-169482000.0,
2012-03-31,9734276000.0,7386079000.0,2348197000.0,,1132635000.0,,1472817000.0,,1151359000.0,298169000.0,849858000.0,5.61,5.49,151472380.0,154944246.0,773459000.0,,,1429014000.0,132991000.0,82525000.0,,4497301000.0,,1721970000.0,2926311000.0,1096306000.0,647236000.0,10889124000.0,1148939000.0,,,2489300000.0,,141467000.0,,308151000.0,5302656000.0,7551260000.0,-599160000.0,5577592000.0,10889124000.0,,64102000.0,-54928000.0,138796000.0,55329000.0,,26360000.0,,,32301000.0,1006461000.0,,,,,31004000.0,154097000.0,,16381000.0,-185922000.0,,12549000.0,-590829000.0,115993000.0,
2012-06-30,13145942000.0,9958337000.0,3187605000.0,365703000.0,1519316000.0,,2002542000.0,,1576698000.0,421206000.0,1151823000.0,7.62,7.45,151222033.0,154664510.0,838317000.0,,,1400732000.0,549261000.0,84872000.0,,4498114000.0,,1719968000.0,2925856000.0,1095218000.0,,11170282000.0,1194684000.0,,,2486013000.0,,88091000.0,,276747000.0,6264552000.0,7787175000.0,-1415900000.0,4896515000.0,11170282000.0,,80935000.0,-56452000.0,91091000.0,28333000.0,,6578000.0,,,16809000.0,1530385000.0,,,,,156256000.0,218817000.0,,21099000.0,-375768000.0,,16107000.0,-823520000.0,180851000.0,
2012-09-30,3214935000.0,2477447000.0,737488000.0,,381122000.0,,462571000.0,,336058000.0,96110000.0,239741000.0,1.61,1.57,149285849.0,152617110.0,436131000.0,,,1489748000.0,130490000.0,92097000.0,,4200082000.0,,1803412000.0,3076134000.0,1193815000.0,,11134578000.0,1162797000.0,,,2366465000.0,,112532000.0,,287477000.0,5982564000.0,7949519000.0,-1281719000.0,5141124000.0,11134578000.0,,31261000.0,54030000.0,-85221000.0,38022000.0,,13577000.0,,,5931000.0,-6971000.0,,,,,194548000.0,76685000.0,,-168000.0,-262420000.0,,23678000.0,-171668000.0,-402186000.0,
2012-12-31,6280430000.0,4899419000.0,1381011000.0,,762222000.0,,830221000.0,,598687000.0,177625000.0,420703000.0,2.82,2.77,149143561.0,152198704.0,497635000.0,,,1515325000.0,127905000.0,92772000.0,,4095747000.0,,1844643000.0,3295141000.0,1367978000.0,,11461361000.0,1073233000.0,,,2488260000.0,,128892000.0,,301633000.0,6132372000.0,8052796000.0,-1187140000.0,5325717000.0,11461361000.0,,46527000.0,26714000.0,-282950000.0,13429000.0,,20667000.0,,,3543000.0,347338000.0,,,,,621716000.0,140221000.0,,7765000.0,-686960000.0,,38269000.0,-56848000.0,-340682000.0,
2013-03-31,9587471000.0,7468608000.0,2118863000.0,,1141912000.0,,1292982000.0,,937238000.0,259584000.0,677263000.0,4.54,4.46,149287628.0,152360612.0,1677319000.0,,,1473072000.0,134724000.0,101961000.0,,5438509000.0,,1829715000.0,3229827000.0,1313990000.0,,12671772000.0,1162125000.0,,,3648549000.0,,127159000.0,,294582000.0,7259364000.0,8229106000.0,-1275837000.0,5409058000.0,12671772000.0,,65516000.0,-1858000.0,-39518000.0,-10941000.0,,27457000.0,,,6942000.0,718799000.0,,,,,620647000.0,214061000.0,,9375000.0,-747572000.0,,52897000.0,872577000.0,839002000.0,
2013-06-30,13015704000.0,10086675000.0,2929029000.0,406613000.0,1554973000.0,,1791485000.0,,1311001000.0,362217000.0,948427000.0,6.36,6.26,149218257.0,151588031.0,1781412000.0,,,1377405000.0,274816000.0,110394000.0,,5531186000.0,,1808240000.0,3223515000.0,1290499000.0,,12540898000.0,1156002000.0,,,3520203000.0,,102920000.0,,307897000.0,6799417000.0,8421270000.0,-1107833000.0,5738426000.0,12540898000.0,,84996000.0,-1368000.0,21206000.0,-98518000.0,,16007000.0,,,9765000.0,1190935000.0,,,,,621144000.0,265896000.0,,21367000.0,-809845000.0,,66030000.0,576174000.0,943095000.0,
2013-09-30,3226144000.0,2476409000.0,749735000.0,,406930000.0,,464906000.0,,324090000.0,79770000.0,244316000.0,1.64,1.61,149237306.0,151860261.0,1945623000.0,,,1465431000.0,123390000.0,115935000.0,,5679179000.0,,1833748000.0,3285228000.0,1280431000.0,,12788364000.0,1130676000.0,,,3455009000.0,,107000000.0,,319859000.0,6698593000.0,8596456000.0,-922906000.0,6086861000.0,12788364000.0,,48998000.0,-15747000.0,-127098000.0,68940000.0,,10845000.0,,,1169000.0,282691000.0,,,,,-1491000.0,56651000.0,,-49000.0,-52196000.0,,4029000.0,-111024000.0,164211000.0,
2013-12-31,6332150000.0,4896380000.0,1435770000.0,,805566000.0,,844766000.0,,819406000.0,321682000.0,497604000.0,3.34,3.28,149195452.0,152151024.0,2139522000.0,,,1448628000.0,125612000.0,118391000.0,,5744873000.0,,1820312000.0,3161699000.0,1220547000.0,,12863936000.0,1074512000.0,,,3303103000.0,,112561000.0,,339440000.0,6565650000.0,8779454000.0,-873154000.0,6295226000.0,12863936000.0,,75370000.0,42131000.0,-222827000.0,86684000.0,,39594000.0,,,12041000.0,540109000.0,,,,,-728000.0,111847000.0,,728000.0,99441000.0,,17222000.0,-333336000.0,358110000.0,
2014-03-31,9690556000.0,7502273000.0,2188283000.0,,1212807000.0,,1278671000.0,,1148896000.0,408654000.0,740010000.0,4.96,4.88,149143478.0,151739617.0,2095989000.0,,,1448989000.0,122840000.0,124739000.0,,5949000000.0,,1827980000.0,3164175000.0,1210967000.0,,13102358000.0,1200466000.0,,,3367181000.0,,111508000.0,,354158000.0,6648125000.0,8945602000.0,-847077000.0,6450996000.0,13102358000.0,,84647000.0,-769000.0,10146000.0,84540000.0,,43297000.0,,,9608000.0,817471000.0,,,,,14272000.0,167371000.0,,3382000.0,28258000.0,,26393000.0,-582725000.0,314577000.0,
2014-06-30,13215971000.0,10188227000.0,3027744000.0,410132000.0,1633992000.0,,1790207000.0,,1556720000.0,515302000.0,1041048000.0,6.98,6.87,149099448.0,151444103.0,1613555000.0,,,1371681000.0,305612000.0,216265000.0,,6071580000.0,,1824294000.0,3171425000.0,1188282000.0,,13274362000.0,1252040000.0,,,3252796000.0,,94819000.0,,409573000.0,6611554000.0,9174189000.0,-823498000.0,6659428000.0,13274362000.0,,103161000.0,-74139000.0,99144000.0,3816000.0,,79158000.0,,,43498000.0,1387893000.0,,,,,17593000.0,216340000.0,,4454000.0,-646401000.0,,33732000.0,-958115000.0,-167857000.0,
2014-09-30,3269932000.0,2459865000.0,810067000.0,,400840000.0,,519390000.0,,396635000.0,116464000.0,280089000.0,1.88,1.85,148738828.0,151073635.0,1092137000.0,,,1441439000.0,147410000.0,217216000.0,,5876262000.0,,1755254000.0,3068420000.0,1130312000.0,,12744625000.0,1192652000.0,,,2888199000.0,,89038000.0,,374409000.0,6162261000.0,9382218000.0,-1098566000.0,6579003000.0,12744625000.0,,40559000.0,47166000.0,-77908000.0,112962000.0,,471000.0,,,-5740000.0,260874000.0,,,,,0.0,54709000.0,,5060000.0,-480927000.0,,9312000.0,-229666000.0,-521418000.0,
2014-12-31,6404925000.0,4861449000.0,1543476000.0,,780644000.0,,949620000.0,,739901000.0,192395000.0,547341000.0,3.72,3.66,147116038.0,149463280.0,1075307000.0,,,1453996000.0,150301000.0,165672000.0,,5727772000.0,,1716489000.0,3011894000.0,1090972000.0,,12568399000.0,1145202000.0,,,2339151000.0,,86606000.0,,347514000.0,6808258000.0,9556319000.0,-1290363000.0,5756749000.0,12568399000.0,,52217000.0,-35253000.0,-211530000.0,155335000.0,,4175000.0,,,-13629000.0,538497000.0,,,,,18640000.0,109781000.0,,43239000.0,-640734000.0,,16319000.0,-347307000.0,-538248000.0,
2015-03-31,9567236000.0,7234465000.0,2332771000.0,,1152950000.0,,1397943000.0,,1128267000.0,295299000.0,832686000.0,5.77,5.68,144342288.0,146627273.0,1017013000.0,,,1387681000.0,152599000.0,156986000.0,,5784997000.0,,1643538000.0,2892705000.0,1022425000.0,,12337215000.0,1138163000.0,,,2767324000.0,,78276000.0,,323567000.0,7182276000.0,9753934000.0,-1638224000.0,5151715000.0,12337215000.0,,74830000.0,-29362000.0,-39309000.0,142105000.0,,-2291000.0,,,-13488000.0,791050000.0,,,,,18640000.0,157418000.0,,44726000.0,-797439000.0,,19097000.0,-461923000.0,-596542000.0,
2015-06-30,12711744000.0,9655245000.0,3056499000.0,403085000.0,1544746000.0,,1838432000.0,,1432240000.0,419687000.0,1012140000.0,7.08,6.97,142925327.0,145112150.0,1180584000.0,,,1300459000.0,343045000.0,160506000.0,,5583092000.0,,1664022000.0,2942679000.0,1013439000.0,,12295037000.0,1092138000.0,,,2350130000.0,,77967000.0,,336214000.0,7187468000.0,9841885000.0,-1738618000.0,5104287000.0,12295037000.0,,96093000.0,18865000.0,-143179000.0,70377000.0,,-20976000.0,,,1207000.0,1301941000.0,,,,,18618000.0,215527000.0,,46001000.0,-579163000.0,,23429000.0,-1044744000.0,-432971000.0,
2015-09-30,2869348000.0,2200904000.0,668444000.0,,370214000.0,,416046000.0,,275649000.0,80623000.0,194978000.0,1.42,1.41,136844504.0,138574908.0,974268000.0,,,1320204000.0,144033000.0,152942000.0,,5327902000.0,,1632803000.0,2947955000.0,1003386000.0,,12001554000.0,1014265000.0,,,2550041000.0,,78019000.0,,312868000.0,7146803000.0,9950458000.0,-1821805000.0,4851518000.0,12001554000.0,,35381000.0,2970000.0,-66355000.0,25696000.0,,-18301000.0,,,-25350000.0,4968000.0,,,,,67552000.0,38681000.0,,40273000.0,-201426000.0,,5480000.0,14336000.0,-206316000.0,
2015-12-31,5574938000.0,4341528000.0,1233410000.0,,684880000.0,,746758000.0,,505529000.0,127366000.0,377960000.0,2.78,2.74,136108930.0,137788219.0,1047494000.0,,,1279760000.0,148198000.0,143364000.0,,5151011000.0,,1598185000.0,2913065000.0,975515000.0,,11754091000.0,948157000.0,,,2368099000.0,,76405000.0,,306655000.0,6951370000.0,10047759000.0,-1884727000.0,4799406000.0,11754091000.0,,39026000.0,-20899000.0,-173590000.0,-3346000.0,,20673000.0,,,-25149000.0,346628000.0,,,,,67552000.0,75419000.0,,41450000.0,-223279000.0,,5960000.0,-209146000.0,-133090000.0,
2016-03-31,8403603000.0,6550929000.0,1852674000.0,,1020788000.0,,1138337000.0,,778522000.0,213217000.0,565044000.0,4.16,4.12,135675823.0,137311848.0,1034971000.0,,,1248213000.0,146939000.0,150401000.0,,5456839000.0,,1598758000.0,2948284000.0,961206000.0,,12069401000.0,999159000.0,,,2500619000.0,,80452000.0,,302706000.0,7042418000.0,10148038000.0,-1725538000.0,5023612000.0,12069401000.0,,53735000.0,-25925000.0,-21167000.0,-53120000.0,,19246000.0,,,-32471000.0,681499000.0,,,,,67552000.0,110804000.0,,40364000.0,-394460000.0,,8681000.0,-392635000.0,-145613000.0,
2016-06-30,11360753000.0,8823384000.0,2537369000.0,359796000.0,1359360000.0,,1575655000.0,,1114728000.0,307512000.0,806840000.0,5.96,5.89,135353321.0,136911690.0,1221653000.0,,,1173329000.0,550760000.0,129783000.0,,5207787000.0,,1568100000.0,2903037000.0,922571000.0,,12056738000.0,1034589000.0,,,2365941000.0,,54395000.0,,306581000.0,7478060000.0,10302866000.0,-2227765000.0,4575255000.0,12056738000.0,,71293000.0,-65686000.0,-17549000.0,-120243000.0,,5033000.0,,,-30498000.0,1169843000.0,,,,,67552000.0,149407000.0,,39995000.0,-264639000.0,,11145000.0,-802423000.0,41069000.0,
2016-09-30,2743131000.0,2106006000.0,637125000.0,,322969000.0,,411088000.0,,292245000.0,82007000.0,210129000.0,1.57,1.55,133679378.0,135825658.0,1393850000.0,,,1247972000.0,,110236000.0,,5281878000.0,,1562933000.0,2910765000.0,901939000.0,,11970914000.0,1017905000.0,,,2494238000.0,,55079000.0,,311634000.0,7320325000.0,10427245000.0,-2185472000.0,4647281000.0,11970914000.0,,35818000.0,90696000.0,-145657000.0,64752000.0,,-3918000.0,,,3477000.0,113932000.0,,,,,29927000.0,32526000.0,,-1450000.0,45213000.0,,,15461000.0,172197000.0,
2016-12-31,5413935000.0,4150490000.0,1263445000.0,,659547000.0,,384046000.0,,612967000.0,161329000.0,451434000.0,3.38,3.33,133499744.0,135596707.0,1520736000.0,,,1241593000.0,,98877000.0,,5247839000.0,,1506201000.0,2813238000.0,849692000.0,,11731613000.0,997189000.0,,,2425474000.0,,50809000.0,,304583000.0,7200635000.0,10579635000.0,-2411144000.0,4527709000.0,11731613000.0,,47161000.0,70976000.0,-160500000.0,97440000.0,,1625000.0,,,4285000.0,404176000.0,,,,,29927000.0,71356000.0,,-241000.0,102292000.0,,,-140675000.0,299083000.0,
2017-03-31,8533074000.0,6534280000.0,1998794000.0,,1051583000.0,,1134808000.0,-97129000.0,928030000.0,237545000.0,690107000.0,5.17,5.09,133410622.0,136102974.0,819563000.0,,,1538644000.0,,130059000.0,,4619154000.0,,1945739000.0,5508712000.0,2338364000.0,,15325333000.0,1209351000.0,,,3048441000.0,,159666000.0,,327033000.0,10577607000.0,10725262000.0,-2292833000.0,4742139000.0,15325333000.0,,60916000.0,43530000.0,45442000.0,91170000.0,,-1384000.0,,,10314000.0,789293000.0,,,,,4067755000.0,145236000.0,,2590000.0,-3308359000.0,,,2168352000.0,-402090000.0,
2017-06-30,12029312000.0,9188962000.0,2840350000.0,336675000.0,1453935000.0,,1790255000.0,,1328641000.0,344797000.0,983412000.0,7.37,7.25,133377547.0,135559764.0,884886000.0,,,1549494000.0,,136636000.0,,4779718000.0,,1937292000.0,5586878000.0,2307484000.0,,15489904000.0,1300496000.0,,,3395860000.0,,221790000.0,,336931000.0,10222558000.0,10930348000.0,-1924204000.0,5261649000.0,15489904000.0,,80339000.0,37024000.0,95347000.0,73673000.0,,3887000.0,,,14051000.0,1302471000.0,,,,,4069197000.0,203748000.0,,6113000.0,-3365148000.0,,,1782628000.0,-336767000.0,
2017-09-30,3364651000.0,2532878000.0,,,401672000.0,,483902000.0,-56045000.0,374302000.0,88767000.0,285397000.0,2.14,2.1,133176964.0,135794270.0,874766000.0,,,1707001000.0,,143164000.0,,5004618000.0,,1962846000.0,5679239000.0,2215297000.0,,15731279000.0,1304260000.0,,,3467124000.0,,,,341195000.0,10200620000.0,11127641000.0,-1824503000.0,5524940000.0,15731279000.0,,43211000.0,10223000.0,-23432000.0,142743000.0,,28523000.0,,,-287000.0,238964000.0,,,,,0.0,79336000.0,,-6365000.0,-118277000.0,,,-135413000.0,-10120000.0,
2017-12-31,6735324000.0,5101948000.0,,,814134000.0,,914721000.0,-73510000.0,734523000.0,392666000.0,,2.57,2.51,133144766.0,136194919.0,1024770000.0,,1857282000.0,1780262000.0,,158055000.0,,5286359000.0,,1937074000.0,5698707000.0,2174104000.0,,15965181000.0,1229336000.0,,,3537703000.0,,,,609235000.0,10445971000.0,11095717000.0,-1767728000.0,5513401000.0,15965181000.0,,64267000.0,-74101000.0,-49986000.0,207334000.0,,42147000.0,,,268688000.0,460337000.0,,,,,0.0,144781000.0,,-5143000.0,-145389000.0,,,-182824000.0,139884000.0,
2018-03-31,10484915000.0,7926956000.0,,,1234729000.0,,1453181000.0,-87998000.0,1204350000.0,496363000.0,,5.32,5.22,133107321.0,135768280.0,1089529000.0,,2146408000.0,1732759000.0,,164297000.0,,5563096000.0,,1941799000.0,5746358000.0,2134659000.0,,16237484000.0,1376457000.0,,,3508517000.0,,,,569209000.0,10361201000.0,11373676000.0,-1649038000.0,5870353000.0,16237484000.0,,89571000.0,-89032000.0,225447000.0,144669000.0,,21292000.0,,,215700000.0,904825000.0,,,,,0.0,194307000.0,,-5350000.0,-182982000.0,,,-535528000.0,204643000.0,
2018-06-30,14302392000.0,10762841000.0,,327877000.0,1657152000.0,,2239179000.0,,1702277000.0,640962000.0,1060801000.0,7.98,7.83,133004613.0,135426834.0,822137000.0,,,1621304000.0,,179145000.0,,5085238000.0,,1856237000.0,5504420000.0,2015520000.0,,15320087000.0,1430306000.0,,,3197483000.0,,234858000.0,,526089000.0,9454594000.0,11625975000.0,-1763086000.0,5859866000.0,15320087000.0,,118831000.0,-41412000.0,301978000.0,92209000.0,,13293000.0,,,184425000.0,1600287000.0,,,,,0.0,247667000.0,,-4837000.0,20090000.0,,,-1681972000.0,-62749000.0,
2018-09-30,3479294000.0,2594823000.0,,,394322000.0,,591060000.0,,459723000.0,83824000.0,,2.84,2.79,132361654.0,134664496.0,952122000.0,,2065158000.0,1762640000.0,,176455000.0,,5298082000.0,,1828034000.0,5485144000.0,1956101000.0,,15425042000.0,1404716000.0,,62520000.0,3308521000.0,,,,471839000.0,9317936000.0,11902300000.0,-1775983000.0,6101380000.0,15425042000.0,,42941000.0,31765000.0,-78369000.0,124995000.0,,19144000.0,,,-58770000.0,159388000.0,,,,,2042000.0,42106000.0,,-2318000.0,-15063000.0,,,-7247000.0,129985000.0,
2018-12-31,6951339000.0,5197162000.0,,,791581000.0,,1045167000.0,-62433000.0,890877000.0,203065000.0,,5.23,5.15,131361464.0,133449674.0,1047385000.0,,1938709000.0,1804564000.0,,163874000.0,,5334736000.0,,1793805000.0,5462555000.0,1883825000.0,,15307687000.0,1307178000.0,,65320000.0,3508934000.0,,,,449696000.0,9486521000.0,12114448000.0,-1795497000.0,5815209000.0,15307687000.0,,64615000.0,47401000.0,-185638000.0,176094000.0,,-14214000.0,,,-79782000.0,541040000.0,,,,,2042000.0,94426000.0,,90000.0,-31310000.0,,,-259983000.0,225248000.0,
2019-03-31,10638857000.0,7963906000.0,,,1152446000.0,,1643387000.0,-83244000.0,1420077000.0,320884000.0,,8.42,8.29,130476355.0,132498376.0,1098729000.0,,2117103000.0,1755991000.0,,162518000.0,,5537791000.0,,1779892000.0,5459965000.0,1834433000.0,,15477935000.0,1423659000.0,,72159000.0,3548950000.0,,,,456293000.0,9461887000.0,12427212000.0,-1728915000.0,6009978000.0,15477935000.0,,84525000.0,33279000.0,-8144000.0,132137000.0,,12579000.0,,,-71940000.0,1092597000.0,,,,,2042000.0,145071000.0,,-953000.0,-116095000.0,,,-690184000.0,276592000.0,
2019-06-30,14320324000.0,10703484000.0,,294852000.0,1543939000.0,,2431233000.0,,1933425000.0,420494000.0,1512364000.0,11.63,11.48,129997640.0,131781617.0,3219767000.0,,,1678132000.0,,162989000.0,,7673086000.0,,1768287000.0,5453805000.0,1783277000.0,,17576690000.0,1413155000.0,,64668000.0,3151773000.0,,,,438489000.0,11608538000.0,12777538000.0,-2059048000.0,5961969000.0,17576690000.0,,104078000.0,32537000.0,-2452000.0,51817000.0,,-2677000.0,,,-90647000.0,1730140000.0,,,,,2042000.0,195089000.0,,-19223000.0,-218510000.0,,,902306000.0,2397630000.0,
2019-09-30,3334511000.0,2479741000.0,,,399179000.0,,517843000.0,-14731000.0,433156000.0,94115000.0,,2.64,2.6,128463992.0,130130076.0,3627393000.0,,1983242000.0,1790044000.0,,166767000.0,,8138079000.0,,1880157000.0,5818613000.0,2693756000.0,,19568589000.0,1287420000.0,,60839000.0,4157328000.0,,,,501610000.0,13465797000.0,13003084000.0,-2130594000.0,6096616000.0,19568589000.0,,52633000.0,-15548000.0,-213203000.0,24108000.0,,10902000.0,,,-17093000.0,449131000.0,,,,,1696456000.0,50345000.0,,-8070000.0,-1852954000.0,,,1838377000.0,407626000.0,
2019-12-31,6832485000.0,5162506000.0,,,890300000.0,,968377000.0,-127628000.0,687902000.0,144263000.0,,4.23,4.17,128430463.0,130495381.0,948355000.0,,1973187000.0,2014260000.0,,177643000.0,,5661151000.0,,2335940000.0,7955170000.0,4036108000.0,,21043989000.0,1311733000.0,,58323000.0,4091122000.0,,,,532750000.0,14701488000.0,13094252000.0,-1945732000.0,6330175000.0,21043989000.0,,73069000.0,8608000.0,-379536000.0,-25724000.0,,38747000.0,,,-19387000.0,825968000.0,,,,,5075605000.0,118593000.0,,-9374000.0,-5155088000.0,,,2054305000.0,-2271412000.0,
2020-03-31,10534917000.0,7929199000.0,,,1303760000.0,,1504057000.0,-128386000.0,1142059000.0,231051000.0,,7.09,7.01,128383549.0,129862815.0,697617000.0,,2174425000.0,2011367000.0,,205465000.0,,5481426000.0,,2296990000.0,7829779000.0,3881827000.0,,20365280000.0,1422011000.0,,66374000.0,3673609000.0,,,,468235000.0,14057853000.0,13348291000.0,-2195462000.0,6295990000.0,20365280000.0,,91857000.0,9954000.0,-173310000.0,8019000.0,,13268000.0,,,-92751000.0,1290859000.0,,,,,5076064000.0,182502000.0,,-129938000.0,-5045201000.0,,,1272745000.0,-2522150000.0,
2020-06-30,13695520000.0,10286518000.0,,293837000.0,1656553000.0,,1966704000.0,-145916000.0,1512627000.0,305924000.0,1206341000.0,9.39,9.29,128418495.0,129805034.0,685514000.0,,,1814631000.0,,147500000.0,,4885204000.0,,2292735000.0,7869935000.0,3798913000.0,,19738189000.0,1111759000.0,,51278000.0,3148373000.0,,,,539089000.0,13609660000.0,13530666000.0,-2558875000.0,6113983000.0,19738189000.0,,111375000.0,13692000.0,-578853000.0,-201164000.0,,23547000.0,,,-53384000.0,2070949000.0,,,,,5076064000.0,232591000.0,,-177576000.0,-5023993000.0,,,449310000.0,-2534253000.0,
2020-09-30,3230540000.0,2384328000.0,,,369851000.0,,505765000.0,-24512000.0,415295000.0,93578000.0,,2.5,2.47,128707745.0,130294223.0,742394000.0,,,1795779000.0,,147072000.0,,4869484000.0,,2292880000.0,7971897000.0,3743314000.0,,19785917000.0,1264991000.0,,46290000.0,3328223000.0,,,,577325000.0,13241668000.0,13738533000.0,-2388472000.0,6528964000.0,19785917000.0,,58461000.0,11558000.0,-15532000.0,-39918000.0,,9693000.0,,,9057000.0,737374000.0,,,,,0.0,42117000.0,,-1054000.0,3908000.0,,,-692734000.0,56880000.0,
2020-12-31,6642445000.0,4903873000.0,,,726423000.0,,1059606000.0,85661000.0,991807000.0,222593000.0,,5.97,5.89,129013781.0,131075655.0,564734000.0,,,1870948000.0,,158121000.0,,4799679000.0,,2302142000.0,8101016000.0,3695194000.0,,19827429000.0,1343011000.0,,49360000.0,3207083000.0,,,,631825000.0,12705125000.0,14072152000.0,-2130506000.0,7105982000.0,19827429000.0,,79833000.0,-3034000.0,-79685000.0,4264000.0,,22052000.0,,,30278000.0,1353988000.0,,,,,0.0,92907000.0,,-11183000.0,78694000.0,,,-1609264000.0,-120780000.0,
2021-03-31,10388771000.0,7618646000.0,,,1113254000.0,,1724836000.0,54101000.0,1589159000.0,348212000.0,,9.62,9.5,129085563.0,131377933.0,489600000.0,,,1898159000.0,,168235000.0,,5049053000.0,,2249122000.0,8031586000.0,3595182000.0,,19841546000.0,1551460000.0,,52834000.0,3036647000.0,,,,631702000.0,12433617000.0,14429912000.0,-2156290000.0,7392202000.0,19841546000.0,,101907000.0,-12127000.0,238882000.0,51150000.0,,22191000.0,,,40239000.0,1881405000.0,,,,,0.0,136064000.0,,-14120000.0,51413000.0,,,-2215670000.0,-195914000.0,
2021-06-30,14347640000.0,10449680000.0,,259039000.0,1527302000.0,,2459941000.0,37052000.0,2246957000.0,500096000.0,1746100000.0,13.54,13.35,128999879.0,130834478.0,733117000.0,,,2090642000.0,,181874000.0,,5616750000.0,,2266476000.0,8059687000.0,3519797000.0,,20341200000.0,1667878000.0,,51211000.0,3096503000.0,,,,639355000.0,11927530000.0,14915497000.0,-1566727000.0,8398307000.0,20341200000.0,,121483000.0,-51500000.0,298511000.0,85597000.0,,8779000.0,,,46187000.0,2575001000.0,,,,,0.0,209957000.0,,-24744000.0,-13000.0,,,-2623339000.0,47603000.0,
2021-09-30,3762809000.0,2713897000.0,,,407765000.0,,694057000.0,-62962000.0,571745000.0,120282000.0,,3.5,3.45,128726721.0,130827971.0,478582000.0,,,2264725000.0,,187157000.0,,5631274000.0,,2223534000.0,8009340000.0,3426540000.0,,20236871000.0,1636272000.0,,45439000.0,3283243000.0,,,,618081000.0,11731026000.0,15233799000.0,-1605490000.0,8490781000.0,20236871000.0,,57666000.0,-40027000.0,-74070000.0,190779000.0,,27553000.0,,,-2997000.0,424359000.0,,,,,,48203000.0,,-649000.0,-41947000.0,,,-420950000.0,-39535000.0,
2021-12-31,7587389000.0,5478622000.0,,,788475000.0,,1395238000.0,-212459000.0,1062069000.0,222877000.0,,6.52,6.42,128610223.0,130585212.0,449481000.0,,,2307306000.0,,169980000.0,,7907649000.0,,2202932000.0,7999901000.0,3343612000.0,,22395475000.0,1597025000.0,,46313000.0,5257491000.0,,,,600452000.0,13627195000.0,15488764000.0,-1545093000.0,8755082000.0,22395475000.0,,79385000.0,-60928000.0,-149155000.0,243309000.0,,22934000.0,,,-393000.0,1005469000.0,,,,,,105606000.0,,-2789000.0,-74367000.0,,,1265668000.0,2203748000.0,
2022-03-31,11673776000.0,8406613000.0,,,1200906000.0,,2169322000.0,-489282000.0,1496058000.0,308778000.0,,9.23,9.1,128549040.0,130438593.0,467711000.0,,,2330242000.0,,199041000.0,,8229694000.0,,2174237000.0,7954835000.0,3254062000.0,,22545320000.0,1732421000.0,,52479000.0,5406664000.0,,,,583228000.0,13572461000.0,15704238000.0,-1531260000.0,8959866000.0,22545320000.0,,109781000.0,-174270000.0,163900000.0,274717000.0,,17317000.0,,,-13565000.0,1548438000.0,,,,,,158864000.0,,-2766000.0,-125762000.0,,,799258000.0,2222040000.0,
2022-06-30,15861608000.0,11387267000.0,,191000000.0,1627116000.0,,2975035000.0,-1105557000.0,1614226000.0,298040000.0,1315605000.0,10.24,10.09,128539387.0,130355943.0,535799000.0,,,2214553000.0,,190199000.0,,12046644000.0,,2122758000.0,7740082000.0,3135817000.0,,25943943000.0,1731925000.0,,60472000.0,5859318000.0,,,,521897000.0,17084023000.0,15661808000.0,-1543198000.0,8848011000.0,25943943000.0,,137093000.0,-351201000.0,179126000.0,212134000.0,,11167000.0,,,-41836000.0,2441730000.0,,,,,0.0,230044000.0,,235426000.0,-418837000.0,,,3915636000.0,5914759000.0,
2022-09-30,4232775000.0,2795456000.0,,,835804000.0,,787417000.0,-166278000.0,503345000.0,115308000.0,,3.02,2.98,128425002.0,129942408.0,502307000.0,,,3130182000.0,,269604000.0,,7167827000.0,,2753607000.0,10384130000.0,8388011000.0,,29954907000.0,2018209000.0,,129930000.0,5498708000.0,,,,895789000.0,21181503000.0,15878565000.0,-1843780000.0,8762521000.0,29954907000.0,,65018000.0,193620000.0,1228000.0,137143000.0,,95135000.0,,,1671000.0,457358000.0,,,,,7146110000.0,83555000.0,,-246438000.0,-7927418000.0,,,1339569000.0,-6145569000.0,
2022-12-31,8907586000.0,6032268000.0,,,1650770000.0,,1452750000.0,-167937000.0,1020088000.0,236590000.0,,6.1,6.03,128369162.0,130045013.0,756055000.0,,,3095722000.0,,241597000.0,,7285000000.0,,2839524000.0,10668904000.0,8387917000.0,,30520887000.0,1966757000.0,,228462000.0,5703403000.0,,,,898703000.0,21186411000.0,16102883000.0,-1479669000.0,9322380000.0,30520887000.0,,89709000.0,131479000.0,-159576000.0,56464000.0,,166192000.0,,,-7870000.0,1076134000.0,,,,,7146110000.0,185704000.0,,-251174000.0,-8021730000.0,,,1064996000.0,-5891821000.0,
2023-03-31,13969251000.0,9373032000.0,,,2519163000.0,,2359722000.0,-166535000.0,1776469000.0,402011000.0,,10.71,10.58,128343788.0,130151487.0,534831000.0,,,3067614000.0,,237318000.0,,7233414000.0,,2843795000.0,10830548000.0,8287517000.0,,30515727000.0,2080147000.0,,235206000.0,5788169000.0,,,,960417000.0,20722562000.0,16522900000.0,-1388628000.0,9781297000.0,30515727000.0,,117536000.0,89805000.0,110317000.0,27491000.0,,194069000.0,,,-24393000.0,1794894000.0,,,,,7146110000.0,272603000.0,,-251875000.0,-8084915000.0,,,184757000.0,-6113045000.0,
2023-06-30,19065194000.0,12635892000.0,,258000000.0,3354103000.0,,3404177000.0,-150619000.0,2679664000.0,596128000.0,2082936000.0,16.23,16.04,128367842.0,129822085.0,475182000.0,,,2907879000.0,,206879000.0,,6834229000.0,,,10628594000.0,8450614000.0,,29964472000.0,2050934000.0,,244799000.0,7735370000.0,,,,893355000.0,19626193000.0,17041502000.0,-1292872000.0,10326888000.0,29964472000.0,,142720000.0,91865000.0,16675000.0,-53124000.0,,109032000.0,,,-72499000.0,2979930000.0,,,,,7146110000.0,380747000.0,,-250017000.0,-8176812000.0,,,-971036000.0,-6172694000.0,
2023-09-30,4847488000.0,3097349000.0,,,873691000.0,,977358000.0,-22455000.0,820435000.0,169363000.0,,5.07,4.99,128472550.0,130363441.0,448926000.0,,,3028748000.0,,196838000.0,,6829595000.0,,2840508000.0,10523129000.0,8191958000.0,,29592717000.0,2036752000.0,,222759000.0,7667056000.0,,,,671537000.0,19017767000.0,17501909000.0,-1514947000.0,10565382000.0,29592717000.0,,77894000.0,-56027000.0,-63947000.0,137995000.0,,38589000.0,,,-78954000.0,649959000.0,,,,,0.0,97746000.0,,-4801000.0,-55994000.0,,,-617862000.0,-26256000.0,
2023-12-31,9668435000.0,6199311000.0,,,1680493000.0,,1942902000.0,31650000.0,1688600000.0,355471000.0,,10.38,10.23,128449398.0,130367351.0,382815000.0,,,3092923000.0,,211389000.0,,6729860000.0,,2905744000.0,10671897000.0,8153468000.0,,29694935000.0,1971943000.0,,226388000.0,7497073000.0,,,,714838000.0,18382556000.0,17993453000.0,-1241216000.0,11302578000.0,29694935000.0,,108061000.0,-81592000.0,-213436000.0,170032000.0,,65395000.0,,,-41072000.0,1351987000.0,,,,,0.0,204117000.0,,438000.0,-131116000.0,,,-1305239000.0,-92367000.0,
2024-03-31,14742791000.0,9478961000.0,,,2496830000.0,,2975670000.0,20202000.0,2608643000.0,548780000.0,,16.03,15.82,128502829.0,130593026.0,405484000.0,,,2966336000.0,,222880000.0,,6942555000.0,,2870919000.0,10579307000.0,7961957000.0,,29578330000.0,1964211000.0,,211777000.0,7994370000.0,,,,709548000.0,17977909000.0,18529559000.0,-1408374000.0,11590852000.0,29578330000.0,,128682000.0,-37682000.0,96390000.0,69426000.0,,67354000.0,,,-137344000.0,2147077000.0,,,,,0.0,283328000.0,,-5988000.0,-194301000.0,,,-2005528000.0,-69698000.0,
2024-06-30,19929606000.0,12801816000.0,,253000000.0,3315177000.0,,4068818000.0,32280000.0,3594603000.0,749667000.0,2844215000.0,22.13,21.84,128507352.0,130239737.0,422027000.0,,,2786800000.0,,238315000.0,,6798624000.0,,,10507433000.0,7816181000.0,,29297842000.0,1991639000.0,,183868000.0,7313309000.0,,,,725193000.0,17216949000.0,19104599000.0,-1438012000.0,12071972000.0,29297842000.0,,155175000.0,32476000.0,85091000.0,-101385000.0,,117009000.0,,,-146522000.0,3384329000.0,,,,,0.0,400112000.0,,-7687000.0,-298588000.0,,,-3114899000.0,-53155000.0,851899000.0
2024-09-30,4903984000.0,3097719000.0,,,848789000.0,,1057738000.0,-69461000.0,875186000.0,176658000.0,,5.43,5.34,128663088.0,130680242.0,371068000.0,,2712656000.0,2872250000.0,,227672000.0,511198000.0,7033701000.0,,2839542000.0,10625287000.0,7747233000.0,,29600835000.0,1953477000.0,,179333000.0,7338030000.0,,,,715948000.0,16699486000.0,19593082000.0,-1090435000.0,12891900000.0,29600835000.0,,75842000.0,-27255000.0,-137555000.0,135649000.0,,,,,-29628000.0,743975000.0,,,,,,95302000.0,,5461000.0,-86608000.0,,,-710955000.0,-50959000.0,
