Date,Net sales,Cost of sales,Gross margin,Research and development,"Selling, general and administrative",Total operating expenses,Operating income,"Other income/(expense), net",Income before provision for income taxes,Provision for income taxes,Net income,Earnings per share basic,Earnings per share diluted,Weighted-average basic,Weighted-average diluted,Cash and cash equivalents,Short-term marketable securities,"Accounts receivable, net",Inventories,Deferred tax assets,Vendor non-trade receivables,Other current assets,Total current assets,Long-term marketable securities,"Property, Plant and Equipment, Net",Goodwill,"Acquired intangible assets, net","Other Assets, Noncurrent",Total assets,accounts payable,Accrued expenses,Deferred revenue,Total current liabilities,Deferred revenue - non-current,deferred tax liabilities,long term taxes payable,Total other non-current liabilities,Total liabilities,Retained Earnings (Accumulated Deficit),Accumulated other comprehensive (loss)/income,Total shareholders equity,Total liabilities and shareholders' equity,"Depreciation, amortization and accretion",Stock-based compensation expense,Deferred income tax expense,"Increase (Decrease) in Accounts receivable, net",Increase (Decrease) in Inventories,Increase (Decrease) in Other Receivables,Increase (Decrease) in Other Operating Assets,Increase (Decrease) in Accounts Payable,Increase (Decrease) in Deferred Revenue,Increase (Decrease) Other liabilities,Cash generated by operating activities,Purchases of marketable securities,Proceeds from maturities of marketable securities,Proceeds from sales of marketable securities,Purchases of other long-term investments,"Business acquisitions, net of cash acquired",Cash payments for capital asset purchases,Payments for acquisition of intangible assets,Payments for (Proceeds from) Other Investing Activities,Cash used in investing activities,Proceeds from issuance of common stock,Excess tax benefits from stock-based compensation,Cash generated/used in financing activities,Increase/(decrease) in cash and cash equivalents,"Cash paid for income taxes, net"
2010-06-30,1166191000.0,,218464000.0,,88930000.0,,101362000.0,,,27322000.0,57224000.0,0.56,0.56,102035000.0,102886000.0,181511000.0,,308665000.0,207867000.0,13944000.0,,,860796000.0,,1256927000.0,38854000.0,,35560000.0,2203519000.0,165835000.0,93488000.0,,397027000.0,,190756000.0,,39332000.0,,572672000.0,-44188000.0,921153000.0,2203519000.0,77728000.0,3788000.0,-3639000.0,65760000.0,-5529000.0,,,39022000.0,,,108584000.0,,,,,,155349000.0,,,-156967000.0,,735000.0,-30833000.0,-79216000.0,
2010-09-30,1808955000.0,,384916000.0,,136149000.0,,89020000.0,,,-113565000.0,150544000.0,1.48,1.46,101912000.0,102822000.0,172820000.0,,335000000.0,226731000.0,57417000.0,,,813017000.0,,1291555000.0,38854000.0,,35427000.0,2190032000.0,169944000.0,111079000.0,,426063000.0,,86953000.0,,56795000.0,,650565000.0,-54307000.0,966312000.0,2190032000.0,116770000.0,5403000.0,-8902000.0,92095000.0,13335000.0,,,39713000.0,,,211041000.0,,,,,,230926000.0,,,-231692000.0,,868000.0,-67256000.0,-87907000.0,
2010-12-31,2435606000.0,,532200000.0,,182489000.0,,185382000.0,,,-52331000.0,205435000.0,2.02,2.0,101678000.0,102608000.0,196556000.0,,293159000.0,241142000.0,50232000.0,,,798041000.0,,1337986000.0,38854000.0,,38418000.0,2224274000.0,154130000.0,111208000.0,,405558000.0,,9190000.0,,29629000.0,,690111000.0,-44381000.0,1009001000.0,2224274000.0,156298000.0,7006000.0,-120579000.0,50256000.0,28352000.0,,,25367000.0,,,349920000.0,,,,,,320200000.0,,,-321314000.0,,1052000.0,-92777000.0,-64171000.0,
2011-03-31,629500000.0,,133141000.0,,47952000.0,,65903000.0,,,21583000.0,37417000.0,0.37,0.37,100741000.0,101909000.0,173014000.0,,308816000.0,233916000.0,35604000.0,,,772104000.0,,1360140000.0,38854000.0,,39078000.0,2220947000.0,167822000.0,77952000.0,,387311000.0,,9179000.0,,30163000.0,,707059000.0,-38029000.0,1020496000.0,2220947000.0,39296000.0,1750000.0,5680000.0,15657000.0,-7226000.0,,,15551000.0,,,63950000.0,,,,,,64731000.0,,,-66487000.0,,489000.0,-21005000.0,-23542000.0,
2011-06-30,1294981000.0,,270042000.0,,96144000.0,,133762000.0,,,43753000.0,76785000.0,0.76,0.76,100416000.0,101518000.0,119181000.0,,331249000.0,226521000.0,31745000.0,,,742288000.0,,1401516000.0,53603000.0,,44842000.0,2259181000.0,189778000.0,93468000.0,,425735000.0,,8988000.0,,28462000.0,,726208000.0,-37320000.0,1021205000.0,2259181000.0,79934000.0,4704000.0,-1603000.0,34361000.0,-15535000.0,,,36401000.0,,,165183000.0,,,,,26942000.0,145150000.0,,,-178203000.0,,917000.0,-64355000.0,-77375000.0,
2011-09-30,1965805000.0,,407789000.0,,145058000.0,,204942000.0,,,66429000.0,118562000.0,1.19,1.17,99945000.0,101030000.0,40117000.0,,338516000.0,244375000.0,24616000.0,,,669911000.0,,1434362000.0,51106000.0,,50515000.0,2232743000.0,176677000.0,110790000.0,,421980000.0,,,,69545000.0,,678011000.0,-62120000.0,973551000.0,2232743000.0,121033000.0,7191000.0,-7752000.0,39374000.0,1346000.0,,,22474000.0,,,236817000.0,,,,,35643000.0,214958000.0,,,-261147000.0,,1087000.0,-132109000.0,-156439000.0,
2011-12-31,2620111000.0,,541946000.0,12500000.0,193939000.0,,272749000.0,,243504000.0,85477000.0,158027000.0,1.59,1.57,99281000.0,100376000.0,156313000.0,,319988000.0,254675000.0,50865000.0,,,812063000.0,,1476654000.0,58214000.0,,40526000.0,2412499000.0,154855000.0,163259000.0,,376500000.0,,11924000.0,,29866000.0,,673960000.0,-97778000.0,928910000.0,2412499000.0,163973000.0,9736000.0,27347000.0,16946000.0,8333000.0,,,-694000.0,,,345514000.0,,,,,57340000.0,280213000.0,,,-350165000.0,,1232000.0,-35592000.0,-40243000.0,
2012-03-31,671357000.0,,145019000.0,,51942000.0,,169110000.0,,159427000.0,141583000.0,17844000.0,0.18,0.18,96598000.0,97729000.0,84017000.0,,348272000.0,263283000.0,49447000.0,,,865196000.0,,1477130000.0,71682000.0,,41861000.0,2492359000.0,153028000.0,122778000.0,,320746000.0,,150830000.0,,27942000.0,,648693000.0,-88865000.0,921944000.0,2492359000.0,42638000.0,2594000.0,4505000.0,21125000.0,6728000.0,,,-4930000.0,,,34945000.0,,,,,35531000.0,34813000.0,,,-71739000.0,,1127000.0,-35502000.0,-72296000.0,
2012-06-30,1383825000.0,,303127000.0,,104810000.0,,252968000.0,,230029000.0,167031000.0,62998000.0,0.65,0.65,96432000.0,97596000.0,515121000.0,,353527000.0,258620000.0,38720000.0,,,1285686000.0,,1393730000.0,71555000.0,,44926000.0,2831491000.0,134113000.0,102983000.0,,689948000.0,,125056000.0,,28393000.0,,661600000.0,-103035000.0,922720000.0,2831491000.0,85082000.0,5731000.0,16906000.0,26380000.0,2065000.0,,,-23845000.0,,,150045000.0,,,,,35393000.0,69322000.0,,,-48897000.0,,1354000.0,257660000.0,358808000.0,
2012-09-30,2107298000.0,,465679000.0,,156339000.0,,345040000.0,,291511000.0,188722000.0,102789000.0,1.07,1.05,96408000.0,97520000.0,140906000.0,,379675000.0,260772000.0,33881000.0,,,924833000.0,,1376457000.0,71555000.0,,47547000.0,2455150000.0,147308000.0,114750000.0,,307257000.0,,135361000.0,,28815000.0,,670178000.0,-101968000.0,940096000.0,2455150000.0,127994000.0,8477000.0,31445000.0,52528000.0,4217000.0,,,-10650000.0,,,251811000.0,,,,,35393000.0,94396000.0,,,-73546000.0,,2986000.0,-193672000.0,-15407000.0,
2012-12-31,2843877000.0,,639629000.0,11300000.0,210773000.0,,443459000.0,,380559000.0,216739000.0,163820000.0,1.7,1.68,96384000.0,97497000.0,207393000.0,,352142000.0,268767000.0,-102781000.0,,,937033000.0,,1366069000.0,67160000.0,,45223000.0,2453768000.0,117510000.0,122696000.0,,259846000.0,,125109000.0,,29229000.0,,703728000.0,-114042000.0,969461000.0,2453768000.0,171280000.0,11687000.0,183202000.0,24995000.0,12212000.0,,,-40448000.0,,,404205000.0,,,,,35393000.0,128524000.0,,,-107510000.0,,4016000.0,-245615000.0,51080000.0,
2013-03-31,755207000.0,,182431000.0,,55686000.0,,103246000.0,,93995000.0,33382000.0,60613000.0,0.63,0.62,96415000.0,97416000.0,268037000.0,,391683000.0,270181000.0,21324000.0,,,1011636000.0,,1353202000.0,67160000.0,,46504000.0,2515938000.0,142856000.0,91718000.0,,286380000.0,,123782000.0,,31200000.0,,729727000.0,-111284000.0,1001819000.0,2515938000.0,42678000.0,3637000.0,-877000.0,39541000.0,1414000.0,,,23537000.0,,,95767000.0,,,,,,27276000.0,,,-28960000.0,,763000.0,-6163000.0,60644000.0,
2013-06-30,1555437000.0,,374554000.0,,110540000.0,,210516000.0,,192033000.0,66955000.0,125078000.0,1.3,1.28,96432000.0,97494000.0,370057000.0,,403367000.0,263008000.0,23490000.0,,,1102333000.0,,1363681000.0,67160000.0,,45058000.0,2614821000.0,164910000.0,120335000.0,,344150000.0,,127866000.0,,29951000.0,,753439000.0,-95314000.0,1051286000.0,2614821000.0,85742000.0,6774000.0,-8999000.0,51225000.0,-5759000.0,,,47400000.0,,,283037000.0,,,,,,80891000.0,,,-82853000.0,,5444000.0,-37520000.0,162664000.0,
2013-09-30,2400877000.0,,600368000.0,,167009000.0,,352476000.0,,322143000.0,112885000.0,209258000.0,2.17,2.15,96758000.0,97597000.0,396595000.0,,409725000.0,266892000.0,21814000.0,,,1135928000.0,,1369053000.0,67160000.0,,49226000.0,2657109000.0,163928000.0,129569000.0,,353902000.0,,144332000.0,,33661000.0,,787684000.0,-86094000.0,1099128000.0,2657109000.0,129838000.0,9956000.0,3604000.0,57583000.0,-1875000.0,,,46418000.0,,,420168000.0,,,,,,130410000.0,,,-132519000.0,,7539000.0,-98447000.0,189202000.0,
2013-12-31,3665308000.0,,859187000.0,11500000.0,326602000.0,,473607000.0,,415332000.0,-20951000.0,436283000.0,4.52,4.47,96579000.0,97547000.0,190960000.0,,643083000.0,522523000.0,-359256000.0,,,1487204000.0,,2805704000.0,526789000.0,,69738000.0,5199974000.0,357432000.0,214058000.0,,660539000.0,,434835000.0,,65318000.0,,975296000.0,-65024000.0,1313015000.0,5199974000.0,201800000.0,14761000.0,-163550000.0,31191000.0,-33304000.0,,,54222000.0,,,608201000.0,,,,,1174506000.0,234422000.0,,,-1411408000.0,,7802000.0,786774000.0,-16433000.0,
2014-03-31,1431325000.0,,301404000.0,,116514000.0,,160908000.0,,140117000.0,50031000.0,90086000.0,0.92,0.92,96787000.0,96823000.0,185706000.0,,696344000.0,607306000.0,31985000.0,,,1561343000.0,,2800742000.0,526760000.0,,70212000.0,5263948000.0,390630000.0,180869000.0,,643433000.0,,423973000.0,,80810000.0,,1067661000.0,-63203000.0,1417583000.0,5263948000.0,86040000.0,3588000.0,15645000.0,43429000.0,13035000.0,,,4255000.0,,,149299000.0,,,,,,50933000.0,,-77000.0,-53602000.0,,3659000.0,-100951000.0,-5254000.0,1700000.0
2014-06-30,2899713000.0,,612212000.0,,239362000.0,,341156000.0,,298956000.0,109313000.0,189643000.0,1.93,1.93,96906000.0,96914000.0,161991000.0,,704218000.0,611342000.0,34091000.0,,,1574249000.0,,2817249000.0,537363000.0,,69374000.0,5304237000.0,394743000.0,207314000.0,,657913000.0,,430947000.0,,83084000.0,,1119367000.0,-61330000.0,1482619000.0,5304237000.0,189120000.0,7601000.0,19583000.0,47640000.0,13277000.0,,,-6258000.0,,,334143000.0,,,,,20290000.0,148183000.0,,-3111000.0,-171311000.0,,11569000.0,-191801000.0,-28969000.0,58100000.0
2014-09-30,4418653000.0,,932545000.0,,359007000.0,,529534000.0,,464223000.0,170135000.0,294088000.0,2.99,2.99,97165000.0,97222000.0,154323000.0,,717947000.0,616962000.0,32280000.0,,,1597707000.0,,2818133000.0,541911000.0,,73902000.0,5330749000.0,387854000.0,228758000.0,,690035000.0,,426086000.0,,84764000.0,,1184155000.0,-60944000.0,1552039000.0,5330749000.0,296486000.0,11648000.0,17427000.0,74970000.0,22520000.0,,,-12957000.0,,,556720000.0,,,,,20290000.0,254865000.0,,-3188000.0,-283584000.0,,11796000.0,-309773000.0,-36637000.0,110800000.0
2014-12-31,5852600000.0,,1229500000.0,12300000.0,469500000.0,,702700000.0,,614300000.0,221700000.0,392600000.0,3.99,3.99,97000000.0,97100000.0,124900000.0,,646100000.0,664900000.0,-334200000.0,,,1578600000.0,,2857600000.0,546800000.0,,72000000.0,5348500000.0,330500000.0,220000000.0,,611000000.0,,409900000.0,,72800000.0,,1242200000.0,-153900000.0,1521400000.0,5348500000.0,381000000.0,15600000.0,2600000.0,8500000.0,72400000.0,,,-36000000.0,,,736100000.0,,,,,20500000.0,420200000.0,,-2100000.0,-451100000.0,,12200000.0,-351100000.0,-66100000.0,
2015-03-31,1425700000.0,,277000000.0,,117300000.0,,157100000.0,,137900000.0,47100000.0,90800000.0,0.92,0.92,97100000.0,97200000.0,126400000.0,,676700000.0,687600000.0,58400000.0,,,1614800000.0,,2864100000.0,546600000.0,,72100000.0,5385400000.0,352700000.0,164000000.0,,621300000.0,,399900000.0,,70200000.0,,1271600000.0,-152300000.0,1556300000.0,5385400000.0,,4200000.0,7400000.0,31400000.0,22200000.0,,,-13600000.0,,,108300000.0,,,,,,55600000.0,,-600000.0,-57600000.0,,300000.0,-49200000.0,1500000.0,9800000.0
2015-06-30,2880000000.0,,600700000.0,,239200000.0,,354700000.0,,313300000.0,108500000.0,204800000.0,2.09,2.08,97000000.0,97100000.0,163700000.0,,708000000.0,667500000.0,59700000.0,,,1657400000.0,,2852700000.0,544000000.0,,73700000.0,5409900000.0,339300000.0,189400000.0,,606200000.0,,402700000.0,,70000000.0,,1293100000.0,-145000000.0,1591000000.0,5409900000.0,,9100000.0,7000000.0,61900000.0,2600000.0,,,-10400000.0,,,304500000.0,,,,,0.0,141900000.0,,-1100000.0,-123900000.0,,5400000.0,-141800000.0,38800000.0,87800000.0
2015-09-30,4350800000.0,,922900000.0,,345900000.0,,574100000.0,,510900000.0,178300000.0,332600000.0,3.39,3.39,96800000.0,96900000.0,186900000.0,,683500000.0,695900000.0,63200000.0,,,1679300000.0,,2842500000.0,544000000.0,,80000000.0,5422200000.0,337000000.0,209000000.0,,628400000.0,,402700000.0,,58000000.0,,1317900000.0,-142000000.0,1615000000.0,5422200000.0,,13700000.0,1200000.0,37500000.0,31000000.0,,,-14100000.0,,,542000000.0,,,,,0.0,217900000.0,,-1300000.0,-202800000.0,,5600000.0,-277200000.0,62000000.0,163700000.0
2015-12-31,5741700000.0,,1208000000.0,13100000.0,451300000.0,,750000000.0,,664500000.0,227700000.0,436800000.0,4.47,4.47,96600000.0,96700000.0,184200000.0,,636500000.0,676800000.0,300600000.0,,,1554500000.0,,2832100000.0,544000000.0,,83200000.0,5284600000.0,294200000.0,193500000.0,,561900000.0,,347000000.0,,59500000.0,,1317300000.0,-124900000.0,1633300000.0,5284600000.0,356500000.0,18200000.0,1700000.0,-9500000.0,11900000.0,,,-37300000.0,,,762600000.0,,,,,0.0,314500000.0,,-5700000.0,-298100000.0,,6000000.0,-405200000.0,59300000.0,
2016-03-31,1401000000.0,,298600000.0,,113900000.0,,180800000.0,,159200000.0,55500000.0,103700000.0,1.09,1.09,94100000.0,94200000.0,162300000.0,,631400000.0,692500000.0,,,,1528900000.0,,2817900000.0,544000000.0,,71400000.0,5227300000.0,309000000.0,144400000.0,,545300000.0,,357200000.0,,60400000.0,,1286500000.0,-122400000.0,1590800000.0,5227300000.0,,5600000.0,8100000.0,-5100000.0,15700000.0,,,300000.0,,,191000000.0,,,,,,52900000.0,,-300000.0,-55500000.0,,0.0,-157400000.0,-21900000.0,5200000.0
2016-06-30,2818400000.0,,619100000.0,,229100000.0,,381000000.0,,336900000.0,117300000.0,219600000.0,2.32,2.32,93600000.0,93700000.0,213600000.0,,663400000.0,671300000.0,,,,1609900000.0,,2809900000.0,544000000.0,,72800000.0,5296100000.0,308400000.0,170200000.0,,551500000.0,,353900000.0,,61900000.0,,1337200000.0,-116900000.0,1662300000.0,5296100000.0,,10300000.0,1300000.0,26900000.0,-5500000.0,,,-4000000.0,,,371100000.0,,,,,,121800000.0,,-300000.0,-127700000.0,,5100000.0,-214000000.0,29400000.0,83300000.0
2017-06-30,3120500000.0,,703200000.0,,258700000.0,,436900000.0,,387700000.0,127100000.0,260600000.0,2.76,2.76,93400000.0,93600000.0,321000000.0,,755200000.0,734400000.0,,,,1863400000.0,,2872500000.0,731100000.0,,80000000.0,5903200000.0,349200000.0,177500000.0,,760200000.0,,342700000.0,,60400000.0,,1578800000.0,-134000000.0,1906600000.0,5903200000.0,,10200000.0,3900000.0,66100000.0,10800000.0,,,18800000.0,,,385600000.0,,,,,,139400000.0,,-1100000.0,-140900000.0,,,-163000000.0,81700000.0,105700000.0
2017-09-30,4760600000.0,,1100500000.0,,388900000.0,,679200000.0,,604600000.0,204900000.0,399700000.0,4.24,4.23,93600000.0,93800000.0,370500000.0,,831300000.0,736600000.0,,,,2001800000.0,,2881600000.0,732100000.0,,63900000.0,6027200000.0,379500000.0,207800000.0,,824300000.0,,342100000.0,,68200000.0,,1658200000.0,-131000000.0,1994200000.0,6027200000.0,,15400000.0,1600000.0,142200000.0,13000000.0,,,37700000.0,,,583300000.0,,,,,,226200000.0,,-1100000.0,-227600000.0,,,-224500000.0,131200000.0,208300000.0
2017-12-31,6444900000.0,,1472200000.0,12800000.0,522600000.0,,931200000.0,,828600000.0,160000000.0,668600000.0,7.09,7.07,93500000.0,93700000.0,216900000.0,,830700000.0,762500000.0,194100000.0,,,1915100000.0,,2924900000.0,883200000.0,,64300000.0,6197500000.0,402900000.0,203200000.0,,832700000.0,,239500000.0,,70800000.0,,1867400000.0,-156900000.0,2182600000.0,6197500000.0,391400000.0,20600000.0,-84500000.0,115100000.0,21000000.0,,,41000000.0,,,856100000.0,,,,,273800000.0,343000000.0,,1100000.0,-609100000.0,,,-269400000.0,-22400000.0,
2018-03-31,1690600000.0,,356100000.0,,134900000.0,,212900000.0,,186600000.0,46500000.0,140100000.0,1.48,1.48,93600000.0,93800000.0,102400000.0,,860200000.0,766400000.0,,,,1832600000.0,,2961400000.0,883200000.0,,63000000.0,6139800000.0,427300000.0,157000000.0,,673600000.0,,256700000.0,,62900000.0,,1949600000.0,-153000000.0,2273800000.0,6139800000.0,,5100000.0,15900000.0,22900000.0,8400000.0,,,-1000000.0,,,202500000.0,,,,,,108000000.0,,-2600000.0,-107200000.0,,,-209800000.0,-114500000.0,10300000.0
2018-06-30,3458100000.0,,776700000.0,,272600000.0,,482500000.0,,431800000.0,105100000.0,326700000.0,3.46,3.46,93600000.0,93800000.0,199600000.0,,920000000.0,763700000.0,,,,1956600000.0,,3026500000.0,888700000.0,,59700000.0,6315600000.0,431700000.0,195700000.0,,715800000.0,,272800000.0,,63700000.0,,2054000000.0,-149000000.0,2388000000.0,6315600000.0,,10700000.0,30100000.0,82700000.0,5700000.0,,,11000000.0,,,533500000.0,,,,,,273900000.0,,-2600000.0,-273500000.0,,,-277300000.0,-17300000.0,22200000.0
2018-09-30,5268100000.0,4048200000.0,1219900000.0,,406700000.0,,781000000.0,,706000000.0,172600000.0,533400000.0,5.65,5.64,93700000.0,94000000.0,293800000.0,,986200000.0,780600000.0,,,,2114700000.0,,3065100000.0,888700000.0,,57600000.0,6500000000.0,438900000.0,223400000.0,,766500000.0,,279300000.0,,63000000.0,,2185500000.0,-145100000.0,2530200000.0,6500000000.0,,17400000.0,34900000.0,148900000.0,22600000.0,,,19600000.0,,,834500000.0,,,,,,404300000.0,,-2600000.0,-405300000.0,,,-352300000.0,76900000.0,73200000.0
2018-12-31,7014600000.0,5369300000.0,1645300000.0,14400000.0,536400000.0,,1067700000.0,,970500000.0,232500000.0,738000000.0,7.82,7.8,93700000.0,93900000.0,361500000.0,,901900000.0,795600000.0,204300000.0,,,2115100000.0,,3108600000.0,917300000.0,,50500000.0,6569700000.0,382200000.0,222400000.0,,693600000.0,,285200000.0,,59700000.0,,2315800000.0,-138800000.0,2672400000.0,6569700000.0,410900000.0,23500000.0,38700000.0,56100000.0,35600000.0,,,-17600000.0,,,1180100000.0,,,,,56300000.0,551400000.0,,-2500000.0,-608200000.0,,,-427300000.0,144600000.0,
2019-03-31,1733700000.0,1312300000.0,421400000.0,,140000000.0,,275400000.0,,249300000.0,62500000.0,186800000.0,1.98,1.97,93700000.0,94000000.0,442400000.0,,930300000.0,831700000.0,,,,2262400000.0,,3109800000.0,917300000.0,,53100000.0,6928600000.0,405100000.0,160900000.0,,740700000.0,,305700000.0,,56900000.0,,2427800000.0,-135500000.0,2794600000.0,6928600000.0,,6900000.0,18800000.0,28400000.0,36100000.0,,,13200000.0,,,236000000.0,,,,,,78800000.0,,,-80100000.0,,,-75000000.0,80900000.0,13700000.0
2019-06-30,3493600000.0,2644300000.0,849300000.0,,283700000.0,,555800000.0,,505300000.0,124900000.0,380400000.0,4.03,4.02,93800000.0,94000000.0,569400000.0,,947000000.0,815700000.0,,,,2402700000.0,,3107200000.0,918700000.0,,49600000.0,7074400000.0,382800000.0,197900000.0,,729600000.0,,314800000.0,,58300000.0,,2539200000.0,-132200000.0,2921200000.0,7074400000.0,,18600000.0,26900000.0,44900000.0,20100000.0,,,-1800000.0,,,538400000.0,,,,,,170900000.0,,1300000.0,-172800000.0,,,-157700000.0,207900000.0,92100000.0
2019-09-30,5244300000.0,3983600000.0,1260700000.0,,420600000.0,,818600000.0,,744600000.0,184400000.0,560200000.0,5.93,5.91,93900000.0,94300000.0,738300000.0,,932300000.0,806300000.0,,,,2531300000.0,,3110400000.0,918700000.0,,49900000.0,7191100000.0,385500000.0,220100000.0,,770700000.0,,327600000.0,,57800000.0,,2643700000.0,-128800000.0,3034700000.0,7191100000.0,,24500000.0,38300000.0,30300000.0,10800000.0,,,-2300000.0,,,878200000.0,,,,,,263800000.0,,1400000.0,-268300000.0,,,-233100000.0,376800000.0,138200000.0
2019-12-31,6964300000.0,5320300000.0,1644000000.0,16000000.0,557600000.0,,1053700000.0,,917000000.0,220600000.0,696400000.0,7.36,7.34,93800000.0,94100000.0,679500000.0,87900000.0,845600000.0,794100000.0,247900000.0,,,2478400000.0,58100000.0,3151700000.0,918700000.0,,55800000.0,7235800000.0,351900000.0,217500000.0,,723800000.0,,340100000.0,,55000000.0,,2704800000.0,-159500000.0,3071000000.0,7235800000.0,387500000.0,30400000.0,60300000.0,-56400000.0,-1400000.0,,,-32400000.0,,,1207400000.0,,,,,,399500000.0,,1300000.0,-546600000.0,,,-342800000.0,318000000.0,
2020-03-31,1708700000.0,1343700000.0,365000000.0,,145900000.0,,209100000.0,,190100000.0,48400000.0,141700000.0,1.5,1.49,93900000.0,94300000.0,764000000.0,92300000.0,879500000.0,809900000.0,,,,2613600000.0,57100000.0,3138600000.0,918700000.0,,55100000.0,7347600000.0,389000000.0,178800000.0,,744600000.0,,354300000.0,,56300000.0,,2771100000.0,-157000000.0,3149900000.0,7347600000.0,,10100000.0,13500000.0,34000000.0,15700000.0,,,28500000.0,,,236700000.0,,,,,,70500000.0,,,-77000000.0,,,-75200000.0,84500000.0,4700000.0
2020-06-30,3250300000.0,2559600000.0,690700000.0,,282200000.0,,325200000.0,,281700000.0,83400000.0,198300000.0,2.09,2.08,94000000.0,94400000.0,853300000.0,86900000.0,817300000.0,834500000.0,,,,2659000000.0,36300000.0,3114700000.0,863500000.0,,53900000.0,7272000000.0,315200000.0,211300000.0,,683600000.0,,,,60000000.0,,2742900000.0,-153400000.0,3133100000.0,7272000000.0,,17800000.0,19200000.0,-28300000.0,40400000.0,,,-37800000.0,,,463500000.0,,,,,,151200000.0,,,-128800000.0,,,-160900000.0,173800000.0,43700000.0
2020-09-30,4944000000.0,3907900000.0,1036100000.0,,409300000.0,,534700000.0,,467300000.0,129900000.0,337400000.0,3.56,3.54,94200000.0,94500000.0,949100000.0,101200000.0,864600000.0,777600000.0,,,,2743700000.0,45200000.0,3130900000.0,863500000.0,,52200000.0,7372600000.0,352100000.0,231600000.0,,775400000.0,,,,61700000.0,,2806700000.0,-150900000.0,3205400000.0,7372600000.0,,23800000.0,21100000.0,19000000.0,-16500000.0,,,-6200000.0,,,761700000.0,,,,,,253500000.0,,,-255900000.0,,,-236200000.0,269600000.0,65000000.0
2020-12-31,6658200000.0,5288800000.0,1369400000.0,15500000.0,539600000.0,,723900000.0,,632700000.0,171700000.0,461000000.0,4.86,4.84,94100000.0,94400000.0,974600000.0,105600000.0,832400000.0,787900000.0,218200000.0,,,2750300000.0,42700000.0,3193400000.0,863500000.0,,53200000.0,7433200000.0,387000000.0,216200000.0,,782600000.0,,,,59200000.0,,2835500000.0,-144500000.0,3246300000.0,7433200000.0,410000000.0,30000000.0,34700000.0,-13200000.0,-6300000.0,,,39700000.0,,,1032800000.0,,82800000.0,24200000.0,,,421200000.0,,,-426100000.0,,,-311600000.0,295100000.0,
2021-03-31,1807200000.0,1403500000.0,403700000.0,,145000000.0,,238300000.0,,219600000.0,53100000.0,166500000.0,1.75,1.75,94200000.0,94600000.0,983400000.0,102500000.0,908600000.0,799600000.0,,,,2856900000.0,47000000.0,3212500000.0,863500000.0,,51300000.0,7549000000.0,402500000.0,184000000.0,,805800000.0,,,,59600000.0,,2906300000.0,-142100000.0,3331200000.0,7549000000.0,,11600000.0,12000000.0,76200000.0,11700000.0,,,-12300000.0,,,191600000.0,,18200000.0,11400000.0,,,85100000.0,,,-87500000.0,,,-95300000.0,8800000.0,13300000.0
2021-06-30,3687000000.0,2834500000.0,852500000.0,,291300000.0,,532900000.0,,494300000.0,120500000.0,373800000.0,3.94,3.92,94200000.0,94600000.0,972200000.0,101700000.0,981400000.0,827200000.0,,,,2961100000.0,49900000.0,3240500000.0,863500000.0,,48600000.0,7673600000.0,405300000.0,231400000.0,,816800000.0,,,,56900000.0,,3008500000.0,-139700000.0,3444300000.0,7673600000.0,,20100000.0,14300000.0,149000000.0,39400000.0,,,-2700000.0,,,419800000.0,,48300000.0,12900000.0,,,216500000.0,,,-220200000.0,,,-202000000.0,-2400000.0,100400000.0
2021-09-30,5687100000.0,4324000000.0,1363100000.0,,435700000.0,,885700000.0,,828300000.0,203700000.0,624600000.0,6.58,6.55,94300000.0,94700000.0,1702900000.0,88300000.0,1066700000.0,880100000.0,,,,3804800000.0,57800000.0,3360800000.0,863500000.0,,45800000.0,8630800000.0,499100000.0,252500000.0,,1644400000.0,,,,57400000.0,,3162800000.0,-136800000.0,3608300000.0,8630800000.0,,26900000.0,41700000.0,234300000.0,92300000.0,,,22300000.0,,,703400000.0,,83000000.0,17700000.0,,,366200000.0,,,-365000000.0,,,389900000.0,728300000.0,168100000.0
2021-12-31,7730300000.0,5857300000.0,1873000000.0,14500000.0,576800000.0,,1241400000.0,,1108700000.0,267600000.0,841100000.0,8.87,8.83,94100000.0,94500000.0,618700000.0,86100000.0,1071000000.0,902500000.0,185100000.0,,,2732700000.0,60000000.0,3529000000.0,923500000.0,,44900000.0,7836800000.0,452400000.0,255000000.0,,884800000.0,,,,58000000.0,,3102100000.0,-75200000.0,3607200000.0,7836800000.0,417500000.0,35500000.0,59400000.0,227200000.0,105500000.0,,,12200000.0,,,1094100000.0,,100200000.0,26700000.0,,194900000.0,605100000.0,,0.0,-794400000.0,,,-655600000.0,-355900000.0,
2022-03-31,2136400000.0,1603200000.0,533200000.0,,161100000.0,,356500000.0,,340300000.0,86100000.0,254200000.0,2.71,2.7,92900000.0,93300000.0,628600000.0,81300000.0,1140700000.0,941200000.0,,,,2869400000.0,68500000.0,3670700000.0,923100000.0,,43500000.0,8137800000.0,546700000.0,188600000.0,,967900000.0,,,,58000000.0,,3261900000.0,-75200000.0,3779300000.0,8137800000.0,,12300000.0,22900000.0,69600000.0,38800000.0,,,63600000.0,,,325300000.0,,22800000.0,7800000.0,,,213200000.0,,,-221200000.0,,,-94200000.0,9900000.0,17600000.0
2022-06-30,4373700000.0,3251700000.0,1122000000.0,,317700000.0,,772400000.0,,741000000.0,185300000.0,555700000.0,5.93,5.91,92900000.0,93400000.0,667300000.0,82300000.0,1212000000.0,954200000.0,,,,2990400000.0,61200000.0,3762900000.0,922500000.0,,42500000.0,8340600000.0,528200000.0,236700000.0,,972900000.0,,,,59700000.0,,3437000000.0,-74400000.0,3964500000.0,8340600000.0,,21600000.0,28800000.0,140900000.0,51700000.0,,,25100000.0,,,644300000.0,,44000000.0,19900000.0,,,397500000.0,,-1900000.0,-398100000.0,,,-197600000.0,48600000.0,144200000.0
2022-09-30,6499600000.0,4859300000.0,1640300000.0,,462900000.0,,1132700000.0,,1088300000.0,270100000.0,818200000.0,8.74,8.7,92900000.0,93300000.0,648700000.0,77700000.0,1112800000.0,994900000.0,,,,2907500000.0,67100000.0,3813200000.0,922400000.0,,70000000.0,8344400000.0,485300000.0,259500000.0,,963400000.0,,,,61100000.0,,3443500000.0,-73800000.0,3971200000.0,8344400000.0,,28700000.0,47300000.0,41600000.0,92800000.0,,,8900000.0,,,1074900000.0,,66900000.0,28400000.0,,,577100000.0,,-1900000.0,-581900000.0,,,-463000000.0,30000000.0,221600000.0
2022-12-31,8478000000.0,6387400000.0,2090600000.0,,608600000.0,,1420700000.0,,1364800000.0,335000000.0,1029800000.0,11.08,11.03,92300000.0,92700000.0,320000000.0,85200000.0,1031800000.0,977300000.0,216900000.0,,,2508300000.0,64900000.0,3900000000.0,922400000.0,,42000000.0,8003800000.0,410400000.0,263700000.0,,875500000.0,,,,57400000.0,,3186800000.0,-102400000.0,3667100000.0,8003800000.0,456800000.0,35600000.0,86000000.0,-39300000.0,75200000.0,,,-18100000.0,,,1495000000.0,,87600000.0,31100000.0,,0.0,824200000.0,,-1900000.0,-833700000.0,,,-960000000.0,-298700000.0,
2023-03-31,1976300000.0,1544900000.0,431400000.0,,148200000.0,,270700000.0,,253300000.0,63200000.0,190100000.0,2.12,2.11,89000000.0,89400000.0,367700000.0,95600000.0,1031400000.0,1003400000.0,,,,2585400000.0,56900000.0,3896600000.0,922400000.0,,40800000.0,8049000000.0,410500000.0,184700000.0,,828900000.0,,,,58200000.0,,3259300000.0,-100300000.0,3757700000.0,8049000000.0,,15300000.0,2700000.0,-400000.0,26100000.0,,,-5000000.0,,,280400000.0,,27900000.0,0.0,,,112400000.0,,,-115400000.0,,,-117300000.0,47700000.0,6900000.0
2023-06-30,3928400000.0,3052300000.0,876100000.0,,293900000.0,,555000000.0,,521100000.0,128300000.0,392800000.0,4.37,4.35,89100000.0,89500000.0,477100000.0,101900000.0,1023900000.0,992200000.0,,,,2670600000.0,50600000.0,3886700000.0,922400000.0,,41300000.0,8106500000.0,365800000.0,219900000.0,,797700000.0,,,,61700000.0,,3339000000.0,-98700000.0,3848600000.0,8106500000.0,,24800000.0,-5400000.0,-7800000.0,14900000.0,,,-32200000.0,,,640300000.0,,52900000.0,1200000.0,,,238800000.0,,0.0,-242200000.0,,,-241000000.0,157100000.0,90100000.0
2023-09-30,5864500000.0,4575700000.0,1288800000.0,,438100000.0,,813600000.0,,765600000.0,189600000.0,576000000.0,6.41,6.38,89100000.0,89500000.0,573200000.0,104000000.0,1045200000.0,986100000.0,,,,2773300000.0,49300000.0,3863400000.0,922400000.0,,51000000.0,8177600000.0,405900000.0,245100000.0,,1278900000.0,,,,60300000.0,,3370500000.0,-96700000.0,3887200000.0,8177600000.0,,32500000.0,-7700000.0,13400000.0,8800000.0,,,-1100000.0,,,979800000.0,,72400000.0,2200000.0,,,328600000.0,,0.0,-331100000.0,,,-395500000.0,253200000.0,153200000.0
2023-12-31,7802400000.0,6103500000.0,1698900000.0,,580900000.0,,1075100000.0,,1014100000.0,248900000.0,765200000.0,8.52,8.48,89100000.0,89500000.0,648000000.0,493500000.0,1033200000.0,1013100000.0,200300000.0,,,3254400000.0,64100000.0,3863800000.0,922400000.0,,67200000.0,8681100000.0,402400000.0,253500000.0,,1265700000.0,,,,60700000.0,,3447200000.0,-70900000.0,3997300000.0,8681100000.0,517700000.0,40000000.0,5200000.0,1400000.0,35800000.0,,,11400000.0,,,1315100000.0,,97300000.0,5500000.0,,0.0,469700000.0,,0.0,-875100000.0,,,-112000000.0,328000000.0,
2024-03-31,1979500000.0,1609100000.0,370400000.0,,151900000.0,,196000000.0,,187500000.0,40600000.0,146900000.0,1.64,1.63,89000000.0,89400000.0,692400000.0,492300000.0,1045100000.0,1003600000.0,,,,3445100000.0,68500000.0,3864500000.0,922400000.0,,67000000.0,8857000000.0,449600000.0,304000000.0,,1400300000.0,,,,65400000.0,,3459600000.0,-70000000.0,4031000000.0,8857000000.0,,19400000.0,8400000.0,11900000.0,-9500000.0,,,1500000.0,,,260400000.0,,28300000.0,1500000.0,,,76700000.0,,,-81000000.0,,,-135000000.0,44400000.0,10300000.0
2024-06-30,4054800000.0,3246700000.0,808100000.0,,301300000.0,,472000000.0,,454300000.0,-108400000.0,345900000.0,3.86,3.84,89100000.0,89500000.0,613600000.0,490800000.0,1145200000.0,1029500000.0,,,,3483900000.0,68400000.0,3961500000.0,922400000.0,,68400000.0,8982100000.0,474500000.0,345600000.0,,1431500000.0,,,,79000000.0,,3544400000.0,-69000000.0,4126600000.0,8982100000.0,,29200000.0,-5900000.0,112000000.0,16400000.0,,,53100000.0,,,538700000.0,,60100000.0,1500000.0,,,321700000.0,,,-323800000.0,,,-249300000.0,-34400000.0,110300000.0
2024-09-30,6237200000.0,4923800000.0,1313400000.0,,463300000.0,,799100000.0,,772800000.0,188800000.0,584000000.0,6.51,6.48,89100000.0,89500000.0,676600000.0,95000000.0,1216100000.0,1061900000.0,,,,3241400000.0,69700000.0,3982300000.0,922400000.0,,76400000.0,8753800000.0,459900000.0,393300000.0,,1100500000.0,,,,80400000.0,,3669100000.0,-67000000.0,4263600000.0,8753800000.0,,39600000.0,-18000000.0,182800000.0,48800000.0,,,36100000.0,,,865800000.0,,83100000.0,3800000.0,,,468400000.0,,,-74500000.0,,,-762700000.0,28600000.0,187300000.0
,,,,,,,,,,,,,,,,,,,,,,,,,,,,,,,,,,,,,,,,,,,,,,,,,,,,,,,,,,,,,,,,,,,
,,,,,,,,,,,,,,,,,,,,,,,,,,,,,,,,,,,,,,,,,,,,,,,,,,,,,,,,,,,,,,,,,,,
