Date,Net sales,Cost of sales,Gross margin,Research and development,"Selling, general and administrative",Total operating expenses,Operating income,"Other income/(expense), net",Income before provision for income taxes,Provision for income taxes,Net income,Earnings per share basic,Earnings per share diluted,Weighted-average basic,Weighted-average diluted,Cash and cash equivalents,Short-term marketable securities,"Accounts receivable, net",Inventories,Deferred tax assets,Vendor non-trade receivables,Other current assets,Total current assets,Long-term marketable securities,"Property, Plant and Equipment, Net",Goodwill,"Acquired intangible assets, net","Other Assets, Noncurrent",Total assets,accounts payable,Accrued expenses,Deferred revenue,Total current liabilities,Deferred revenue - non-current,deferred tax liabilities,long term taxes payable,Total other non-current liabilities,Total liabilities,Retained Earnings (Accumulated Deficit),Accumulated other comprehensive (loss)/income,Total shareholders equity,Total liabilities and shareholders' equity,"Depreciation, amortization and accretion",Stock-based compensation expense,Deferred income tax expense,"Increase (Decrease) in Accounts receivable, net",Increase (Decrease) in Inventories,Increase (Decrease) in Other Receivables,Increase (Decrease) in Other Operating Assets,Increase (Decrease) in Accounts Payable,Increase (Decrease) in Deferred Revenue,Increase (Decrease) Other liabilities,Cash generated by operating activities,Purchases of marketable securities,Proceeds from maturities of marketable securities,Proceeds from sales of marketable securities,Purchases of other long-term investments,"Business acquisitions, net of cash acquired",Cash payments for capital asset purchases,Payments for acquisition of intangible assets,Payments for (Proceeds from) Other Investing Activities,Cash used in investing activities,Proceeds from issuance of common stock,Excess tax benefits from stock-based compensation,Cash generated/used in financing activities,Increase/(decrease) in cash and cash equivalents,"Cash paid for income taxes, net"
2009-12-31,16228000000.0,,,,,,,,,867000000.0,,4.4,4.36,454000000.0,455000000.0,,,,,,,,,,,9505000000.0,3404000000.0,,269863000000.0,,,,,,,,,237296000000.0,13144000000.0,-1962000000.0,29942000000.0,269863000000.0,,,932000000.0,,,,-5485000000.0,,,,5753000000.0,34078000000.0,7291000000.0,18861000000.0,,,,,428000000.0,9479000000.0,,1000000.0,-15415000000.0,-183000000.0,
2010-03-31,3763000000.0,,,,,,,,,251000000.0,,0.67,0.66,498000000.0,500000000.0,,,,,,,,,,,9425000000.0,3289000000.0,,265396000000.0,,,,,,,,,235962000000.0,13340000000.0,-1288000000.0,26818000000.0,265396000000.0,,,254000000.0,,,,-437000000.0,,,,2272000000.0,9154000000.0,1815000000.0,6040000000.0,,,,,-297000000.0,5617000000.0,,,-8614000000.0,-725000000.0,
2010-06-30,7675000000.0,,,,,,,,,557000000.0,,2.18,2.15,524000000.0,527000000.0,,,,,,,,,,,9410000000.0,2728000000.0,,261695000000.0,,,,,,,,,230705000000.0,14073000000.0,-442000000.0,28377000000.0,261695000000.0,,48000000.0,571000000.0,,,,528000000.0,,,,4268000000.0,13111000000.0,3904000000.0,14123000000.0,,,,,-593000000.0,9276000000.0,,1000000.0,-14274000000.0,-730000000.0,
2010-09-30,11273000000.0,,,,,,,,,736000000.0,,4.28,4.24,523000000.0,526000000.0,,,,,,,,,,,8166000000.0,2352000000.0,,260133000000.0,,,,,,,,,227467000000.0,15114000000.0,146000000.0,30042000000.0,260133000000.0,,70000000.0,691000000.0,,,,1411000000.0,,,,4437000000.0,28344000000.0,5869000000.0,17994000000.0,,,,,-686000000.0,10444000000.0,,1000000.0,-15445000000.0,-564000000.0,
2010-12-31,15176000000.0,,,,,,,,,1037000000.0,,5.8,5.74,517000000.0,520000000.0,,,,,-159000000.0,,,,,4059000000.0,8149000000.0,2604000000.0,,264284000000.0,,,,,,,,,231446000000.0,15859000000.0,-431000000.0,30242000000.0,264284000000.0,,107000000.0,1201000000.0,,,,-753000000.0,,,,4811000000.0,36653000000.0,7730000000.0,23343000000.0,,,,,-753000000.0,5279000000.0,,1000000.0,-11531000000.0,-991000000.0,
2011-03-31,3631000000.0,,,,,,,,,308000000.0,,1.59,1.57,524000000.0,526000000.0,,,,,,,,,,,8146000000.0,2618000000.0,,259378000000.0,,,,,,,,,225661000000.0,16640000000.0,-309000000.0,31132000000.0,259378000000.0,,30000000.0,,,,,291000000.0,,,,727000000.0,7237000000.0,1590000000.0,8018000000.0,,,,,80000000.0,5113000000.0,,,-5748000000.0,92000000.0,
2011-06-30,7233000000.0,,,,,,,,,542000000.0,,3.27,3.24,524000000.0,527000000.0,,,,,,,,,,,8182000000.0,2412000000.0,,263117000000.0,,,,,,,,,228244000000.0,17344000000.0,69000000.0,32235000000.0,263117000000.0,,53000000.0,,,,,1048000000.0,,,,3705000000.0,12866000000.0,2792000000.0,15023000000.0,,,,,387000000.0,3231000000.0,,,-6368000000.0,568000000.0,
2011-09-30,10777000000.0,,,,,,,,,851000000.0,,4.84,4.79,524000000.0,526000000.0,,,,,,,,,,,8207000000.0,1949000000.0,,269470000000.0,,,,,,,,,232228000000.0,17985000000.0,397000000.0,34219000000.0,269470000000.0,494000000.0,63000000.0,,,,,4014000000.0,,,,4585000000.0,20921000000.0,4289000000.0,17136000000.0,,,,,244000000.0,-3726000000.0,,,-174000000.0,685000000.0,
2011-12-31,14326000000.0,,,,,,,,,998000000.0,,5.7,5.64,524000000.0,526000000.0,,,,,-1138000000.0,,,,,4644000000.0,8285000000.0,1859000000.0,,271205000000.0,,,,,,,,,233959000000.0,18253000000.0,-105000000.0,34053000000.0,271205000000.0,659000000.0,103000000.0,840000000.0,,,,4142000000.0,,,,6035000000.0,25551000000.0,6074000000.0,20533000000.0,,,,,160000000.0,-6549000000.0,,,1322000000.0,808000000.0,
2012-03-31,3732000000.0,,,,,,,,1092000000.0,281000000.0,,1.45,1.44,526000000.0,529000000.0,,,,,,,,,,,9169000000.0,2019000000.0,,295883000000.0,,,,,,,,,257647000000.0,18834000000.0,281000000.0,35045000000.0,295883000000.0,,31000000.0,,,,,97000000.0,,,,2764000000.0,6948000000.0,1994000000.0,3492000000.0,,,,,12000000.0,-7108000000.0,,12000000.0,4401000000.0,57000000.0,
2012-06-30,7355000000.0,,,,,,,,1811000000.0,454000000.0,,2.44,2.42,527000000.0,530000000.0,,,,,,,,,,,9158000000.0,1804000000.0,,299575000000.0,,,,,,,,,259361000000.0,19149000000.0,402000000.0,37005000000.0,299575000000.0,344000000.0,56000000.0,,,,,-168000000.0,,,,3814000000.0,10104000000.0,4198000000.0,6594000000.0,,,,,82000000.0,-11241000000.0,,15000000.0,7458000000.0,31000000.0,
2012-09-30,11443000000.0,,,,,,,,3021000000.0,739000000.0,,4.1,4.06,526000000.0,529000000.0,,,,,,,,,,,9163000000.0,1778000000.0,,300803000000.0,,,,,,,,,259001000000.0,19813000000.0,991000000.0,38683000000.0,300803000000.0,526000000.0,84000000.0,,,,,-117000000.0,,,,5626000000.0,14307000000.0,6602000000.0,8510000000.0,,,,,-30000000.0,-11633000000.0,,17000000.0,6186000000.0,179000000.0,
2012-12-31,15512000000.0,,,,,,,,3943000000.0,942000000.0,,5.36,5.3,526000000.0,529000000.0,,,,,-561000000.0,,,,,5428000000.0,9072000000.0,1797000000.0,,305107000000.0,,,,,,,,,263342000000.0,20265000000.0,834000000.0,39003000000.0,305107000000.0,707000000.0,101000000.0,570000000.0,,,,-1928000000.0,,,,6827000000.0,17164000000.0,9195000000.0,9358000000.0,,,,,-97000000.0,-17261000000.0,,,11549000000.0,1115000000.0,
2013-03-31,3955000000.0,,,,,,,,1324000000.0,320000000.0,,1.78,1.76,526000000.0,528000000.0,,,,,,,,,,,9075000000.0,1921000000.0,,300812000000.0,,,,,,,,,258734000000.0,20993000000.0,767000000.0,39663000000.0,300812000000.0,175000000.0,41000000.0,,,,,-66000000.0,,,,1016000000.0,2770000000.0,2610000000.0,1240000000.0,,,,,-133000000.0,3380000000.0,,,-5668000000.0,-1272000000.0,
2013-06-30,8019000000.0,,,,,,,,2796000000.0,669000000.0,,3.79,3.76,528000000.0,531000000.0,,,,,,,,,,,9075000000.0,2153000000.0,,304415000000.0,,,,,,,,,262474000000.0,21828000000.0,45000000.0,40286000000.0,304415000000.0,352000000.0,84000000.0,,,,,-133000000.0,,,,1796000000.0,6785000000.0,5232000000.0,3814000000.0,,,,,-306000000.0,-643000000.0,,18000000.0,-2322000000.0,-1169000000.0,
2013-09-30,11939000000.0,,,,,,,,4155000000.0,989000000.0,,5.61,5.55,529000000.0,534000000.0,,,,,,,,,,,9074000000.0,2194000000.0,,308597000000.0,,,,,,,,,265777000000.0,22561000000.0,47000000.0,41130000000.0,308597000000.0,531000000.0,114000000.0,,,,,-2681000000.0,,,,5896000000.0,13183000000.0,8020000000.0,6950000000.0,,,,,-382000000.0,-7829000000.0,,23000000.0,1621000000.0,-312000000.0,
2013-12-31,16012000000.0,,,,,,,,5568000000.0,1341000000.0,,7.48,7.39,528000000.0,532000000.0,,,,,-1666000000.0,,,,,5618000000.0,9074000000.0,2216000000.0,,320296000000.0,,,,,,,,,276199000000.0,23325000000.0,436000000.0,42408000000.0,320296000000.0,715000000.0,154000000.0,1207000000.0,,,,-3954000000.0,,,,5555000000.0,18419000000.0,9668000000.0,7974000000.0,,,,,-129000000.0,-18935000000.0,,23000000.0,12203000000.0,-1177000000.0,
2014-03-31,3777000000.0,,,,,,,,1419000000.0,359000000.0,992000000.0,1.86,1.82,532000000.0,539000000.0,,,,,,,,,,,9074000000.0,2115000000.0,,323423000000.0,,,,,,,,,278505000000.0,24010000000.0,656000000.0,43321000000.0,323423000000.0,181000000.0,50000000.0,17000000.0,,,,356000000.0,,,,1920000000.0,1690000000.0,1654000000.0,1347000000.0,,,,,80000000.0,-2985000000.0,,16000000.0,1745000000.0,680000000.0,
2014-06-30,7587000000.0,,,,,,,,2829000000.0,717000000.0,,3.73,3.67,532000000.0,539000000.0,,,,,,,,,,,9074000000.0,1997000000.0,,327064000000.0,,,,,,,,,281271000000.0,24755000000.0,881000000.0,44205000000.0,327064000000.0,366000000.0,104000000.0,104000000.0,,,,262000000.0,,,,3470000000.0,3608000000.0,3434000000.0,3359000000.0,,,,,266000000.0,-6282000000.0,,36000000.0,3661000000.0,849000000.0,
2014-09-30,11428000000.0,,,,,,,,4258000000.0,1108000000.0,,5.55,5.45,531000000.0,539000000.0,,,,,,,,,,,9074000000.0,1994000000.0,,334424000000.0,,,,,,,,,288429000000.0,25464000000.0,727000000.0,44481000000.0,334424000000.0,560000000.0,133000000.0,50000000.0,,,,-170000000.0,,,,4580000000.0,5057000000.0,5349000000.0,3564000000.0,,,,,277000000.0,-14547000000.0,,23000000.0,10088000000.0,121000000.0,
2014-12-31,15375000000.0,,,,,,,,5614000000.0,1407000000.0,,7.44,7.3,529000000.0,537000000.0,,,,,3670000000.0,,,,,5643000000.0,9103000000.0,1844000000.0,,345072000000.0,,,,,,,,,298998000000.0,26200000000.0,503000000.0,44551000000.0,345072000000.0,776000000.0,181000000.0,255000000.0,,,,8000000.0,,,,5557000000.0,7989000000.0,6915000000.0,4432000000.0,,,,,137000000.0,-24893000000.0,,28000000.0,19653000000.0,317000000.0,
2015-03-31,3731000000.0,,,,,,,,1328000000.0,324000000.0,,1.79,1.75,521000000.0,529000000.0,,,,,,,,,,,9103000000.0,463000000.0,,350960000000.0,,,,,,,,,304522000000.0,26882000000.0,703000000.0,45025000000.0,350960000000.0,193000000.0,40000000.0,40000000.0,,,,1449000000.0,,,,242000000.0,6170000000.0,1762000000.0,1787000000.0,,,,,265000000.0,-3886000000.0,,18000000.0,3435000000.0,-209000000.0,
2015-06-30,7597000000.0,,,,,,,,2782000000.0,734000000.0,,3.71,3.63,519000000.0,527000000.0,,,,,,,,,,,9103000000.0,435000000.0,,353945000000.0,,,,,,,,,308033000000.0,27609000000.0,379000000.0,44515000000.0,353945000000.0,394000000.0,88000000.0,109000000.0,,,,-22000000.0,,,,1629000000.0,9706000000.0,3933000000.0,2402000000.0,,,,,394000000.0,-8483000000.0,,27000000.0,6906000000.0,52000000.0,
2015-09-30,11372000000.0,,,,,,,,4124000000.0,1003000000.0,,5.64,5.52,516000000.0,525000000.0,,,,,,,,,,,9103000000.0,407000000.0,,362125000000.0,,,,,,,,,315847000000.0,28337000000.0,615000000.0,44948000000.0,362125000000.0,595000000.0,118000000.0,128000000.0,,,,2415000000.0,,,,3600000000.0,17546000000.0,6013000000.0,3341000000.0,,,,,567000000.0,-13534000000.0,,33000000.0,9409000000.0,-525000000.0,
2015-12-31,15225000000.0,,,,,,,,5507000000.0,1364000000.0,,7.52,7.39,514000000.0,521000000.0,,,,,3284000000.0,,,,,5908000000.0,9103000000.0,379000000.0,,358493000000.0,,,,,,,,,312513000000.0,29043000000.0,130000000.0,44710000000.0,358493000000.0,809000000.0,173000000.0,404000000.0,,,,-1568000000.0,,,,5496000000.0,26367000000.0,7920000000.0,6723000000.0,,,,,706000000.0,-16260000000.0,,29000000.0,10469000000.0,-295000000.0,
2016-03-31,3665000000.0,,,,,,,,1232000000.0,289000000.0,,1.7,1.68,501000000.0,507000000.0,,,,,,,,,,,9103000000.0,353000000.0,,360985000000.0,,,,,,,,,314657000000.0,29642000000.0,532000000.0,45130000000.0,360985000000.0,202000000.0,13000000.0,-49000000.0,,,,1310000000.0,,,,276000000.0,3441000000.0,2005000000.0,782000000.0,,,,,-119000000.0,-908000000.0,,,428000000.0,-204000000.0,
2016-06-30,7459000000.0,,,,,,,,2539000000.0,607000000.0,,3.54,3.49,499000000.0,505000000.0,,,,,,,,,,,9103000000.0,329000000.0,,361335000000.0,,,,,,,,,314636000000.0,30309000000.0,736000000.0,45558000000.0,361335000000.0,417000000.0,,-68000000.0,,,,2516000000.0,,,,761000000.0,7182000000.0,4895000000.0,2084000000.0,,,,,-49000000.0,-89000000.0,,,-541000000.0,131000000.0,
2016-09-30,11288000000.0,,,,,,,,3887000000.0,949000000.0,,5.41,5.33,496000000.0,502000000.0,,,,,,,,,,,9103000000.0,304000000.0,,369348000000.0,,,,,,,,,322503000000.0,30958000000.0,646000000.0,45707000000.0,369348000000.0,626000000.0,,-171000000.0,,,,2179000000.0,,,,2295000000.0,15179000000.0,7683000000.0,2517000000.0,,,,,159000000.0,-7604000000.0,,,5775000000.0,466000000.0,
2016-12-31,15162000000.0,,,,,,,,5253000000.0,1268000000.0,,7.42,7.3,494000000.0,500000000.0,,,,,2973000000.0,,,,,5522000000.0,9103000000.0,,,366380000000.0,,,,,,,,,319526000000.0,31670000000.0,-265000000.0,45699000000.0,366380000000.0,843000000.0,200000000.0,326000000.0,,,,644000000.0,,,,3635000000.0,19495000000.0,11061000000.0,3456000000.0,,,,,952000000.0,-7442000000.0,,,4621000000.0,814000000.0,
2017-03-31,3884000000.0,,,,,,,,1394000000.0,320000000.0,,1.99,1.96,487000000.0,492000000.0,,,,,,,,,,,9103000000.0,,,370944000000.0,,,,,,,,,325041000000.0,32372000000.0,-279000000.0,45754000000.0,370944000000.0,214000000.0,,21000000.0,,,,-554000000.0,,,,1609000000.0,5142000000.0,2790000000.0,3202000000.0,,,,,177000000.0,-5639000000.0,,,4154000000.0,124000000.0,
2017-06-30,7944000000.0,,,,,,,,2877000000.0,706000000.0,,4.1,4.05,486000000.0,491000000.0,,,,,,,,,,,9163000000.0,,,372190000000.0,,,,,,,,,326005000000.0,33133000000.0,-98000000.0,46084000000.0,372190000000.0,457000000.0,,80000000.0,,,,-501000000.0,,,,2284000000.0,6634000000.0,5389000000.0,3504000000.0,,,,,507000000.0,-4833000000.0,,,2709000000.0,160000000.0,
2017-09-30,12069000000.0,,,,,,,,4416000000.0,1119000000.0,,6.29,6.21,483000000.0,488000000.0,,,,,,,,,,,9163000000.0,,,375191000000.0,,,,,,,,,328739000000.0,33819000000.0,-22000000.0,46388000000.0,375191000000.0,686000000.0,,147000000.0,,,,-130000000.0,,,,4826000000.0,8676000000.0,8195000000.0,4192000000.0,,,,,899000000.0,-9615000000.0,,,4646000000.0,-143000000.0,
2017-12-31,16329000000.0,,,,,,,,5490000000.0,102000000.0,,10.49,10.36,481000000.0,486000000.0,,,,,1703000000.0,,,,,5436000000.0,9173000000.0,,,380768000000.0,,,,,,,,,333183000000.0,35481000000.0,-148000000.0,47513000000.0,380768000000.0,921000000.0,200000000.0,-403000000.0,,,,-757000000.0,,,,5699000000.0,13605000000.0,10734000000.0,5647000000.0,,,,,1340000000.0,-15015000000.0,,,9686000000.0,370000000.0,
2018-03-31,4111000000.0,,,,,,,,1492000000.0,253000000.0,,2.45,2.43,473000000.0,476000000.0,,,,,,,,,,,9218000000.0,,,379161000000.0,,,,,,,,,332126000000.0,36266000000.0,-699000000.0,46969000000.0,379161000000.0,233000000.0,,81000000.0,,,,1217000000.0,,,,2922000000.0,5905000000.0,2027000000.0,4461000000.0,,,,,284000000.0,-1250000000.0,,,-2272000000.0,-600000000.0,
2018-06-30,8435000000.0,,,,,,,,3152000000.0,557000000.0,,5.19,5.15,471000000.0,474000000.0,,,,,,,,,,,9218000000.0,,,380711000000.0,,,,,,,,,333736000000.0,37201000000.0,-940000000.0,46904000000.0,380711000000.0,470000000.0,,167000000.0,,,,1708000000.0,,,,4539000000.0,13776000000.0,4478000000.0,5189000000.0,,,,,988000000.0,-2459000000.0,,,-1904000000.0,176000000.0,
2019-03-31,4286000000.0,,,,,,,,1519000000.0,248000000.0,,2.62,2.61,455000000.0,456000000.0,,,,,,,,,,,9218000000.0,,,392837000000.0,,,,,,,,,344262000000.0,39742000000.0,-5000000.0,48536000000.0,392837000000.0,234000000.0,,111000000.0,,,,2931000000.0,,,,1401000000.0,3861000000.0,2103000000.0,840000000.0,,,,,-213000000.0,-6023000000.0,,,4076000000.0,-546000000.0,
2019-06-30,8725000000.0,,,,,,,,3167000000.0,522000000.0,,5.51,5.49,453000000.0,454000000.0,,,,,,,,,,,9221000000.0,,,405761000000.0,,,,,,,,,356380000000.0,40616000000.0,631000000.0,49340000000.0,405761000000.0,491000000.0,,106000000.0,,,,2286000000.0,,,,3644000000.0,11141000000.0,4795000000.0,2817000000.0,,,,,502000000.0,-17483000000.0,,,13647000000.0,-192000000.0,
2019-09-30,13218000000.0,,,,,,,,4854000000.0,817000000.0,,8.45,8.42,450000000.0,451000000.0,,,,,,,,,,,9233000000.0,,,408916000000.0,,,,,,,,,359461000000.0,41413000000.0,837000000.0,49420000000.0,408916000000.0,738000000.0,,83000000.0,,,,2086000000.0,,,,4248000000.0,17179000000.0,7962000000.0,5201000000.0,,,,,573000000.0,-20725000000.0,,,16540000000.0,63000000.0,
2019-12-31,17827000000.0,,,,,,,,6480000000.0,1062000000.0,,11.43,11.39,447000000.0,448000000.0,,,,,2124000000.0,,,,,7728000000.0,9233000000.0,,,410295000000.0,,,,,,,,,360952000000.0,42215000000.0,799000000.0,49314000000.0,410295000000.0,1035000000.0,,303000000.0,,,,788000000.0,,,,7363000000.0,23739000000.0,11974000000.0,7755000000.0,,-75000000.0,,,705000000.0,-24990000000.0,,,17080000000.0,-547000000.0,
2020-03-31,4517000000.0,,,,,,,,1060000000.0,145000000.0,,1.96,1.95,429000000.0,430000000.0,,,,,,,,,,,9233000000.0,,,445493000000.0,,,,,,,,,396203000000.0,41885000000.0,2518000000.0,49263000000.0,445493000000.0,240000000.0,,-226000000.0,,,,6912000000.0,,,,-696000000.0,11889000000.0,4332000000.0,5447000000.0,,,,,125000000.0,-23379000000.0,,,26507000000.0,2432000000.0,
2020-06-30,8412000000.0,,,,,,,,-902000000.0,-158000000.0,,10.33,10.32,428000000.0,428000000.0,,,,,,,,,,,9233000000.0,,,458978000000.0,,,,,,,,,406030000000.0,44986000000.0,3069000000.0,52923000000.0,458978000000.0,491000000.0,,-2501000000.0,,,,1675000000.0,,,,2331000000.0,31593000000.0,10110000000.0,12055000000.0,,,,,206000000.0,-41237000000.0,,,40183000000.0,1277000000.0,
2020-09-30,12693000000.0,,,,,,,,1698000000.0,166000000.0,,13.73,13.7,427000000.0,428000000.0,,,,,,,,,,,9233000000.0,,,461817000000.0,,,,,,,,,408507000000.0,45947000000.0,2997000000.0,53276000000.0,461817000000.0,737000000.0,,-2505000000.0,,,,2112000000.0,,,,2724000000.0,34242000000.0,19850000000.0,12512000000.0,,,,,316000000.0,-44379000000.0,,,43223000000.0,1568000000.0,
2021-03-31,4220000000.0,,,,,,,,2197000000.0,371000000.0,,4.11,4.1,426000000.0,426000000.0,,,,,,,,,,,9317000000.0,,,474414000000.0,,,,,,,,,420535000000.0,48113000000.0,1290000000.0,53849000000.0,474414000000.0,234000000.0,,-138000000.0,,,,822000000.0,,,,780000000.0,22094000000.0,7263000000.0,5558000000.0,,,,,339000000.0,-6072000000.0,,,5730000000.0,438000000.0,
2021-06-30,8887000000.0,,,,,,,,3512000000.0,583000000.0,,6.54,6.53,427000000.0,427000000.0,,,,,,,,,,,10958000000.0,,,554212000000.0,,,,,,,,,499527000000.0,48663000000.0,1463000000.0,54627000000.0,554212000000.0,490000000.0,,165000000.0,,,,784000000.0,,,,2195000000.0,44380000000.0,15970000000.0,7495000000.0,,10511000000.0,,,1018000000.0,2950000000.0,,,-3438000000.0,1707000000.0,
2021-09-30,14084000000.0,,,,,,,,5325000000.0,906000000.0,,9.84,9.83,426000000.0,427000000.0,,,,,,,,,,,10885000000.0,,,553515000000.0,,,,,,,,,497218000000.0,49541000000.0,1079000000.0,56259000000.0,553515000000.0,767000000.0,,-74000000.0,,,,1504000000.0,,,,3720000000.0,57911000000.0,23829000000.0,15674000000.0,,10511000000.0,,,1538000000.0,6262000000.0,,,-8156000000.0,1826000000.0,
2021-12-31,19211000000.0,,,,,,,,6988000000.0,1263000000.0,,12.71,12.7,426000000.0,426000000.0,,,,,2753000000.0,,,,,8593000000.0,10916000000.0,,,557191000000.0,,,,,,,,,501465000000.0,50228000000.0,409000000.0,55695000000.0,557191000000.0,1066000000.0,,178000000.0,,,,454000000.0,,,,7214000000.0,85496000000.0,30691000000.0,26329000000.0,,10511000000.0,,,2682000000.0,-2795000000.0,,,-3432000000.0,987000000.0,
2022-03-31,4692000000.0,,,,,,,,1728000000.0,299000000.0,,3.23,3.23,420000000.0,420000000.0,,,,,,,,,,,10916000000.0,,,541246000000.0,,,,,,,,,492030000000.0,51058000000.0,-5731000000.0,49181000000.0,541246000000.0,277000000.0,,61000000.0,,,,3024000000.0,,,,-989000000.0,15599000000.0,6639000000.0,2561000000.0,,,,,-224000000.0,12707000000.0,,,-12150000000.0,-432000000.0,
2022-06-30,9808000000.0,,,,,,,,3564000000.0,639000000.0,,6.62,6.61,417000000.0,417000000.0,,,,,,,,,,,10916000000.0,,,540786000000.0,,,,,,,,,493098000000.0,51841000000.0,-8358000000.0,47652000000.0,540786000000.0,566000000.0,,203000000.0,,,,2989000000.0,,,,1643000000.0,22145000000.0,9403000000.0,2575000000.0,,,,,1147000000.0,11017000000.0,,,-12082000000.0,578000000.0,
2022-09-30,15357000000.0,,,,,,,,5592000000.0,1027000000.0,,10.39,10.39,414000000.0,415000000.0,,,,,,,,,,,10987000000.0,,,559477000000.0,,,,,,,,,512754000000.0,52777000000.0,-10486000000.0,46688000000.0,559477000000.0,843000000.0,,401000000.0,,,,3512000000.0,,,,5037000000.0,23591000000.0,11473000000.0,2765000000.0,,,,,2275000000.0,-10673000000.0,,,4180000000.0,-1456000000.0,
2023-03-31,5603000000.0,,,,,,,,2047000000.0,353000000.0,,3.98,3.98,401000000.0,402000000.0,,,,,,,,,,,10987000000.0,,,561777000000.0,,,,,,,,,512703000000.0,54598000000.0,-9108000000.0,49044000000.0,561777000000.0,281000000.0,,-30000000.0,,,,-1108000000.0,,,,1876000000.0,612000000.0,2293000000.0,,,,,,317000000.0,-5712000000.0,,,2733000000.0,-1103000000.0,
2023-06-30,10896000000.0,,,,,,,,3822000000.0,628000000.0,,7.35,7.34,401000000.0,401000000.0,,,,,,,,,,,10987000000.0,,,558207000000.0,,,,,,,,,508861000000.0,55346000000.0,-9525000000.0,49320000000.0,558207000000.0,565000000.0,,-75000000.0,,,,-1410000000.0,,,,5132000000.0,1272000000.0,4038000000.0,,,,,,590000000.0,-3402000000.0,,,-2582000000.0,-852000000.0,
2023-09-30,16129000000.0,,,,,,,,5681000000.0,917000000.0,,10.95,10.94,401000000.0,401000000.0,,,,,,,,,,,10987000000.0,,,557334000000.0,,,,,,,,,507853000000.0,56170000000.0,-10261000000.0,49454000000.0,557334000000.0,850000000.0,,-119000000.0,,,,1899000000.0,,,,5247000000.0,2791000000.0,5524000000.0,,,,,,954000000.0,-1714000000.0,,,-5276000000.0,-1743000000.0,
2024-03-31,5145000000.0,,,,,,,,1656000000.0,312000000.0,,3.1,3.1,400000000.0,400000000.0,,,,,,,,,,,10932000000.0,,,566162000000.0,,,,,,,,,514788000000.0,56913000000.0,-8042000000.0,51340000000.0,566162000000.0,280000000.0,,-44000000.0,,,,300000000.0,,,,1758000000.0,1766000000.0,1056000000.0,,,,,,91000000.0,-6365000000.0,,,3619000000.0,-988000000.0,
2024-06-30,10556000000.0,,,,,,,,3475000000.0,654000000.0,,6.49,6.48,400000000.0,400000000.0,,,,,,,,,,,10932000000.0,,,556519000000.0,,,,,,,,,503838000000.0,57652000000.0,-7446000000.0,52642000000.0,556519000000.0,565000000.0,,-21000000.0,,,,142000000.0,,,,2793000000.0,16246000000.0,2747000000.0,3800000000.0,,,,,357000000.0,-6585000000.0,,,-7652000000.0,-11444000000.0,
2024-09-30,15988000000.0,,,,,,,,5337000000.0,1011000000.0,,9.99,9.98,400000000.0,400000000.0,,,,,,,,,,,10932000000.0,,,564881000000.0,,,,,,,,,509152000000.0,58412000000.0,-5090000000.0,55689000000.0,564881000000.0,846000000.0,,-89000000.0,,,,-1438000000.0,,,,6080000000.0,25501000000.0,5049000000.0,,,,,,587000000.0,-10367000000.0,,,-5252000000.0,-9539000000.0,
