Date,Net sales,Cost of sales,Gross margin,Research and development,"Selling, general and administrative",Total operating expenses,Operating income,"Other income/(expense), net",Income before provision for income taxes,Provision for income taxes,Net income,Earnings per share basic,Earnings per share diluted,Weighted-average basic,Weighted-average diluted,Cash and cash equivalents,Short-term marketable securities,"Accounts receivable, net",Inventories,Deferred tax assets,Vendor non-trade receivables,Other current assets,Total current assets,Long-term marketable securities,"Property, Plant and Equipment, Net",Goodwill,"Acquired intangible assets, net","Other Assets, Noncurrent",Total assets,accounts payable,Accrued expenses,Deferred revenue,Total current liabilities,Deferred revenue - non-current,deferred tax liabilities,long term taxes payable,Total other non-current liabilities,Total liabilities,Retained Earnings (Accumulated Deficit),Accumulated other comprehensive (loss)/income,Total shareholders equity,Total liabilities and shareholders' equity,"Depreciation, amortization and accretion",Stock-based compensation expense,Deferred income tax expense,"Increase (Decrease) in Accounts receivable, net",Increase (Decrease) in Inventories,Increase (Decrease) in Other Receivables,Increase (Decrease) in Other Operating Assets,Increase (Decrease) in Accounts Payable,Increase (Decrease) in Deferred Revenue,Increase (Decrease) Other liabilities,Cash generated by operating activities,Purchases of marketable securities,Proceeds from maturities of marketable securities,Proceeds from sales of marketable securities,Purchases of other long-term investments,"Business acquisitions, net of cash acquired",Cash payments for capital asset purchases,Payments for acquisition of intangible assets,Payments for (Proceeds from) Other Investing Activities,Cash used in investing activities,Proceeds from issuance of common stock,Excess tax benefits from stock-based compensation,Cash generated/used in financing activities,Increase/(decrease) in cash and cash equivalents,"Cash paid for income taxes, net"
2010-07-03,1503180000.0,,461870000.0,34210000.0,263933000.0,,163727000.0,,147090000.0,49449000.0,96402000.0,0.97,0.97,98208000.0,99638000.0,38580000.0,,,389428000.0,49058000.0,,,995623000.0,,318124000.0,2033064000.0,451806000.0,54083000.0,3852700000.0,248679000.0,,,525728000.0,,139977000.0,24821000.0,,1760885000.0,1560944000.0,-77013000.0,,3852700000.0,,12365000.0,2396000.0,33438000.0,38651000.0,,,46938000.0,,,156414000.0,,,,,,28937000.0,,1286000.0,-29980000.0,,1322000.0,-105851000.0,5184000.0,
2010-10-02,2276915000.0,,698412000.0,51075000.0,392787000.0,,254550000.0,,229307000.0,75937000.0,151452000.0,1.54,1.52,98298000.0,99514000.0,56995000.0,,,410072000.0,50991000.0,,,1056834000.0,,327602000.0,2070911000.0,461378000.0,56033000.0,3972758000.0,266416000.0,,,572544000.0,,147772000.0,23857000.0,,1759088000.0,1597110000.0,-4955000.0,,3972758000.0,,16598000.0,4866000.0,36216000.0,49822000.0,,,60162000.0,,,249243000.0,,,,,,42981000.0,,1232000.0,-43873000.0,,2193000.0,-177577000.0,23599000.0,
2010-12-31,3030773000.0,,930640000.0,67156000.0,529329000.0,,334155000.0,,300147000.0,97200000.0,197828000.0,2.01,1.99,98037000.0,99294000.0,46056000.0,,,405356000.0,56349000.0,,,1069297000.0,,329435000.0,2066044000.0,453570000.0,55187000.0,3973533000.0,262357000.0,,,546796000.0,,169198000.0,23507000.0,,1768501000.0,1624605000.0,-22342000.0,,3973533000.0,,21468000.0,29453000.0,62344000.0,44495000.0,,,55321000.0,,,270376000.0,,,,,,59523000.0,,1148000.0,-60313000.0,,2686000.0,-190591000.0,12660000.0,
2011-04-02,790273000.0,,249059000.0,18122000.0,144760000.0,,86177000.0,,77087000.0,25053000.0,,0.52,0.51,98098000.0,99670000.0,57134000.0,,,411767000.0,56370000.0,,,1209077000.0,,338610000.0,2097428000.0,461244000.0,56328000.0,4162687000.0,256492000.0,,,546361000.0,,175877000.0,23548000.0,,1880243000.0,1655302000.0,18525000.0,,4162687000.0,,5725000.0,3845000.0,101505000.0,708000.0,,,-11992000.0,,,-48180000.0,,,,,14856000.0,13268000.0,,-58000.0,-28024000.0,,557000.0,80915000.0,11078000.0,
2011-07-02,1700448000.0,,536795000.0,38004000.0,303192000.0,,195599000.0,,172568000.0,52397000.0,117253000.0,1.19,1.17,98333000.0,100065000.0,68972000.0,,,484795000.0,60833000.0,,,1334639000.0,,410547000.0,2573430000.0,654908000.0,78788000.0,5052312000.0,315403000.0,,,711402000.0,,235422000.0,23832000.0,85660000.0,2685458000.0,1702119000.0,41902000.0,2249354000.0,5052312000.0,,10527000.0,3012000.0,1111000.0,-2425000.0,,,-22878000.0,,,152611000.0,,,,,733105000.0,35221000.0,,-119000.0,-768118000.0,,1465000.0,638322000.0,22916000.0,
2011-10-01,2590994000.0,,808857000.0,58095000.0,462260000.0,,288502000.0,,248672000.0,76447000.0,168345000.0,1.71,1.69,98472000.0,99802000.0,52665000.0,,,459916000.0,61411000.0,,,1278248000.0,,394922000.0,2516692000.0,619262000.0,73319000.0,4882443000.0,281448000.0,,,717602000.0,,228737000.0,23891000.0,79489000.0,2584327000.0,1733281000.0,-48039000.0,2182697000.0,4882443000.0,,14695000.0,4445000.0,-22657000.0,-15633000.0,,,-45759000.0,,,240559000.0,,,,,733105000.0,53063000.0,,441000.0,-786470000.0,,3137000.0,556900000.0,6609000.0,
2011-12-31,3456686000.0,,1073722000.0,78158000.0,626527000.0,,168517000.0,,111580000.0,73059000.0,34222000.0,0.35,0.34,98233000.0,99753000.0,50077000.0,,,449863000.0,-128058000.0,,,1237835000.0,,387525000.0,2273918000.0,592285000.0,94750000.0,4586313000.0,294858000.0,,,641841000.0,,188957000.0,26470000.0,97039000.0,2538921000.0,1579290000.0,-151241000.0,1933329000.0,4586313000.0,,19489000.0,-9084000.0,-1348000.0,-18263000.0,,,-24330000.0,,,320226000.0,,,,,733105000.0,73348000.0,,2943000.0,-808086000.0,,3310000.0,503553000.0,4021000.0,
2012-03-31,858177000.0,,280719000.0,20757000.0,175010000.0,,84952000.0,,71233000.0,9079000.0,60814000.0,0.62,0.61,98633000.0,100407000.0,55438000.0,,,475403000.0,62405000.0,,,1389207000.0,,393335000.0,2297175000.0,594929000.0,103560000.0,4778206000.0,293398000.0,,,659323000.0,,194469000.0,13382000.0,89863000.0,2634599000.0,1617999000.0,-110060000.0,2027301000.0,4778206000.0,,5249000.0,,100353000.0,20028000.0,,,-4077000.0,,,-67509000.0,,,,,,15621000.0,,3076000.0,-17169000.0,,1384000.0,90048000.0,5361000.0,
2012-06-30,1799702000.0,,592847000.0,41648000.0,348455000.0,,202744000.0,,173582000.0,37943000.0,132644000.0,1.34,1.32,99047000.0,101165000.0,60598000.0,,,460039000.0,58899000.0,,,1276025000.0,,381063000.0,2255134000.0,570503000.0,103544000.0,4586269000.0,288265000.0,,,661716000.0,,190173000.0,13294000.0,92175000.0,2468397000.0,1667794000.0,-192097000.0,2001789000.0,4586269000.0,,10075000.0,,5531000.0,12276000.0,,,-4271000.0,,,166761000.0,,,,,19905000.0,31312000.0,,3073000.0,-49422000.0,,1740000.0,-98056000.0,10521000.0,
2012-09-29,2665214000.0,,870924000.0,61383000.0,553120000.0,,256421000.0,,209255000.0,41966000.0,163062000.0,1.64,1.6,100445000.0,102910000.0,642570000.0,,,1379971000.0,131531000.0,,,3740446000.0,,1156327000.0,4766519000.0,1954512000.0,354531000.0,11972335000.0,602707000.0,,,2131949000.0,,539451000.0,49041000.0,279140000.0,4906094000.0,1676199000.0,-160134000.0,,11972335000.0,,28527000.0,,-27301000.0,600000.0,,,-30673000.0,,,247351000.0,,,,,-671797000.0,49942000.0,,3074000.0,623911000.0,,2145000.0,-271424000.0,592493000.0,
2012-12-31,4416146000.0,,1269592000.0,93557000.0,1158436000.0,,-43119000.0,,-183965000.0,-79353000.0,-107186000.0,-0.84,-0.84,127368000.0,127368000.0,261341000.0,,,1380271000.0,-330785000.0,,326108000.0,3260368000.0,,1224488000.0,4894512000.0,1909656000.0,506287000.0,11795311000.0,569596000.0,333224000.0,,1537921000.0,73397000.0,488102000.0,49324000.0,453587000.0,5311954000.0,1292288000.0,-7198000.0,6366860000.0,11795311000.0,,35847000.0,-146896000.0,-55720000.0,-125099000.0,,,-61990000.0,,,67960000.0,,,,,-470459000.0,94532000.0,,5858000.0,375577000.0,,4976000.0,-232306000.0,211264000.0,
2013-03-30,1774000000.0,,524000000.0,34000000.0,416000000.0,,74000000.0,,74000000.0,21000000.0,52000000.0,0.25,0.25,204800000.0,208200000.0,215000000.0,,,1327000000.0,79000000.0,,344000000.0,3290000000.0,,1222000000.0,4867000000.0,1859000000.0,7209000000.0,11721000000.0,580000000.0,334000000.0,,1483000000.0,,481000000.0,50000000.0,452000000.0,5378000000.0,1344000000.0,-87000000.0,6228000000.0,11721000000.0,,10000000.0,,129000000.0,-29000000.0,,,21000000.0,,,20000000.0,,,,,,50000000.0,,,-19000000.0,,,-38000000.0,-46000000.0,
2013-06-29,3738200000.0,,1191200000.0,65600000.0,825400000.0,,300200000.0,,282600000.0,73900000.0,205800000.0,1.01,0.99,203500000.0,206900000.0,253100000.0,,,1318300000.0,81200000.0,,339600000.0,3216500000.0,,1186100000.0,4964600000.0,1836600000.0,7264000000.0,11666600000.0,593900000.0,338700000.0,,1686800000.0,,498000000.0,49900000.0,427000000.0,5723700000.0,1498300000.0,-129000000.0,5826000000.0,11666600000.0,,18100000.0,,55000000.0,-22400000.0,,,35100000.0,,,386100000.0,,,,,84400000.0,88000000.0,,600000.0,-139400000.0,,6200000.0,-250900000.0,-8200000.0,
2013-09-28,5563000000.0,,1828800000.0,97100000.0,1191500000.0,,540200000.0,,506000000.0,123100000.0,378600000.0,1.87,1.84,202100000.0,205600000.0,237700000.0,,,1296100000.0,106300000.0,,378300000.0,3211300000.0,,1171900000.0,5122000000.0,1817200000.0,7421000000.0,11804200000.0,579400000.0,368600000.0,,1678400000.0,,497800000.0,49600000.0,467400000.0,5602500000.0,1671100000.0,-41700000.0,6082200000.0,11804200000.0,,25300000.0,,52200000.0,-17700000.0,,,20600000.0,,,629800000.0,,,,,84400000.0,126300000.0,,800000.0,-176900000.0,,7400000.0,-493100000.0,-23600000.0,
2013-12-31,7479700000.0,,2472900000.0,125800000.0,1562100000.0,,774000000.0,,726400000.0,183800000.0,536800000.0,2.67,2.62,201100000.0,204600000.0,265100000.0,,,1243300000.0,-325000000.0,,389400000.0,3232100000.0,,1170000000.0,5134200000.0,1776100000.0,430900000.0,11743300000.0,596600000.0,378200000.0,,1610200000.0,,580600000.0,48900000.0,457400000.0,5525600000.0,1829100000.0,-43600000.0,6095300000.0,11743300000.0,,31100000.0,55200000.0,91100000.0,-67700000.0,,,36400000.0,,,915300000.0,,,,,92400000.0,170000000.0,,-1700000.0,-211200000.0,,16800000.0,-719100000.0,3800000.0,
2014-03-29,1725200000.0,,578300000.0,30000000.0,368400000.0,,179900000.0,,156600000.0,38000000.0,118600000.0,0.6,0.59,196200000.0,199700000.0,211100000.0,,,1271600000.0,160900000.0,,411900000.0,3305300000.0,,1162000000.0,5098900000.0,1747700000.0,7299200000.0,11766500000.0,575400000.0,403200000.0,,1528100000.0,,599500000.0,50400000.0,450200000.0,5830200000.0,1947700000.0,-71300000.0,5936300000.0,11766500000.0,,7400000.0,,78000000.0,28800000.0,,,-35900000.0,,,600000.0,,,,,,27200000.0,,500000.0,-27300000.0,,6100000.0,-24700000.0,-54000000.0,
2014-06-28,3636000000.0,,1237200000.0,60900000.0,768700000.0,,407600000.0,,367000000.0,86900000.0,280100000.0,1.44,1.41,194700000.0,198000000.0,174400000.0,,,1264300000.0,157500000.0,,425000000.0,3165900000.0,,1151600000.0,5097100000.0,1718300000.0,7299300000.0,11616800000.0,587000000.0,441200000.0,,1777100000.0,,608600000.0,49500000.0,481900000.0,5898000000.0,2109200000.0,-54700000.0,5718800000.0,11616800000.0,,16500000.0,,-34600000.0,20300000.0,,,-6900000.0,,,415000000.0,,,,,0.0,59600000.0,,-300000.0,-56600000.0,,7800000.0,-455400000.0,-90700000.0,
2014-09-27,5236500000.0,,1835100000.0,88200000.0,1071000000.0,,675900000.0,,625500000.0,148300000.0,-186000000.0,-0.98,-0.95,193200000.0,196400000.0,156600000.0,,,1199400000.0,145600000.0,,386300000.0,3052400000.0,,990800000.0,4792600000.0,1648600000.0,6883700000.0,10926900000.0,527200000.0,420100000.0,,1668700000.0,,558400000.0,49500000.0,480700000.0,5959500000.0,1923200000.0,-232700000.0,4967400000.0,10926900000.0,,24800000.0,,-71500000.0,38500000.0,,,-34400000.0,,,683400000.0,,,,,0.0,92500000.0,,-600000.0,-87500000.0,,10000000.0,-687300000.0,-99400000.0,
2014-12-31,7039000000.0,,2463000000.0,117300000.0,1493800000.0,,851900000.0,,784300000.0,177300000.0,214900000.0,1.13,1.11,190600000.0,193700000.0,110400000.0,,,1130400000.0,-301000000.0,,366800000.0,2894100000.0,,950000000.0,4741900000.0,1608100000.0,436200000.0,10655200000.0,583100000.0,371800000.0,,1639500000.0,,528300000.0,61600000.0,497700000.0,5991400000.0,2044000000.0,-380300000.0,4663800000.0,10655200000.0,,33600000.0,2000000.0,-9000000.0,3700000.0,,,34500000.0,,,1008400000.0,,,,,12300000.0,129600000.0,,-200000.0,-128300000.0,,12600000.0,-995100000.0,-145600000.0,
2015-03-28,1475000000.0,,510200000.0,29800000.0,309200000.0,,171200000.0,,153500000.0,35300000.0,113900000.0,0.63,0.62,180100000.0,182700000.0,131100000.0,,,1177000000.0,132300000.0,,412500000.0,2976900000.0,,915400000.0,4671800000.0,1559100000.0,6677100000.0,10569400000.0,504900000.0,369700000.0,,1431100000.0,,516300000.0,61000000.0,490400000.0,6146100000.0,2157900000.0,-554600000.0,4423300000.0,10569400000.0,,9700000.0,,85800000.0,88200000.0,,,-60200000.0,,,-133200000.0,,,,,3000000.0,34800000.0,,0.0,19400000.0,,2800000.0,159600000.0,20700000.0,
2015-06-27,3136200000.0,,1076400000.0,58800000.0,628500000.0,,389100000.0,,353400000.0,81300000.0,261700000.0,1.45,1.43,180100000.0,182600000.0,147300000.0,,,1200400000.0,134500000.0,,383900000.0,2902900000.0,,908500000.0,4732100000.0,1587400000.0,6753300000.0,10564700000.0,525900000.0,398300000.0,,1460000000.0,,465100000.0,63700000.0,521000000.0,6012600000.0,2247600000.0,-533800000.0,4552100000.0,10564700000.0,,19400000.0,,-2700000.0,97600000.0,,,-43400000.0,,,185500000.0,,,,,99000000.0,66800000.0,,500000.0,-84200000.0,,4600000.0,-34900000.0,36900000.0,
2015-09-26,4688300000.0,,1616500000.0,88700000.0,958700000.0,,569100000.0,,503000000.0,115700000.0,376900000.0,2.09,2.06,180200000.0,182600000.0,144900000.0,,,1296200000.0,126300000.0,,385700000.0,2964200000.0,,921400000.0,5827400000.0,2515600000.0,8785300000.0,12670900000.0,531000000.0,437400000.0,,1496200000.0,,827900000.0,63900000.0,525600000.0,8135000000.0,2305200000.0,-620300000.0,4535900000.0,12670900000.0,,27500000.0,,-85800000.0,115300000.0,,,-82300000.0,,,395900000.0,,,,,1913000000.0,100600000.0,,800000.0,-1930600000.0,,6000000.0,1612500000.0,34500000.0,
2015-12-31,6449000000.0,,2185800000.0,119600000.0,1334300000.0,,177200000.0,,74100000.0,139100000.0,-76400000.0,-0.42,-0.42,180300000.0,182600000.0,126300000.0,,,1174300000.0,354900000.0,,312300000.0,2780600000.0,,942800000.0,5255400000.0,2490100000.0,388100000.0,11857000000.0,578800000.0,398100000.0,,1486500000.0,,844200000.0,71100000.0,521000000.0,7848200000.0,1791700000.0,-645000000.0,,11857000000.0,,33000000.0,3000000.0,-48800000.0,-1400000.0,,,-8100000.0,,,739300000.0,,,,,1913900000.0,134300000.0,,3600000.0,-1965500000.0,,6000000.0,1286300000.0,15900000.0,
2016-03-31,1575500000.0,,535400000.0,33200000.0,331600000.0,,170600000.0,,135100000.0,27700000.0,107400000.0,0.59,0.59,180700000.0,182400000.0,158100000.0,,,1197700000.0,114600000.0,,381400000.0,3005900000.0,,951800000.0,5250000000.0,2461000000.0,361500000.0,12030200000.0,579000000.0,424900000.0,,1467600000.0,,828700000.0,67100000.0,526700000.0,7946000000.0,1839300000.0,-631700000.0,,12030200000.0,,16100000.0,,90700000.0,11700000.0,,,-4200000.0,,,-15000000.0,,,,,100000.0,38200000.0,,,-32000000.0,,500000.0,77200000.0,31800000.0,
2016-06-30,3308800000.0,,1134600000.0,67100000.0,680000000.0,,387500000.0,,317500000.0,67300000.0,250200000.0,1.38,1.37,180900000.0,183000000.0,173300000.0,,,1133200000.0,118100000.0,,400100000.0,2792800000.0,,937600000.0,5231500000.0,2419600000.0,362300000.0,11743800000.0,531700000.0,445700000.0,,1415900000.0,,815200000.0,70300000.0,512700000.0,7577500000.0,1920200000.0,-646600000.0,,11743800000.0,,22300000.0,,-89700000.0,-36700000.0,,,-47300000.0,,,369500000.0,,,,,0.0,74600000.0,,-3000000.0,-68100000.0,,3200000.0,-248700000.0,47000000.0,
2016-09-30,3701900000.0,,1354000000.0,86900000.0,728200000.0,,538900000.0,,435700000.0,93700000.0,391200000.0,2.16,2.14,181400000.0,183600000.0,170900000.0,,,556200000.0,44300000.0,,287700000.0,2747000000.0,,547300000.0,4251700000.0,1683000000.0,162200000.0,11679000000.0,348200000.0,279600000.0,,1288100000.0,,636400000.0,48900000.0,199500000.0,7323700000.0,2060900000.0,-616500000.0,,11679000000.0,,28700000.0,,-91800000.0,-14000000.0,,,-56900000.0,,,556800000.0,,,,,0.0,94500000.0,,3800000.0,-78500000.0,,8800000.0,-444500000.0,44600000.0,
2016-12-31,4890000000.0,,1794100000.0,114100000.0,979300000.0,,700700000.0,,561000000.0,109400000.0,522200000.0,2.88,2.85,181300000.0,183100000.0,238500000.0,,,524200000.0,218900000.0,,253400000.0,2672000000.0,,538600000.0,4217400000.0,1631800000.0,182100000.0,11534800000.0,436600000.0,222800000.0,,1471200000.0,,609500000.0,36100000.0,162000000.0,7280400000.0,2068100000.0,-736300000.0,,11534800000.0,,34200000.0,-16100000.0,-21300000.0,-34300000.0,,,38000000.0,,,861400000.0,,,,,25000000.0,117800000.0,,5200000.0,-121800000.0,,8000000.0,-600100000.0,112200000.0,
2017-03-31,1183500000.0,,422300000.0,30000000.0,253900000.0,,138400000.0,,103600000.0,22900000.0,87800000.0,0.48,0.48,182000000.0,184000000.0,238100000.0,,,546000000.0,,,264800000.0,2841100000.0,,551900000.0,4295300000.0,1622500000.0,195300000.0,11818000000.0,387300000.0,228900000.0,,1397600000.0,,602200000.0,35000000.0,149200000.0,7443200000.0,2091900000.0,-659000000.0,,11818000000.0,,16400000.0,,130600000.0,8600000.0,,,-55900000.0,,,-106000000.0,,,,,56700000.0,23600000.0,,0.0,-84000000.0,,0.0,169000000.0,-400000.0,
2017-06-30,2448800000.0,,905500000.0,58700000.0,495600000.0,,351200000.0,,190100000.0,41100000.0,351500000.0,1.93,1.91,181900000.0,183900000.0,177800000.0,,,565400000.0,,,247100000.0,1754800000.0,,550900000.0,4314200000.0,1624300000.0,424900000.0,8669100000.0,407800000.0,233700000.0,,1048400000.0,,546500000.0,35200000.0,203400000.0,3765600000.0,2292700000.0,-267300000.0,,8669100000.0,,26000000.0,,-28500000.0,21300000.0,,,-46800000.0,,,155300000.0,,,,,59500000.0,37600000.0,,0.0,2665800000.0,,0.0,-2926800000.0,-60700000.0,
2017-09-30,3675600000.0,,1360800000.0,87100000.0,730300000.0,,543400000.0,,364900000.0,88800000.0,476900000.0,2.62,2.6,181700000.0,183700000.0,108500000.0,,,579200000.0,,,249900000.0,1705800000.0,,547100000.0,4343600000.0,1607300000.0,425000000.0,8628800000.0,383400000.0,227500000.0,,1072600000.0,,549500000.0,33900000.0,219600000.0,3620200000.0,2355300000.0,-235800000.0,,8628800000.0,,32200000.0,,-32100000.0,29400000.0,,,-77500000.0,,,361800000.0,,,,,59500000.0,50500000.0,,0.0,2654600000.0,,0.0,-3201900000.0,-130000000.0,
2017-12-31,4936500000.0,,1829100000.0,115800000.0,1032500000.0,,680800000.0,,489200000.0,9200000.0,666500000.0,3.67,3.63,181700000.0,183700000.0,113300000.0,,,581000000.0,171800000.0,,222900000.0,1748800000.0,,545500000.0,4351100000.0,1558400000.0,429900000.0,8633700000.0,495700000.0,219500000.0,,1199400000.0,,394800000.0,92700000.0,275400000.0,3595900000.0,2481700000.0,-243400000.0,,8633700000.0,,39600000.0,-175100000.0,30900000.0,29400000.0,,,32600000.0,,,620200000.0,,,,,59500000.0,70900000.0,,,2630400000.0,,0.0,-3432600000.0,-125200000.0,
2018-03-31,1269700000.0,,462000000.0,30100000.0,279600000.0,,152300000.0,,131800000.0,27600000.0,102900000.0,0.57,0.57,179200000.0,181500000.0,907500000.0,,,593500000.0,,,232800000.0,2719000000.0,,546500000.0,4380100000.0,1536500000.0,186000000.0,9368100000.0,404000000.0,212900000.0,,1027500000.0,,369100000.0,92300000.0,286800000.0,4648400000.0,2308000000.0,-244800000.0,,9368100000.0,,6000000.0,,146900000.0,6300000.0,,,-94200000.0,,,-167600000.0,,,,,2900000.0,16800000.0,,,-31200000.0,,,997800000.0,794200000.0,
2018-06-30,1513200000.0,,535900000.0,37900000.0,282700000.0,,215300000.0,,172200000.0,35900000.0,144400000.0,0.81,0.8,178100000.0,179900000.0,78700000.0,,,366600000.0,,,129200000.0,996600000.0,,270600000.0,2088800000.0,296500000.0,153500000.0,3806000000.0,275100000.0,158000000.0,,709400000.0,,118400000.0,50900000.0,201500000.0,1917100000.0,27900000.0,-217900000.0,,3806000000.0,,11300000.0,,-52700000.0,15400000.0,,,-45900000.0,,,171900000.0,,,,,900000.0,20300000.0,,,-41600000.0,,,-161100000.0,-7600000.0,
2018-09-30,2224600000.0,1444900000.0,779700000.0,57000000.0,399000000.0,,323700000.0,,274000000.0,46500000.0,254500000.0,1.44,1.43,176800000.0,178500000.0,64700000.0,,,387300000.0,,,135200000.0,989600000.0,,274200000.0,2097000000.0,289400000.0,159300000.0,3809500000.0,261300000.0,156000000.0,,707400000.0,,106300000.0,51000000.0,207000000.0,1929300000.0,107500000.0,-221000000.0,,3809500000.0,,16400000.0,,-73500000.0,36300000.0,,,-60100000.0,,,284600000.0,,,,,900000.0,33800000.0,,,-55000000.0,,,-268400000.0,-21600000.0,
2018-12-31,2965100000.0,1917400000.0,1047700000.0,76700000.0,534300000.0,,436700000.0,,379800000.0,58100000.0,347400000.0,1.98,1.96,175800000.0,177300000.0,74300000.0,,,387500000.0,107100000.0,,89400000.0,1039400000.0,,272600000.0,2072700000.0,276300000.0,145500000.0,3806500000.0,378600000.0,149200000.0,,818700000.0,,105900000.0,46800000.0,168200000.0,1970400000.0,169200000.0,-228600000.0,,3806500000.0,,20900000.0,-4100000.0,15300000.0,40100000.0,,,58300000.0,,,439100000.0,,,,,900000.0,48200000.0,,,-68800000.0,,,-407900000.0,-12000000.0,
2019-03-31,688900000.0,453300000.0,235600000.0,20700000.0,147300000.0,,67600000.0,,63200000.0,10800000.0,51300000.0,0.3,0.3,171600000.0,172500000.0,78900000.0,,,421800000.0,,,105200000.0,1251600000.0,,279100000.0,2283000000.0,361500000.0,207000000.0,4382200000.0,265300000.0,164900000.0,,705300000.0,,124600000.0,46800000.0,221400000.0,2511800000.0,189500000.0,-225900000.0,,4382200000.0,,5400000.0,,154000000.0,22200000.0,,,-118200000.0,,,-256300000.0,,,,,287200000.0,16800000.0,,1500000.0,-304500000.0,,,559000000.0,4600000.0,
2019-06-30,1488400000.0,966100000.0,522300000.0,41400000.0,279500000.0,,201400000.0,,200400000.0,32900000.0,165600000.0,0.97,0.97,170600000.0,171400000.0,80500000.0,,,396700000.0,,,104700000.0,1041500000.0,,280300000.0,2287500000.0,354200000.0,206500000.0,4170000000.0,261700000.0,173900000.0,,710200000.0,,119800000.0,46300000.0,229100000.0,2363400000.0,273400000.0,-230200000.0,,4170000000.0,,10700000.0,,-32200000.0,-3100000.0,,,-123100000.0,,,96700000.0,,,,,284500000.0,29800000.0,,1500000.0,-314700000.0,,,222400000.0,6200000.0,
2019-09-30,2202000000.0,1424700000.0,777300000.0,61200000.0,405900000.0,,310200000.0,,301600000.0,42800000.0,257900000.0,1.52,1.51,169700000.0,170300000.0,113200000.0,,,390300000.0,,,95100000.0,1002600000.0,,277900000.0,2261000000.0,341400000.0,197500000.0,4080400000.0,253400000.0,133800000.0,,694200000.0,,111400000.0,45800000.0,199200000.0,2211600000.0,335300000.0,-234100000.0,,4080400000.0,,15300000.0,,-82800000.0,-4000000.0,,,-128800000.0,,,264700000.0,,,,,284500000.0,44600000.0,,1500000.0,-329500000.0,,,97800000.0,38900000.0,
2019-12-31,2957200000.0,1905700000.0,1051500000.0,78900000.0,540100000.0,,432500000.0,,407500000.0,45800000.0,355700000.0,2.1,2.09,169400000.0,170400000.0,82500000.0,,,377400000.0,149900000.0,,99100000.0,1061900000.0,,283200000.0,2258300000.0,339200000.0,196900000.0,4139500000.0,325100000.0,136500000.0,,749000000.0,,104400000.0,45400000.0,206700000.0,2185600000.0,401000000.0,-226500000.0,,4139500000.0,,21400000.0,-18400000.0,17500000.0,-13600000.0,,,-63600000.0,,,353000000.0,,,,,287800000.0,58500000.0,,1500000.0,-331900000.0,,,-17100000.0,8200000.0,
2020-03-31,710000000.0,458400000.0,251600000.0,19000000.0,131900000.0,,100700000.0,,92600000.0,19900000.0,72700000.0,0.43,0.43,167800000.0,168700000.0,,,,392400000.0,,,112900000.0,1339600000.0,,280700000.0,2256800000.0,326500000.0,2806400000.0,4426700000.0,268200000.0,145300000.0,19500000.0,682800000.0,,,45500000.0,190700000.0,2534200000.0,442100000.0,-225200000.0,,4426700000.0,,6200000.0,,167100000.0,20100000.0,,,-49900000.0,,,-162400000.0,,,,,7200000.0,18700000.0,,0.0,-25800000.0,,,278800000.0,86800000.0,
2020-06-30,1423300000.0,926600000.0,496700000.0,36300000.0,248600000.0,,211800000.0,,196200000.0,49700000.0,144800000.0,0.87,0.86,166800000.0,167500000.0,90600000.0,,,396500000.0,,,112800000.0,1001700000.0,,284700000.0,2302100000.0,325400000.0,2829700000.0,4116100000.0,256000000.0,152100000.0,21000000.0,750600000.0,,,45500000.0,195600000.0,2166400000.0,482500000.0,-214800000.0,,4116100000.0,,10400000.0,,-103100000.0,17700000.0,,,-64200000.0,,,266000000.0,,,,,28500000.0,30500000.0,,0.0,-58900000.0,,,-188700000.0,8100000.0,
2020-09-30,2221800000.0,1447700000.0,774100000.0,55600000.0,378600000.0,,339900000.0,,321400000.0,64100000.0,255600000.0,1.53,1.53,166600000.0,167400000.0,82600000.0,,,401700000.0,,,117100000.0,963500000.0,,291100000.0,2329600000.0,323300000.0,2848900000.0,4103500000.0,276600000.0,435300000.0,21700000.0,818900000.0,,,45600000.0,223100000.0,2053700000.0,561600000.0,-212300000.0,,4103500000.0,,15200000.0,,-147300000.0,17700000.0,,,-46700000.0,,,500300000.0,,,,,28500000.0,44400000.0,,-2200000.0,-70600000.0,,,-414800000.0,100000.0,
2020-12-31,3017800000.0,1960200000.0,1057600000.0,75700000.0,520500000.0,,461400000.0,,432100000.0,75000000.0,358600000.0,2.15,2.14,166500000.0,167400000.0,,,,420000000.0,151200000.0,,105500000.0,975100000.0,,301200000.0,2392200000.0,325900000.0,,4197200000.0,245100000.0,410400000.0,22500000.0,772500000.0,,,44800000.0,269400000.0,2090900000.0,631200000.0,-207300000.0,,4197200000.0,,20300000.0,4600000.0,-148300000.0,29100000.0,,,-81900000.0,,,573600000.0,,,,,58000000.0,62200000.0,,-2200000.0,-117900000.0,,,-435900000.0,-400000.0,
2021-03-31,865900000.0,550700000.0,315200000.0,21500000.0,136600000.0,,157100000.0,,151600000.0,20500000.0,128600000.0,0.77,0.77,166200000.0,167700000.0,95000000.0,,,429100000.0,,,118000000.0,1208500000.0,,293400000.0,2367200000.0,315500000.0,2882200000.0,4384100000.0,297100000.0,425800000.0,23600000.0,823900000.0,,,44900000.0,231400000.0,2190300000.0,726500000.0,-211000000.0,,4384100000.0,,5600000.0,,202400000.0,12500000.0,,,54800000.0,,,-19000000.0,,,,,0.0,13200000.0,,,-9800000.0,,,34600000.0,12900000.0,
2021-06-30,1807000000.0,1150800000.0,656200000.0,42500000.0,294800000.0,,318900000.0,,309300000.0,45600000.0,260700000.0,1.57,1.55,166100000.0,167800000.0,95900000.0,,,463400000.0,,,112700000.0,1107300000.0,,297100000.0,2402100000.0,348400000.0,2950300000.0,4354700000.0,315300000.0,489700000.0,26000000.0,931100000.0,,,44900000.0,239100000.0,2083100000.0,825300000.0,-206700000.0,,4354700000.0,,16600000.0,,49800000.0,31900000.0,,,51300000.0,,,360800000.0,,,,,82800000.0,24300000.0,,-2700000.0,-100900000.0,,,-251200000.0,13800000.0,
2021-09-30,2776200000.0,1785200000.0,991000000.0,64400000.0,440400000.0,,486200000.0,,475100000.0,67700000.0,404300000.0,2.44,2.41,166000000.0,167700000.0,173200000.0,,,504600000.0,,,110700000.0,1249500000.0,,296800000.0,2386500000.0,339600000.0,2926500000.0,4472800000.0,342500000.0,527200000.0,30700000.0,1016000000.0,,,45000000.0,224800000.0,2134700000.0,935800000.0,-213600000.0,,4472800000.0,,20800000.0,,78200000.0,76100000.0,,,79300000.0,,,540100000.0,,,,,83600000.0,38600000.0,,-2700000.0,-114400000.0,,,-341800000.0,91100000.0,
2021-12-31,3764800000.0,2445600000.0,1319200000.0,85900000.0,596400000.0,,636900000.0,,626800000.0,70800000.0,553000000.0,3.34,3.3,165800000.0,167500000.0,,,,562900000.0,170600000.0,,112300000.0,1304000000.0,,310000000.0,2504500000.0,428000000.0,,4753600000.0,385700000.0,525900000.0,31200000.0,1051700000.0,,,34100000.0,202900000.0,2331700000.0,1051400000.0,-213900000.0,,4753600000.0,,29800000.0,-9000000.0,142000000.0,121400000.0,,,114200000.0,,,613200000.0,,,,,338500000.0,60200000.0,,-2700000.0,-390700000.0,,,-222200000.0,12400000.0,
2022-03-31,999600000.0,667400000.0,332200000.0,22300000.0,164100000.0,,145800000.0,,140000000.0,21500000.0,117600000.0,0.71,0.7,165300000.0,166500000.0,102300000.0,,,656200000.0,,,134600000.0,1541700000.0,,315000000.0,2493400000.0,420000000.0,3119200000.0,4975900000.0,396800000.0,515600000.0,30000000.0,1014400000.0,,,34000000.0,189600000.0,2472000000.0,1132600000.0,-214700000.0,,4975900000.0,,6900000.0,,116100000.0,95100000.0,,,10400000.0,,,-131500000.0,,,,,1400000.0,17700000.0,,,-19100000.0,,,153800000.0,7800000.0,
2022-06-30,2063800000.0,1372100000.0,691700000.0,45400000.0,309700000.0,,336600000.0,,321500000.0,50000000.0,270500000.0,1.64,1.63,165000000.0,166000000.0,135100000.0,,,695000000.0,,,139300000.0,1462600000.0,,318400000.0,2454800000.0,407800000.0,3091200000.0,4872200000.0,372500000.0,582100000.0,35400000.0,1056100000.0,,,34100000.0,181400000.0,2309200000.0,1250900000.0,-230100000.0,,4872200000.0,,13200000.0,,-31400000.0,144100000.0,,,-10000000.0,,,175300000.0,,,,,1400000.0,40100000.0,,0.0,-29800000.0,,,-113800000.0,40600000.0,
2022-09-30,3118900000.0,2079100000.0,1039800000.0,69100000.0,487000000.0,,483700000.0,,449200000.0,62300000.0,385900000.0,2.34,2.32,164800000.0,165800000.0,118800000.0,,,778700000.0,,,135300000.0,1562500000.0,,339100000.0,3202500000.0,1110700000.0,4607000000.0,6508600000.0,372000000.0,625600000.0,39300000.0,1100500000.0,,,34100000.0,185900000.0,3869400000.0,1331800000.0,-243600000.0,,6508600000.0,,20600000.0,,-24300000.0,170600000.0,,,-36700000.0,,,270500000.0,,,,,1592800000.0,63200000.0,,-300000.0,-1643900000.0,,,1385500000.0,24300000.0,
2022-12-31,4121800000.0,2757200000.0,1364600000.0,92200000.0,677100000.0,,595300000.0,,550600000.0,67400000.0,480900000.0,2.92,2.9,164800000.0,165600000.0,,,,790000000.0,232500000.0,,128100000.0,1558500000.0,,344500000.0,3252600000.0,1094600000.0,,6447500000.0,355000000.0,602100000.0,43800000.0,1063100000.0,,,35100000.0,244900000.0,3739400000.0,1390500000.0,-239000000.0,,6447500000.0,,24900000.0,-44800000.0,-30400000.0,187000000.0,,,-56900000.0,,,363300000.0,,,,,1580900000.0,85200000.0,,-300000.0,-1582800000.0,,,1232700000.0,14400000.0,
2023-03-31,1028600000.0,646800000.0,381800000.0,24900000.0,173300000.0,,183600000.0,,150500000.0,22000000.0,129700000.0,0.79,0.79,164800000.0,165800000.0,119200000.0,,,782800000.0,,,146600000.0,1766700000.0,,348800000.0,3263200000.0,1081900000.0,4555700000.0,6671200000.0,331300000.0,576200000.0,44900000.0,1001600000.0,,,35200000.0,253300000.0,3861700000.0,1483900000.0,-234100000.0,,6671200000.0,,7200000.0,,184800000.0,-6000000.0,,,-24900000.0,,,-106600000.0,,,,,-200000.0,16600000.0,,,-16200000.0,,,133300000.0,10300000.0,
2023-06-30,2111100000.0,1329800000.0,781300000.0,50800000.0,338400000.0,,392100000.0,,332000000.0,49300000.0,282600000.0,1.71,1.7,165000000.0,166100000.0,141600000.0,,,753900000.0,,,147300000.0,1570000000.0,,349900000.0,3265500000.0,1068400000.0,4588400000.0,6508300000.0,329700000.0,624800000.0,51400000.0,1060600000.0,,,34400000.0,286100000.0,3573000000.0,1600400000.0,-236600000.0,,6508300000.0,,14100000.0,,-7400000.0,-33600000.0,,,-25800000.0,,,338500000.0,,,,,-200000.0,35400000.0,,-4100000.0,-26100000.0,,,-276000000.0,32700000.0,
2023-09-30,3119900000.0,1966800000.0,1153100000.0,76300000.0,504600000.0,,572200000.0,,484900000.0,70100000.0,414700000.0,2.51,2.5,165200000.0,166600000.0,137000000.0,,,712600000.0,,,142800000.0,1499400000.0,,350500000.0,3242500000.0,1051700000.0,4561100000.0,6411000000.0,286100000.0,598300000.0,52700000.0,1001900000.0,,,34500000.0,264800000.0,3370100000.0,1696100000.0,-242100000.0,,6411000000.0,,21300000.0,,-23900000.0,-67800000.0,,,-63800000.0,,,500700000.0,,,,,600000.0,54800000.0,,-4100000.0,-45900000.0,,,-426200000.0,28100000.0,
2023-12-31,4104500000.0,2585300000.0,1519200000.0,99800000.0,680200000.0,,739200000.0,,618900000.0,-4000000.0,622700000.0,3.77,3.75,165100000.0,166300000.0,,,,677700000.0,73200000.0,,159300000.0,1569000000.0,,362000000.0,3274600000.0,1042400000.0,,6563300000.0,278900000.0,545300000.0,46900000.0,949600000.0,,,35600000.0,294700000.0,3346200000.0,1866200000.0,-244400000.0,,6563300000.0,,29100000.0,-92500000.0,24400000.0,-109600000.0,,,-75100000.0,,,619200000.0,,,,,600000.0,76000000.0,,-4100000.0,-85400000.0,,,-468100000.0,61400000.0,
2024-03-31,1017200000.0,627100000.0,390100000.0,24100000.0,185200000.0,,180800000.0,,153400000.0,19900000.0,133300000.0,0.8,0.8,165700000.0,167200000.0,109100000.0,,,675100000.0,,,157000000.0,1748600000.0,,363100000.0,3255800000.0,1026200000.0,4627000000.0,6738700000.0,308800000.0,514500000.0,39000000.0,919300000.0,,,36000000.0,295800000.0,3411500000.0,1961300000.0,-243400000.0,,6738700000.0,,7900000.0,,249500000.0,3200000.0,,,33000000.0,,,-107600000.0,,,,,0.0,19300000.0,,,-19300000.0,,,63200000.0,-61200000.0,
2024-06-30,2116500000.0,1288500000.0,828000000.0,48900000.0,350300000.0,,428800000.0,,374300000.0,54700000.0,319400000.0,1.93,1.91,165900000.0,167300000.0,214300000.0,,,647500000.0,,,133900000.0,1563500000.0,,361400000.0,3250600000.0,1012400000.0,4623100000.0,6548000000.0,295000000.0,548100000.0,28200000.0,950400000.0,,,36200000.0,301600000.0,3115100000.0,2109300000.0,-247300000.0,,6548000000.0,,16300000.0,,10700000.0,-23500000.0,,,19400000.0,,,431600000.0,,,,,0.0,36300000.0,,500000.0,-36800000.0,,,-351100000.0,44000000.0,
2024-09-30,3109900000.0,1888700000.0,1221200000.0,71800000.0,540700000.0,,608700000.0,,534500000.0,75300000.0,459000000.0,2.77,2.75,165700000.0,167200000.0,218100000.0,,,645900000.0,,,128000000.0,1489100000.0,,358500000.0,3280800000.0,1002800000.0,4625000000.0,6472600000.0,286400000.0,525700000.0,33900000.0,928800000.0,,,35600000.0,305400000.0,2973800000.0,2210900000.0,-250500000.0,,6472600000.0,,26300000.0,,-66200000.0,-30100000.0,,,7300000.0,,,680200000.0,,,,,0.0,51700000.0,,500000.0,-68200000.0,,,-560000000.0,47800000.0,
,,,,,,,,,,,,,,,,,,,,,,,,,,,,,,,,,,,,,,,,,,,,,,,,,,,,,,,,,,,,,,,,,,,
,,,,,,,,,,,,,,,,,,,,,,,,,,,,,,,,,,,,,,,,,,,,,,,,,,,,,,,,,,,,,,,,,,,
