Date,Net sales,Cost of sales,Gross margin,Research and development,"Selling, general and administrative",Total operating expenses,Operating income,"Other income/(expense), net",Income before provision for income taxes,Provision for income taxes,Net income,Earnings per share basic,Earnings per share diluted,Weighted-average basic,Weighted-average diluted,Cash and cash equivalents,Short-term marketable securities,"Accounts receivable, net",Inventories,Deferred tax assets,Vendor non-trade receivables,Other current assets,Total current assets,Long-term marketable securities,"Property, Plant and Equipment, Net",Goodwill,"Acquired intangible assets, net","Other Assets, Noncurrent",Total assets,accounts payable,Accrued expenses,Deferred revenue,Total current liabilities,Deferred revenue - non-current,deferred tax liabilities,long term taxes payable,Total other non-current liabilities,Total liabilities,Retained Earnings (Accumulated Deficit),Accumulated other comprehensive (loss)/income,Total shareholders equity,Total liabilities and shareholders' equity,"Depreciation, amortization and accretion",Stock-based compensation expense,Deferred income tax expense,"Increase (Decrease) in Accounts receivable, net",Increase (Decrease) in Inventories,Increase (Decrease) in Other Receivables,Increase (Decrease) in Other Operating Assets,Increase (Decrease) in Accounts Payable,Increase (Decrease) in Deferred Revenue,Increase (Decrease) Other liabilities,Cash generated by operating activities,Purchases of marketable securities,Proceeds from maturities of marketable securities,Proceeds from sales of marketable securities,Purchases of other long-term investments,"Business acquisitions, net of cash acquired",Cash payments for capital asset purchases,Payments for acquisition of intangible assets,Payments for (Proceeds from) Other Investing Activities,Cash used in investing activities,Proceeds from issuance of common stock,Excess tax benefits from stock-based compensation,Cash generated/used in financing activities,Increase/(decrease) in cash and cash equivalents,"Cash paid for income taxes, net"
2010-06-30,1440949000.0,,,,,1180008000.0,260941000.0,5578000.0,,51829000.0,114797000.0,1.07,1.07,107355000.0,107764000.0,50502000.0,,,,187216000.0,,44543000.0,1086786000.0,,8531950000.0,,168233000.0,109788000.0,12158200000.0,261203000.0,105112000.0,,1227109000.0,,1696990000.0,,130458000.0,,1239865000.0,-169180000.0,3479548000.0,12158200000.0,229964000.0,,50972000.0,7133000.0,-13577000.0,,5542000.0,45313000.0,,-51926000.0,201414000.0,,,,,,378579000.0,,-3850000.0,-277869000.0,254612000.0,,-18421000.0,-94876000.0,-3944000.0
2010-09-30,2580034000.0,,,,,1915468000.0,664566000.0,11595000.0,,168143000.0,342703000.0,3.24,3.22,108632000.0,109094000.0,195915000.0,,,,134012000.0,,43983000.0,1243332000.0,,8527699000.0,,178666000.0,112797000.0,12435487000.0,253565000.0,141547000.0,,967807000.0,,1868860000.0,,127243000.0,,1473683000.0,-173260000.0,3716926000.0,12435487000.0,350762000.0,,281486000.0,103973000.0,-19011000.0,,51659000.0,36687000.0,,-28547000.0,569500000.0,,,,,,552707000.0,,-9621000.0,-377219000.0,255156000.0,,-141744000.0,50537000.0,-22165000.0
2010-12-31,3263645000.0,,,,,2539761000.0,723884000.0,18670000.0,,164321000.0,350053000.0,3.28,3.27,106573000.0,107138000.0,110188000.0,,,,94602000.0,,28362000.0,931930000.0,,8687756000.0,,184952000.0,116216000.0,12362703000.0,236354000.0,139063000.0,,1310736000.0,,1833566000.0,,132031000.0,,1423961000.0,-159767000.0,3683327000.0,12362703000.0,472807000.0,,260411000.0,67943000.0,-12276000.0,,43189000.0,9125000.0,,-101456000.0,750457000.0,,,,,,748374000.0,,-8576000.0,-575900000.0,255971000.0,,-209747000.0,-35190000.0,-23447000.0
2011-03-31,659575000.0,,,,,622434000.0,37141000.0,5386000.0,,-5649000.0,-15135000.0,-0.14,-0.14,108832000.0,108832000.0,114193000.0,,,,124244000.0,,31868000.0,958017000.0,,8690431000.0,,182855000.0,64429000.0,12302890000.0,215968000.0,103363000.0,,1674212000.0,,1775368000.0,,144770000.0,,1351716000.0,-149321000.0,3631411000.0,12302890000.0,123298000.0,,-41005000.0,-75528000.0,-21421000.0,,33129000.0,-24543000.0,,35421000.0,243496000.0,,,,,,191553000.0,,1879000.0,-192795000.0,11727000.0,,-46696000.0,4005000.0,0.0
2011-06-30,1448646000.0,,,,,1215870000.0,232776000.0,8639000.0,144003000.0,50818000.0,86685000.0,0.8,0.79,109044000.0,109718000.0,92274000.0,,,,113243000.0,,30103000.0,1036853000.0,,8676011000.0,,177845000.0,63726000.0,12474080000.0,271759000.0,132801000.0,,1831294000.0,,1825077000.0,,142191000.0,,1323892000.0,-142675000.0,3613705000.0,12474080000.0,245700000.0,,11945000.0,-43271000.0,18226000.0,,26185000.0,37817000.0,,57748000.0,436279000.0,,,,,,387272000.0,,2352000.0,-328329000.0,14520000.0,,-125864000.0,-17914000.0,
2011-09-30,2573487000.0,,,,,1905694000.0,667793000.0,13406000.0,512319000.0,176229000.0,,3.0,2.98,109128000.0,109861000.0,564712000.0,,,,107732000.0,,29183000.0,1591235000.0,,8738646000.0,,176401000.0,63731000.0,13150363000.0,281647000.0,150764000.0,,1783268000.0,,1955458000.0,,170928000.0,,1579240000.0,-121544000.0,3894085000.0,13150363000.0,370107000.0,,131582000.0,47410000.0,25532000.0,,10678000.0,29340000.0,,74565000.0,920506000.0,,,,,,643261000.0,,2346000.0,-534292000.0,14953000.0,,68310000.0,454524000.0,5676000.0
2011-12-31,3241379000.0,,,,,2494871000.0,746508000.0,16367000.0,539238000.0,183604000.0,,3.11,3.09,109053000.0,109864000.0,33583000.0,,,,-1794817000.0,,26904000.0,956470000.0,,9043980000.0,,170571000.0,64588000.0,13111018000.0,326987000.0,148616000.0,,1342705000.0,,1925388000.0,,217934000.0,,1534483000.0,-152163000.0,3821850000.0,13111018000.0,493784000.0,,176192000.0,-40626000.0,23398000.0,,41722000.0,58346000.0,,58484000.0,1125583000.0,,,,,,884350000.0,,3306000.0,-782007000.0,15841000.0,,-420181000.0,-76605000.0,10324000.0
2012-03-31,620631000.0,,,,,572624000.0,48007000.0,1448000.0,-4361000.0,-4645000.0,,-0.08,-0.08,109299000.0,109299000.0,20710000.0,,,,141224000.0,,32219000.0,904800000.0,,9152805000.0,,170198000.0,64415000.0,13183914000.0,265975000.0,115618000.0,,1157899000.0,,1918995000.0,,219700000.0,,1468869000.0,-167777000.0,3744917000.0,13183914000.0,118487000.0,,-1989000.0,-52264000.0,13753000.0,,21469000.0,-39355000.0,,22362000.0,115335000.0,,,,,,240973000.0,,533000.0,-235099000.0,4289000.0,,106891000.0,-12873000.0,-650000.0
2012-06-30,1499207000.0,,,,,1196711000.0,302496000.0,4131000.0,207619000.0,76689000.0,,1.12,1.11,109491000.0,110359000.0,11228000.0,,,,87690000.0,,33496000.0,947416000.0,,9205089000.0,,163727000.0,64800000.0,13214407000.0,316329000.0,139561000.0,,1104323000.0,,1946540000.0,,209645000.0,,1476259000.0,-150318000.0,3778035000.0,13214407000.0,239743000.0,,66142000.0,21424000.0,21012000.0,,1692000.0,9199000.0,,5035000.0,458635000.0,,,,,,424775000.0,,525000.0,-414722000.0,8869000.0,,-66268000.0,-22355000.0,-649000.0
2012-09-30,2608682000.0,,,,,1858216000.0,750466000.0,4563000.0,603248000.0,219160000.0,,3.28,3.25,109555000.0,110655000.0,79479000.0,,,,95487000.0,,28062000.0,1098852000.0,,9214182000.0,,152665000.0,62428000.0,13460286000.0,231151000.0,157281000.0,,949348000.0,,2115316000.0,,248082000.0,,1721050000.0,-119475000.0,4056242000.0,13460286000.0,360570000.0,,206501000.0,76697000.0,23873000.0,,15205000.0,-69776000.0,,37181000.0,929471000.0,,,,,,670684000.0,,520000.0,-653118000.0,9684000.0,,-230457000.0,45896000.0,-651000.0
2012-12-31,3301804000.0,,,,,2450049000.0,851755000.0,4200000.0,656310000.0,237317000.0,,3.48,3.45,109510000.0,110527311.0,26202000.0,,,,-1999180000.0,,37102000.0,1005726000.0,,9416754000.0,,162150000.0,62694000.0,13379615000.0,221312000.0,171573000.0,,1083542000.0,,2151371000.0,,283654000.0,,1624102000.0,-114008000.0,3972806000.0,13379615000.0,481262000.0,,228602000.0,-14587000.0,23043000.0,,-6872000.0,-96600000.0,,29801000.0,1171122000.0,,,,,,889551000.0,,1099000.0,-872994000.0,15955000.0,,-305509000.0,-7381000.0,2543000.0
2013-03-31,686652000.0,,,,,599729000.0,86923000.0,3870000.0,45305000.0,12469000.0,,0.22,0.22,109832000.0,110835000.0,25109000.0,,,,75866000.0,,39050000.0,871777000.0,,9497200000.0,,162978000.0,64325000.0,13300927000.0,212078000.0,124456000.0,,891511000.0,,2064476000.0,,307253000.0,,1648521000.0,-107931000.0,4014455000.0,13300927000.0,124344000.0,,12163000.0,-3931000.0,9386000.0,,31202000.0,11925000.0,,37904000.0,212157000.0,,,,,,182859000.0,,470000.0,-176720000.0,9441000.0,,-36530000.0,-1093000.0,425000.0
2013-06-30,1602474000.0,,,,,1255739000.0,346735000.0,8370000.0,261946000.0,89512000.0,,1.42,1.4,109962000.0,110932000.0,27803000.0,,,,105146000.0,,42717000.0,1066289000.0,,9481081000.0,,162715000.0,64304000.0,13562694000.0,287368000.0,154196000.0,,1537218000.0,,2175865000.0,,191259000.0,,1659868000.0,-104457000.0,4032165000.0,13562694000.0,249482000.0,,68526000.0,79408000.0,4002000.0,,23796000.0,85563000.0,,21753000.0,454256000.0,,,,,,376601000.0,,262000.0,-371878000.0,9751000.0,,-80777000.0,1601000.0,-9000.0
2013-09-30,2754866000.0,,,,,1992443000.0,762423000.0,6664000.0,628576000.0,221424000.0,,3.47,3.44,110009000.0,111053000.0,135457000.0,,,,87490000.0,,36805000.0,1350486000.0,,9496497000.0,,160134000.0,60219000.0,13822671000.0,250023000.0,181639000.0,,1446943000.0,,2363783000.0,,178053000.0,,1886038000.0,-89335000.0,4275804000.0,13822671000.0,377971000.0,,256132000.0,178029000.0,8914000.0,,24345000.0,44704000.0,,-2884000.0,882330000.0,,,,,,581515000.0,,1553000.0,-571956000.0,10396000.0,,-201119000.0,109255000.0,3412000.0
2013-12-31,3454628000.0,,,,,2608305000.0,846323000.0,11261000.0,670557000.0,230591000.0,,3.69,3.66,109984000.0,110806000.0,9526000.0,,,,-2260730000.0,,39895000.0,1043609000.0,,9900245000.0,,157689000.0,60875000.0,13508686000.0,284516000.0,158540000.0,,1618644000.0,,2351882000.0,,185659000.0,,1785273000.0,-78053000.0,4194470000.0,13508686000.0,492322000.0,,249296000.0,44991000.0,11878000.0,,41757000.0,45414000.0,,-24682000.0,1153307000.0,,,,,,1016322000.0,,2059000.0,-1009401000.0,17319000.0,,-160582000.0,-16676000.0,18537000.0
2014-03-31,686251000.0,,,,,611081000.0,75170000.0,5125000.0,31096000.0,6405000.0,,0.14,0.14,110257000.0,110888000.0,103421000.0,,,,58630000.0,,45780000.0,897930000.0,,9896164000.0,,144446000.0,60753000.0,13450797000.0,224820000.0,136128000.0,,1394643000.0,,2359689000.0,,184666000.0,,1801047000.0,-74902000.0,4222786000.0,13450797000.0,122394000.0,,8810000.0,-25986000.0,187000.0,,9636000.0,-50990000.0,,-34861000.0,249157000.0,,,,,,207459000.0,,702000.0,-208508000.0,9390000.0,,53246000.0,93895000.0,-131078000.0
2014-06-30,1592515000.0,,,,,1263232000.0,329283000.0,14897000.0,247020000.0,80945000.0,,1.34,1.34,110565000.0,111002000.0,9161000.0,,,,83633000.0,,48457000.0,999072000.0,,10059420000.0,,137037000.0,61380000.0,13690317000.0,320779000.0,165123000.0,,1554707000.0,,2396026000.0,,196143000.0,,1808232000.0,-74217000.0,4233890000.0,13690317000.0,246371000.0,,32611000.0,64986000.0,9435000.0,,19243000.0,30725000.0,,-22735000.0,465066000.0,,,,,,388752000.0,,678000.0,-392968000.0,12625000.0,,-72463000.0,-365000.0,-131154000.0
2014-09-30,2765182000.0,,,,,2014124000.0,751058000.0,20108000.0,629859000.0,215698000.0,,3.55,3.53,110686000.0,111103000.0,10471000.0,,,,61201000.0,,40673000.0,1040932000.0,,9942348000.0,,127560000.0,60427000.0,13980348000.0,278835000.0,195938000.0,,1448518000.0,,2505150000.0,,177464000.0,,2052207000.0,-62402000.0,4491916000.0,13980348000.0,371722000.0,,136777000.0,149053000.0,3346000.0,,50005000.0,-7171000.0,,-54122000.0,886918000.0,,,,,,618658000.0,,-339000.0,-633757000.0,14860000.0,,-252216000.0,945000.0,-131154000.0
2014-12-31,3491632000.0,,,,,2680390000.0,811242000.0,18652000.0,644401000.0,220705000.0,,3.59,3.58,110626000.0,111178000.0,7604000.0,,,,-2460404000.0,,38817000.0,973435000.0,,10145312000.0,,119755000.0,54047000.0,14313532000.0,295211000.0,178962000.0,,1559143000.0,,2582636000.0,,188286000.0,,1926065000.0,-68141000.0,4367493000.0,14313532000.0,496487000.0,,159023000.0,52672000.0,-3724000.0,,59344000.0,-353000.0,,-78210000.0,1099627000.0,,,,,,910634000.0,,-347000.0,-922668000.0,15288000.0,,-178881000.0,-1922000.0,-102154000.0
2015-03-31,671219000.0,,,,,603535000.0,67684000.0,5173000.0,28674000.0,7947000.0,,0.15,0.14,110916000.0,111377000.0,11664000.0,,,,113521000.0,,45135000.0,935442000.0,,10098866000.0,,127620000.0,51449000.0,14435703000.0,271489000.0,150432000.0,,1373976000.0,,2586180000.0,,191487000.0,,1942194000.0,-66382000.0,4396793000.0,14435703000.0,141494000.0,,6978000.0,-39174000.0,9995000.0,,14432000.0,-35673000.0,,8261000.0,144148000.0,,,,,,251041000.0,,470000.0,-232817000.0,9690000.0,,92729000.0,4060000.0,1832000.0
2015-06-30,1561867000.0,,,,,1262210000.0,299657000.0,12084000.0,223552000.0,75318000.0,,1.25,1.25,110986000.0,111460000.0,13557000.0,,,,77841000.0,,44827000.0,1031756000.0,,10429244000.0,,127742000.0,51987000.0,14701483000.0,326119000.0,162742000.0,,1339859000.0,,2614274000.0,,196178000.0,,1933256000.0,-65600000.0,4392836000.0,14701483000.0,282218000.0,,65377000.0,17402000.0,18311000.0,,4817000.0,36634000.0,,-33811000.0,394294000.0,,,,,,531035000.0,,2068000.0,-509503000.0,12161000.0,,121162000.0,5953000.0,1834000.0
2015-09-30,2761013000.0,,,,,2016245000.0,744768000.0,14330000.0,625085000.0,214873000.0,,3.57,3.55,111036000.0,111616000.0,13007000.0,,,,57857000.0,,38439000.0,1061979000.0,,10459587000.0,,134937000.0,52486000.0,14875018000.0,233970000.0,208076000.0,,1523362000.0,,2673394000.0,,184001000.0,,2190387000.0,-63990000.0,4653651000.0,14875018000.0,428121000.0,,168071000.0,107263000.0,22537000.0,,-15042000.0,-53247000.0,,-109725000.0,821373000.0,,,,,,778700000.0,,2830000.0,-772788000.0,12543000.0,,-43182000.0,5403000.0,2692000.0
2015-12-31,3495443000.0,,,,,2640841000.0,854602000.0,18013000.0,,237720000.0,,3.94,3.92,111026000.0,111552000.0,39488000.0,,,,0.0,,37242000.0,890516000.0,,10628138000.0,,123975000.0,52518000.0,15028258000.0,297480000.0,197861000.0,,1442317000.0,,2723425000.0,,186345000.0,,2092803000.0,-44748000.0,4583917000.0,15028258000.0,571664000.0,,236819000.0,22219000.0,23945000.0,,-2426000.0,-34266000.0,,-81959000.0,1094327000.0,,,,,,1076087000.0,,3184000.0,-1066233000.0,19373000.0,,3790000.0,31884000.0,6550000.0
2016-03-31,677167000.0,,,,,627005000.0,50162000.0,6595000.0,11240000.0,1914000.0,,0.04,0.04,111296000.0,111847000.0,14484000.0,,,,,,40480000.0,826025000.0,,10615032000.0,,116014000.0,52679000.0,15185101000.0,234946000.0,180319000.0,,1585902000.0,,2726220000.0,,194560000.0,,2097246000.0,-43770000.0,4599999000.0,15185101000.0,140759000.0,,3468000.0,-47282000.0,-1525000.0,,17504000.0,-38443000.0,,4536000.0,144209000.0,,,,,,378500000.0,,472000.0,-372305000.0,,,203092000.0,-25004000.0,2502000.0
2016-06-30,1592561000.0,,,,,1310651000.0,281910000.0,14319000.0,203164000.0,67656000.0,,1.13,1.12,111368000.0,112004000.0,43040000.0,,,,,,42979000.0,963387000.0,,10930105000.0,,108751000.0,54401000.0,15538565000.0,316589000.0,265498000.0,,1478544000.0,,2794741000.0,,198025000.0,,2079619000.0,-43719000.0,4585268000.0,15538565000.0,282291000.0,,65881000.0,19898000.0,-1551000.0,,41101000.0,47621000.0,,9011000.0,422475000.0,,,,,,731609000.0,,1307000.0,-715457000.0,,,296534000.0,3552000.0,2503000.0
2016-09-30,2759483000.0,,,,,2026315000.0,733168000.0,19379000.0,612510000.0,209102000.0,,3.49,3.47,111416000.0,112100000.0,48267000.0,,,,,,43284000.0,977492000.0,,10981930000.0,,96789000.0,68977000.0,15805726000.0,248133000.0,222257000.0,,1109718000.0,,2941559000.0,,190258000.0,,2342643000.0,-42146000.0,4853346000.0,15805726000.0,422851000.0,,194915000.0,77908000.0,4438000.0,,59589000.0,-57237000.0,,-24839000.0,765050000.0,,,,,,1014910000.0,,18353000.0,-1010466000.0,,,254195000.0,8779000.0,2562000.0
2016-12-31,3498682000.0,,,,,2642698000.0,855984000.0,27704000.0,,236411000.0,,3.97,3.95,111409000.0,112046000.0,8881000.0,,,,958815000.0,,45028000.0,822219000.0,,11371788000.0,,90022000.0,69063000.0,16004253000.0,264631000.0,244000000.0,,1292946000.0,,2945232000.0,,156784000.0,,2255547000.0,-43822000.0,4803622000.0,16004253000.0,565011000.0,18883000.0,206870000.0,2489000.0,1491000.0,,60163000.0,-66917000.0,,-82793000.0,1023390000.0,,,,,,1275472000.0,,18651000.0,-1252078000.0,-4867000.0,,198081000.0,-30607000.0,9956000.0
2017-03-31,677728000.0,,,,,604222000.0,73506000.0,6282000.0,32396000.0,4211000.0,,0.21,0.21,111728000.0,112195000.0,3028000.0,,,,,,48565000.0,794996000.0,,11376466000.0,,251208000.0,70025000.0,16192825000.0,250197000.0,152015000.0,,1193813000.0,,2955441000.0,,162476000.0,,2278867000.0,-42863000.0,4828776000.0,16192825000.0,147861000.0,9997000.0,10357000.0,-47007000.0,667000.0,,36836000.0,22147000.0,,1604000.0,140051000.0,,,,,,348824000.0,,793000.0,-348684000.0,,,202780000.0,-5853000.0,-2000.0
2017-06-30,1622315000.0,,,,,1244580000.0,377735000.0,13400000.0,293680000.0,93178000.0,,1.71,1.7,111797000.0,112345000.0,4953000.0,,,,,,45301000.0,1068204000.0,,11275791000.0,,265926000.0,71121000.0,16669727000.0,270262000.0,181133000.0,,1638594000.0,,3048007000.0,,168930000.0,,2300109000.0,-43626000.0,4859412000.0,16669727000.0,291285000.0,12891000.0,94365000.0,62624000.0,5437000.0,,49162000.0,21771000.0,,13279000.0,290562000.0,,,,,,693626000.0,,2127000.0,-688240000.0,,,393750000.0,-3928000.0,2062000.0
2017-09-30,2805637000.0,,,,,1961820000.0,843817000.0,22226000.0,718944000.0,237497000.0,,4.18,4.16,111835000.0,112401000.0,10674000.0,,,,,,45905000.0,1174205000.0,,11272827000.0,,256198000.0,88818000.0,16977867000.0,236746000.0,207599000.0,,1303143000.0,,3182400000.0,,158354000.0,,2576193000.0,-42117000.0,5142068000.0,16977867000.0,445707000.0,16553000.0,211249000.0,206920000.0,1881000.0,,59963000.0,-24258000.0,,-25180000.0,771924000.0,,,,,,1027753000.0,,20291000.0,-1039639000.0,,,269508000.0,1793000.0,2185000.0
2017-12-31,3565296000.0,,,,,2630869000.0,934427000.0,29478000.0,,258272000.0,,4.37,4.35,111839000.0,112367000.0,13892000.0,,,,950077000.0,,48039000.0,1016288000.0,,11669526000.0,,257189000.0,84531000.0,17019082000.0,256442000.0,246529000.0,,1197852000.0,,,,148909000.0,,2442511000.0,-45002000.0,5006690000.0,17019082000.0,610629000.0,20502000.0,248164000.0,93797000.0,6683000.0,,68480000.0,-23769000.0,,-29980000.0,1118036000.0,,,,,,1408774000.0,,19078000.0,-1428537000.0,-13390000.0,,315512000.0,5011000.0,2186000.0
2018-03-31,692714000.0,,,,,661380000.0,31334000.0,27694000.0,6829000.0,-1265000.0,,0.03,0.03,112017000.0,112493000.0,15440000.0,,,,,,51887000.0,957404000.0,,11664854000.0,,262523000.0,58177000.0,17148306000.0,205169000.0,184623000.0,,1874391000.0,,1689601000.0,,155633000.0,,2454268000.0,-52341000.0,5019757000.0,17148306000.0,163566000.0,10537000.0,-229000.0,-89518000.0,16607000.0,,3369000.0,-25738000.0,,-70973000.0,166872000.0,,,,,,361037000.0,,1299000.0,-361093000.0,,,195769000.0,1548000.0,0.0
2018-06-30,1666837000.0,454197000.0,,,,1393341000.0,273496000.0,55600000.0,222480000.0,44039000.0,,1.52,1.51,112115000.0,112482000.0,3839000.0,,,,,,45865000.0,1118711000.0,,12082802000.0,,257040000.0,59137000.0,17492173000.0,260285000.0,167202000.0,,2238885000.0,,,,168069000.0,,2465402000.0,-56624000.0,5032019000.0,17492173000.0,325550000.0,13189000.0,33711000.0,18672000.0,22970000.0,,-24847000.0,36614000.0,,-78146000.0,395802000.0,,,,,,679949000.0,,4299000.0,-679096000.0,,,273241000.0,-10053000.0,10032000.0
2018-09-30,2934871000.0,844133000.0,,,,2228068000.0,706803000.0,82203000.0,626698000.0,127107000.0,,4.33,4.31,112148000.0,112533000.0,64991000.0,,,,,,60946000.0,1207190000.0,,12115234000.0,,268630000.0,106988000.0,17671955000.0,249059000.0,169454000.0,89916000.0,1734788000.0,,,,161464000.0,,2780428000.0,-55074000.0,5353572000.0,17671955000.0,489861000.0,16140000.0,117571000.0,65203000.0,20591000.0,,-14708000.0,-11399000.0,,-72411000.0,959763000.0,,,,,,898455000.0,,-49000.0,-913316000.0,,,4652000.0,51099000.0,10091000.0
2018-12-31,3691247000.0,1076116000.0,,,,2917560000.0,773687000.0,109040000.0,,133902000.0,,4.56,4.54,112129000.0,112550000.0,5766000.0,,,,894932000.0,,56128000.0,924991000.0,,12370614000.0,,262902000.0,103247000.0,17664202000.0,277336000.0,184229000.0,91174000.0,1648964000.0,,,,147640000.0,,2641183000.0,-47708000.0,5222915000.0,17664202000.0,650955000.0,19547000.0,117355000.0,-37530000.0,6103000.0,,-78604000.0,-14602000.0,,-48958000.0,1277144000.0,,,,,,1178169000.0,,-1941000.0,-1192824000.0,-5055000.0,,-92446000.0,-8126000.0,21173000.0
2019-03-31,740530000.0,230588000.0,,,,680446000.0,60084000.0,19113000.0,25209000.0,2418000.0,,0.16,0.16,112337000.0,112735000.0,6109000.0,,,,,,65951000.0,876389000.0,,12364987000.0,,267998000.0,99446000.0,17854107000.0,263656000.0,114361000.0,87263000.0,1591304000.0,,,,149249000.0,,2659086000.0,-46501000.0,5251062000.0,17854107000.0,167801000.0,12074000.0,3620000.0,-15476000.0,13057000.0,,65470000.0,26593000.0,,13706000.0,173432000.0,,,,,,259792000.0,,-4576000.0,-254513000.0,,,81424000.0,343000.0,1000.0
2019-06-30,1610031000.0,472810000.0,,,,1353358000.0,256673000.0,41594000.0,191308000.0,19498000.0,,1.44,1.44,112381000.0,112734000.0,1648000.0,,,,,,72222000.0,1028567000.0,,13159472000.0,,261584000.0,97322000.0,18165666000.0,327969000.0,140879000.0,84177000.0,1900961000.0,,,,144142000.0,,2637620000.0,-47636000.0,5233078000.0,18165666000.0,332185000.0,13725000.0,4326000.0,-3543000.0,21287000.0,,82850000.0,65874000.0,,3195000.0,345934000.0,,,,,,541401000.0,,-7153000.0,-527638000.0,,,177586000.0,-4118000.0,10788000.0
2019-09-30,2800818000.0,817672000.0,,,,2140855000.0,659963000.0,62714000.0,561723000.0,72764000.0,,4.22,4.21,112463000.0,112746000.0,29852000.0,,,,,,67985000.0,1133155000.0,,13125596000.0,,266587000.0,102116000.0,18377566000.0,276117000.0,161716000.0,78173000.0,1586746000.0,,,,166772000.0,,2949891000.0,-46538000.0,5552666000.0,18377566000.0,500801000.0,16486000.0,83703000.0,91506000.0,18332000.0,,52276000.0,33899000.0,,-27049000.0,834761000.0,,,,,,857883000.0,,-8971000.0,-832013000.0,,,21338000.0,24086000.0,12488000.0
2019-12-31,3471209000.0,,,,,2799249000.0,671960000.0,86803000.0,,-15773000.0,,4.79,4.77,112443000.0,112758000.0,10283000.0,,,,904909000.0,,61958000.0,1030030000.0,,13198435000.0,,290564000.0,96953000.0,18479247000.0,346448000.0,168323000.0,64908000.0,2078365000.0,,,,159844000.0,,2837610000.0,-57096000.0,5430648000.0,18479247000.0,664140000.0,18376000.0,-1479000.0,,51826000.0,,82895000.0,50641000.0,,-132666000.0,956726000.0,,,,,,1191447000.0,,-11452000.0,-1130977000.0,692000.0,,178768000.0,4517000.0,12535000.0
2020-03-31,661930000.0,,,,,621508000.0,40422000.0,29393000.0,14657000.0,-20209000.0,,0.27,0.27,112594000.0,112862000.0,63139000.0,,,,,,82573000.0,1078307000.0,,13146516000.0,,279238000.0,97822000.0,18561760000.0,301325000.0,121514000.0,54965000.0,2295488000.0,,,,163517000.0,,2867610000.0,-55579000.0,5469418000.0,18561760000.0,173168000.0,6282000.0,-18086000.0,,-5445000.0,,-81143000.0,-5192000.0,,-106212000.0,183628000.0,,,,,,340014000.0,,-349000.0,-341160000.0,,,210388000.0,52856000.0,-3002000.0
2020-06-30,1591520000.0,,,,,1289224000.0,302296000.0,64980000.0,254177000.0,41061000.0,,1.99,1.98,112638000.0,112879000.0,6763000.0,,,,,,75796000.0,1147089000.0,,13438102000.0,,275028000.0,92295000.0,19307388000.0,316230000.0,127175000.0,49132000.0,1496363000.0,,,,159181000.0,,2885109000.0,-57875000.0,5489562000.0,19307388000.0,343173000.0,9130000.0,22229000.0,,-10295000.0,,4885000.0,17772000.0,,-96142000.0,369032000.0,,,,,,676973000.0,,-3123000.0,-652521000.0,,,279969000.0,-3520000.0,-3028000.0
2020-09-30,2846021000.0,,,,,2088717000.0,757304000.0,95285000.0,682656000.0,98086000.0,,5.06,5.05,112679000.0,112987000.0,181926000.0,,,,,,67926000.0,1454686000.0,,13453442000.0,,266220000.0,96855000.0,19751421000.0,288265000.0,155289000.0,47730000.0,1244784000.0,,,,173347000.0,,3231485000.0,-57491000.0,5841386000.0,19751421000.0,515742000.0,12119000.0,91077000.0,,-6843000.0,,10152000.0,-6400000.0,,-210719000.0,772019000.0,,,,,,971052000.0,,-3944000.0,-955503000.0,,,355127000.0,171643000.0,-3028000.0
2020-12-31,3586982000.0,,,,,2798830000.0,788152000.0,89044000.0,,78173000.0,,4.89,4.87,112666000.0,112942000.0,59968000.0,,,,996755000.0,,76627000.0,1198319000.0,,13727575000.0,,282570000.0,92922000.0,20020421000.0,318585000.0,187448000.0,48340000.0,1360433000.0,,,,190643000.0,,3025106000.0,-62796000.0,5633503000.0,20020421000.0,686253000.0,18292000.0,69469000.0,,-11623000.0,,67453000.0,-6059000.0,,-186227000.0,966365000.0,,,,,,1326584000.0,,-7883000.0,-1277818000.0,-1389000.0,,361138000.0,49685000.0,-3019000.0
2021-03-31,696475000.0,,,,,648941000.0,47534000.0,45574000.0,,-4350000.0,,0.32,0.32,112829000.0,113093000.0,17202000.0,,,,,,86238000.0,1169784000.0,,13758883000.0,,278226000.0,88487000.0,20184658000.0,309145000.0,145589000.0,45170000.0,1330543000.0,,,,206174000.0,,3060752000.0,-61512000.0,5682516000.0,20184658000.0,176409000.0,11337000.0,-11077000.0,,4801000.0,,,24465000.0,,-1963000.0,202012000.0,,,,,,363775000.0,,-5974000.0,-348069000.0,,,103291000.0,-42766000.0,-827000.0
2021-06-30,1696724000.0,,,,,1370804000.0,325920000.0,90762000.0,,46560000.0,,2.23,2.22,112882000.0,113223000.0,14146000.0,,,,,,81901000.0,1523183000.0,,13957928000.0,,279911000.0,112091000.0,21061578000.0,377157000.0,140038000.0,44419000.0,2023268000.0,,,,211678000.0,,3089266000.0,-60578000.0,5717624000.0,21061578000.0,350536000.0,13484000.0,30231000.0,,31449000.0,,,66558000.0,,45241000.0,312350000.0,,,,,,681148000.0,,-10809000.0,-649568000.0,,,291396000.0,-45822000.0,-788000.0
2021-09-30,3004978000.0,,,,,2249685000.0,755293000.0,136150000.0,,114073000.0,,5.24,5.22,112923000.0,113217000.0,25688000.0,,,,,,82546000.0,1709148000.0,,14022894000.0,,273243000.0,160185000.0,21536424000.0,353591000.0,146038000.0,44089000.0,1649257000.0,,,,215608000.0,,3429076000.0,-59666000.0,6064883000.0,21536424000.0,532341000.0,16708000.0,104128000.0,,46744000.0,,,19005000.0,,-39392000.0,660513000.0,,,,,,1006431000.0,,-10321000.0,-962312000.0,,,267519000.0,-34280000.0,-763000.0
2021-12-31,3803835000.0,,,,,2998525000.0,805310000.0,173982000.0,,110086000.0,,5.48,5.47,112910000.0,113192000.0,9969000.0,,,,1134712000.0,,83896000.0,1551100000.0,,14184058000.0,,273693000.0,97884000.0,22003222000.0,393083000.0,151968000.0,42293000.0,1756869000.0,,,,232914000.0,,3264719000.0,-54861000.0,5906200000.0,22003222000.0,719141000.0,18460000.0,117471000.0,,32870000.0,,246473000.0,20267000.0,,-29578000.0,860014000.0,,,,,,1473475000.0,,-6458000.0,-1386929000.0,-2350000.0,,476916000.0,-49999000.0,229000.0
2022-03-31,783531000.0,,,,,729039000.0,54492000.0,31838000.0,,4161000.0,,0.15,0.15,113102000.0,113295000.0,13968000.0,,,,,,69474000.0,1594593000.0,,14247581000.0,,269802000.0,105605000.0,22200954000.0,343255000.0,109255000.0,41628000.0,1596730000.0,,,,231090000.0,,3281601000.0,-53708000.0,5930570000.0,22200954000.0,203639000.0,5338000.0,3835000.0,,11892000.0,,-52153000.0,-13873000.0,,-47883000.0,340608000.0,,,,,,391583000.0,,6543000.0,-374341000.0,-1005000.0,,37732000.0,3999000.0,0.0
2022-06-30,1845200000.0,,,,,1567613000.0,277587000.0,66279000.0,,30849000.0,,1.6,1.6,113172000.0,113369000.0,29189000.0,,,,,,89609000.0,1798148000.0,,14499501000.0,,265662000.0,117573000.0,22501480000.0,436308000.0,128190000.0,41459000.0,2022448000.0,,,,247827000.0,,3253772000.0,-54814000.0,5908279000.0,22501480000.0,405127000.0,7872000.0,22169000.0,,34315000.0,,-174013000.0,104849000.0,,-184626000.0,588286000.0,,,,,,843219000.0,,9174000.0,-794250000.0,-448000.0,,225184000.0,19220000.0,-1746000.0
2022-09-30,3315071000.0,,,,,2619911000.0,695160000.0,95559000.0,,83577000.0,,4.49,4.48,113211000.0,113463000.0,7032000.0,,,,,,65019000.0,2016557000.0,,14476877000.0,,246690000.0,121346000.0,22844598000.0,475362000.0,139260000.0,41731000.0,2060904000.0,,,,249287000.0,,3580102000.0,-53300000.0,6244563000.0,22844598000.0,612958000.0,12824000.0,43440000.0,,72623000.0,,-208599000.0,137433000.0,,-235986000.0,1031914000.0,,,,,,1276861000.0,,11057000.0,-1221895000.0,62000.0,,187044000.0,-2937000.0,4784000.0
2022-12-31,4324385000.0,,,,,3592474000.0,731911000.0,99281000.0,,74827000.0,,4.27,4.26,113196000.0,113416000.0,4832000.0,,,,981003000.0,,60091000.0,1750554000.0,,14522268000.0,,258880000.0,125672000.0,22723405000.0,430425000.0,148276000.0,41769000.0,1762141000.0,,,,252149000.0,,3360347000.0,-31435000.0,6048647000.0,22723405000.0,817814000.0,15942000.0,43202000.0,,83469000.0,,-276821000.0,90076000.0,,68677000.0,1241441000.0,,,,,,1707490000.0,,15612000.0,-1618046000.0,-2653000.0,,371468000.0,-5137000.0,46227000.0
2023-03-31,944955000.0,,,,,894238000.0,50717000.0,26872000.0,,1183000.0,,-0.03,-0.03,113358000.0,113358000.0,6951000.0,,,,,,77551000.0,1748386000.0,,14551509000.0,,260454000.0,147430000.0,23580373000.0,361410000.0,105141000.0,41186000.0,1724329000.0,,,,256620000.0,,3357052000.0,-31536000.0,6048916000.0,23580373000.0,208772000.0,3635000.0,-5150000.0,,14392000.0,,58036000.0,-69576000.0,,138649000.0,211605000.0,,,,,,445171000.0,,19941000.0,-453239000.0,-2135000.0,,243753000.0,2119000.0,-12000.0
2023-06-30,2066658000.0,,,,,1832661000.0,233997000.0,51973000.0,,17080000.0,,0.94,0.94,113411000.0,113717000.0,7658000.0,,,,,,101581000.0,1851737000.0,,15468725000.0,,255574000.0,127318000.0,23979342000.0,436808000.0,110378000.0,41585000.0,1932581000.0,,,,278124000.0,,3267731000.0,-31591000.0,5966924000.0,23979342000.0,416652000.0,7225000.0,-35808000.0,,42156000.0,,104581000.0,-2051000.0,,162181000.0,437613000.0,,,,,,918195000.0,,-485000.0,-883771000.0,-2031000.0,,448984000.0,2826000.0,17000.0
2023-09-30,3704417000.0,,,,,2954157000.0,750260000.0,83092000.0,,74125000.0,,4.42,4.41,113464000.0,113838000.0,15108000.0,,,,,,108314000.0,2161938000.0,,15620618000.0,,249480000.0,102863000.0,24434426000.0,404971000.0,130415000.0,40557000.0,1968342000.0,,,,288736000.0,,3665946000.0,-30434000.0,6374685000.0,24434426000.0,636224000.0,12304000.0,-35258000.0,,43193000.0,,71897000.0,-79603000.0,,75541000.0,833899000.0,,,,,,1314529000.0,,1788000.0,-1235904000.0,-1644000.0,,412281000.0,10276000.0,19000.0
2023-12-31,4695991000.0,,,,,3871351000.0,824640000.0,102376000.0,,76912000.0,,4.42,4.41,113442000.0,113804000.0,4955000.0,,,,1126264000.0,,101417000.0,1926967000.0,,15803127000.0,,267110000.0,102845000.0,24661153000.0,442455000.0,193524000.0,42037000.0,2889347000.0,,,,251469000.0,,3466317000.0,-33144000.0,6177664000.0,24661153000.0,854136000.0,17341000.0,-24310000.0,,42911000.0,,195598000.0,-75623000.0,,63080000.0,1207697000.0,,,,,,1846370000.0,,6458000.0,-1694249000.0,-4093000.0,,486675000.0,123000.0,8788000.0
2024-03-31,951712000.0,,,,,884920000.0,66792000.0,44900000.0,,3891000.0,,0.15,0.15,113621000.0,114227000.0,9634000.0,,,,,,131257000.0,1781982000.0,,15867119000.0,,512874000.0,106830000.0,24847713000.0,476629000.0,132597000.0,42059000.0,3055869000.0,,,,248815000.0,,3483178000.0,-32582000.0,6199029000.0,24847713000.0,226413000.0,5935000.0,-23297000.0,,-4374000.0,,19571000.0,23799000.0,,-17489000.0,347353000.0,,,,,,517756000.0,,939000.0,-424092000.0,-4500000.0,,81418000.0,4679000.0,20970000.0
2024-06-30,2260706000.0,,,,,1880167000.0,380539000.0,69540000.0,,36312000.0,,1.94,1.92,113695000.0,115803000.0,4007000.0,,,,,,139563000.0,2048599000.0,,16286072000.0,,593017000.0,119395000.0,25701130000.0,548840000.0,132976000.0,41558000.0,3112024000.0,,,,221424000.0,,3487113000.0,-33294000.0,6211139000.0,25701130000.0,465546000.0,10622000.0,339000.0,,55498000.0,,43489000.0,99513000.0,,-45456000.0,537138000.0,,,,,,1051725000.0,,3335000.0,-887114000.0,,,349028000.0,-948000.0,25019000.0
2024-09-30,4029507000.0,,,,,3101982000.0,927525000.0,94077000.0,,110539000.0,,5.42,5.32,113729000.0,117119000.0,49171000.0,,,,,,86759000.0,2264566000.0,,16384624000.0,,586559000.0,122359000.0,26309554000.0,429478000.0,182246000.0,41976000.0,3197346000.0,,,,232135000.0,,3882081000.0,-32814000.0,6616581000.0,26309554000.0,711587000.0,16940000.0,-13351000.0,,34493000.0,,126379000.0,24958000.0,,49694000.0,1170331000.0,,,,,,1717571000.0,,5687000.0,-1469323000.0,,,343208000.0,44216000.0,49385000.0
,,,,,,,,,,,,,,,,,,,,,,,,,,,,,,,,,,,,,,,,,,,,,,,,,,,,,,,,,,,,,,,,,,,
,,,,,,,,,,,,,,,,,,,,,,,,,,,,,,,,,,,,,,,,,,,,,,,,,,,,,,,,,,,,,,,,,,,
