Date,Net sales,Cost of sales,Gross margin,Research and development,"Selling, general and administrative",Total operating expenses,Operating income,"Other income/(expense), net",Income before provision for income taxes,Provision for income taxes,Net income,Earnings per share basic,Earnings per share diluted,Weighted-average basic,Weighted-average diluted,Cash and cash equivalents,Short-term marketable securities,"Accounts receivable, net",Inventories,Deferred tax assets,Vendor non-trade receivables,Other current assets,Total current assets,Long-term marketable securities,"Property, Plant and Equipment, Net",Goodwill,"Acquired intangible assets, net","Other Assets, Noncurrent",Total assets,accounts payable,Accrued expenses,Deferred revenue,Total current liabilities,Deferred revenue - non-current,deferred tax liabilities,long term taxes payable,Total other non-current liabilities,Total liabilities,Retained Earnings (Accumulated Deficit),Accumulated other comprehensive (loss)/income,Total shareholders equity,Total liabilities and shareholders' equity,"Depreciation, amortization and accretion",Stock-based compensation expense,Deferred income tax expense,"Increase (Decrease) in Accounts receivable, net",Increase (Decrease) in Inventories,Increase (Decrease) in Other Receivables,Increase (Decrease) in Other Operating Assets,Increase (Decrease) in Accounts Payable,Increase (Decrease) in Deferred Revenue,Increase (Decrease) Other liabilities,Cash generated by operating activities,Purchases of marketable securities,Proceeds from maturities of marketable securities,Proceeds from sales of marketable securities,Purchases of other long-term investments,"Business acquisitions, net of cash acquired",Cash payments for capital asset purchases,Payments for acquisition of intangible assets,Payments for (Proceeds from) Other Investing Activities,Cash used in investing activities,Proceeds from issuance of common stock,Excess tax benefits from stock-based compensation,Cash generated/used in financing activities,Increase/(decrease) in cash and cash equivalents,"Cash paid for income taxes, net"
2009-12-31,12239000000.0,,,,2936000000.0,,,,,191000000.0,336000000.0,2.04,2.03,,,1057000000.0,,,1548000000.0,485000000.0,,263000000.0,5981000000.0,,2754000000.0,2784000000.0,1416000000.0,806000000.0,14240000000.0,,,,3577000000.0,,328000000.0,,1147000000.0,10318000000.0,8139000000.0,-1261000000.0,3753000000.0,14240000000.0,,,,-235000000.0,-232000000.0,,-12000000.0,,,-61000000.0,1345000000.0,,,,,26000000.0,239000000.0,,,-203000000.0,,,-1123000000.0,36000000.0,
2010-03-31,3126000000.0,,,,727000000.0,,,,,147000000.0,30000000.0,0.18,0.18,,,689000000.0,,,1599000000.0,,,825000000.0,5922000000.0,,2660000000.0,2687000000.0,1343000000.0,641000000.0,13756000000.0,,,,3418000000.0,,319000000.0,,1008000000.0,9967000000.0,8080000000.0,-1353000000.0,3592000000.0,13756000000.0,,,,,,,,,,,-54000000.0,,,,,16000000.0,45000000.0,,,-93000000.0,,,-225000000.0,-368000000.0,
2010-06-30,6584000000.0,,,,1472000000.0,,,,,258000000.0,302000000.0,1.82,1.81,165600000.0,166800000.0,784000000.0,,,1541000000.0,,,780000000.0,5886000000.0,,2533000000.0,2526000000.0,1238000000.0,658000000.0,13366000000.0,,,,3373000000.0,,301000000.0,,851000000.0,9727000000.0,8262000000.0,-1603000000.0,3450000000.0,13366000000.0,,23000000.0,,,,,,,,,367000000.0,,,,,18000000.0,93000000.0,,,-147000000.0,,,-476000000.0,-273000000.0,74000000.0
2010-09-30,10044000000.0,,,,2211000000.0,,,,,352000000.0,564000000.0,3.41,3.39,165100000.0,166400000.0,930000000.0,,,1638000000.0,,,779000000.0,6305000000.0,,2620000000.0,2725000000.0,1297000000.0,637000000.0,14120000000.0,,,,3523000000.0,,316000000.0,,1053000000.0,10018000000.0,8433000000.0,-1280000000.0,3874000000.0,14120000000.0,,34000000.0,,,,,,,,,698000000.0,,,,,18000000.0,158000000.0,,,-152000000.0,,,-694000000.0,-127000000.0,153000000.0
2010-12-31,13423000000.0,,,408000000.0,2979000000.0,,,,,415000000.0,769000000.0,4.67,4.63,164500000.0,165900000.0,1341000000.0,,2447000000.0,1573000000.0,558000000.0,,278000000.0,7058000000.0,,2686000000.0,2719000000.0,1268000000.0,694000000.0,14975000000.0,,,,3625000000.0,,293000000.0,,968000000.0,11142000000.0,8548000000.0,-1411000000.0,3638000000.0,14975000000.0,,52000000.0,168000000.0,178000000.0,34000000.0,,-103000000.0,,,-1000000.0,1310000000.0,,,,,34000000.0,307000000.0,,,-949000000.0,,,-104000000.0,284000000.0,
2011-03-31,3533000000.0,,,,797000000.0,,,,351000000.0,92000000.0,228000000.0,1.42,1.4,160400000.0,162500000.0,796000000.0,,,1755000000.0,,,820000000.0,7084000000.0,,2696000000.0,2814000000.0,1283000000.0,672000000.0,15103000000.0,,,,3749000000.0,,302000000.0,,984000000.0,11108000000.0,8687000000.0,-1187000000.0,3766000000.0,15103000000.0,,11000000.0,,312000000.0,142000000.0,,1000000.0,,,10000000.0,-156000000.0,,,,,10000000.0,54000000.0,,,-45000000.0,,,-353000000.0,-545000000.0,
2011-06-30,7519000000.0,,,,1626000000.0,,1074000000.0,,851000000.0,220000000.0,568000000.0,3.57,3.52,159400000.0,161500000.0,982000000.0,,,1821000000.0,,,828000000.0,7239000000.0,,2759000000.0,2871000000.0,1280000000.0,713000000.0,15267000000.0,,,,3922000000.0,,305000000.0,,1036000000.0,10979000000.0,8938000000.0,-1083000000.0,4054000000.0,15267000000.0,,21000000.0,,508000000.0,176000000.0,,7000000.0,,,-7000000.0,252000000.0,,,,,52000000.0,134000000.0,,,325000000.0,,,-961000000.0,-359000000.0,
2011-09-30,11368000000.0,,,,2432000000.0,,1638000000.0,,1313000000.0,340000000.0,879000000.0,5.55,5.48,158500000.0,160500000.0,1301000000.0,,,1737000000.0,,,777000000.0,6940000000.0,,2669000000.0,2698000000.0,1174000000.0,662000000.0,14543000000.0,,,,3788000000.0,,286000000.0,,908000000.0,10637000000.0,9159000000.0,-1464000000.0,3662000000.0,14543000000.0,,27000000.0,,390000000.0,190000000.0,,16000000.0,,,8000000.0,777000000.0,,,,,56000000.0,235000000.0,,,494000000.0,,,-1270000000.0,-40000000.0,
2011-12-31,14885000000.0,,,445000000.0,3234000000.0,,2027000000.0,,1597000000.0,385000000.0,1095000000.0,6.96,6.87,157300000.0,159300000.0,1457000000.0,,2512000000.0,1607000000.0,673000000.0,,302000000.0,6694000000.0,,2721000000.0,2660000000.0,1125000000.0,795000000.0,14382000000.0,,,,3702000000.0,,272000000.0,,872000000.0,10936000000.0,9288000000.0,-1800000000.0,3249000000.0,14382000000.0,,36000000.0,-4000000.0,129000000.0,73000000.0,,3000000.0,,,-12000000.0,1436000000.0,,,,,56000000.0,390000000.0,,,353000000.0,,,-1632000000.0,116000000.0,
2012-03-31,3752000000.0,,,,851000000.0,,543000000.0,,51000000.0,,13000000.0,0.08,0.08,152800000.0,154500000.0,978000000.0,,,1830000000.0,,,844000000.0,6944000000.0,,2785000000.0,2729000000.0,1132000000.0,818000000.0,14834000000.0,,,,4558000000.0,,262000000.0,,993000000.0,11318000000.0,9213000000.0,-1653000000.0,3293000000.0,14834000000.0,,14000000.0,,303000000.0,143000000.0,,-2000000.0,,,-11000000.0,-2000000.0,,,,,44000000.0,68000000.0,,,-181000000.0,,,-312000000.0,-479000000.0,
2012-06-30,7707000000.0,,,,1672000000.0,,1178000000.0,,578000000.0,131000000.0,375000000.0,2.45,2.42,153200000.0,155000000.0,1017000000.0,,,1775000000.0,,,819000000.0,7151000000.0,,2719000000.0,2644000000.0,1067000000.0,817000000.0,14817000000.0,,,,4565000000.0,,241000000.0,,928000000.0,11142000000.0,9486000000.0,-1793000000.0,3461000000.0,14817000000.0,,31000000.0,,436000000.0,135000000.0,,7000000.0,,,-12000000.0,434000000.0,,,,,52000000.0,146000000.0,,,-430000000.0,,,-443000000.0,-440000000.0,
2012-09-30,11552000000.0,,,,2488000000.0,,1784000000.0,,1064000000.0,253000000.0,714000000.0,4.66,4.61,153700000.0,155500000.0,1392000000.0,,,1777000000.0,,,799000000.0,7777000000.0,,2759000000.0,2706000000.0,1066000000.0,874000000.0,15606000000.0,,,,4490000000.0,,263000000.0,,904000000.0,11474000000.0,9734000000.0,-1704000000.0,3861000000.0,15606000000.0,,53000000.0,,310000000.0,92000000.0,,15000000.0,,,-18000000.0,1039000000.0,,,,,53000000.0,226000000.0,,,-876000000.0,,,-241000000.0,-65000000.0,
2012-12-31,15200000000.0,,,470000000.0,3335000000.0,,2262000000.0,,1402000000.0,338000000.0,941000000.0,6.13,6.06,153400000.0,155100000.0,1306000000.0,,2568000000.0,1687000000.0,859000000.0,,392000000.0,7715000000.0,,2888000000.0,2761000000.0,1085000000.0,1007000000.0,15878000000.0,,,,4461000000.0,,231000000.0,,915000000.0,11556000000.0,9871000000.0,-1666000000.0,4063000000.0,15878000000.0,,73000000.0,-225000000.0,-90000000.0,-29000000.0,,30000000.0,,,-45000000.0,1787000000.0,,,,,122000000.0,411000000.0,,,-1611000000.0,,,-351000000.0,-151000000.0,
2013-03-31,3331000000.0,,,,797000000.0,,474000000.0,,318000000.0,64000000.0,2410000000.0,16.49,16.31,146100000.0,147700000.0,2021000000.0,,,1698000000.0,,,824000000.0,7726000000.0,,2461000000.0,2694000000.0,1033000000.0,1044000000.0,15376000000.0,,,,3727000000.0,,235000000.0,,803000000.0,10335000000.0,12196000000.0,-1608000000.0,4787000000.0,15376000000.0,,15000000.0,,324000000.0,109000000.0,,46000000.0,,,13000000.0,-89000000.0,,,,,0.0,65000000.0,,,1614000000.0,,,-800000000.0,715000000.0,
2013-06-30,7426000000.0,,,,1778000000.0,,1093000000.0,,807000000.0,182000000.0,2751000000.0,18.97,18.76,145000000.0,146700000.0,1243000000.0,,,1862000000.0,,,844000000.0,7710000000.0,,2637000000.0,2937000000.0,1374000000.0,1006000000.0,16066000000.0,,,,4106000000.0,,224000000.0,,811000000.0,10765000000.0,12450000000.0,-1639000000.0,5042000000.0,16066000000.0,,32000000.0,,468000000.0,23000000.0,,25000000.0,,,-34000000.0,494000000.0,,,,,975000000.0,155000000.0,,,394000000.0,,,-924000000.0,-63000000.0,
2013-09-30,11406000000.0,,,,2742000000.0,,1708000000.0,,1116000000.0,242000000.0,2977000000.0,20.61,20.39,144400000.0,146000000.0,1562000000.0,,,1878000000.0,424000000.0,,447000000.0,8120000000.0,,2687000000.0,3023000000.0,1371000000.0,404000000.0,16638000000.0,,,,4362000000.0,,216000000.0,,940000000.0,11157000000.0,12589000000.0,-1469000000.0,5211000000.0,16638000000.0,,59000000.0,-63000000.0,302000000.0,12000000.0,,31000000.0,,,-69000000.0,1282000000.0,,,,,978000000.0,259000000.0,,-2000000.0,168000000.0,,,-1187000000.0,256000000.0,
2013-12-31,15108000000.0,,,505000000.0,3699000000.0,,2190000000.0,,1489000000.0,333000000.0,3231000000.0,22.53,22.27,143400000.0,145100000.0,1116000000.0,,2449000000.0,1824000000.0,657000000.0,,484000000.0,7214000000.0,,2876000000.0,3008000000.0,1339000000.0,542000000.0,15863000000.0,,,,4135000000.0,,249000000.0,,929000000.0,10665000000.0,12757000000.0,-1260000000.0,4932000000.0,15863000000.0,,81000000.0,-36000000.0,-44000000.0,-43000000.0,,9000000.0,,,-92000000.0,1791000000.0,,,,,983000000.0,515000000.0,,2000000.0,3000000.0,,,-1979000000.0,-190000000.0,
2014-03-31,3636000000.0,,,,900000000.0,,483000000.0,,372000000.0,89000000.0,1262000000.0,9.07,8.97,139100000.0,140700000.0,2559000000.0,,,1929000000.0,433000000.0,,471000000.0,8888000000.0,,2724000000.0,2969000000.0,1326000000.0,560000000.0,17117000000.0,,,,4566000000.0,,281000000.0,,835000000.0,11028000000.0,13934000000.0,-1230000000.0,5992000000.0,17117000000.0,,18000000.0,-1000000.0,363000000.0,178000000.0,,24000000.0,,,-29000000.0,163000000.0,,,,,22000000.0,103000000.0,,,1595000000.0,,,-303000000.0,1443000000.0,59000000.0
2014-06-30,7718000000.0,,,,1885000000.0,,1124000000.0,,896000000.0,214000000.0,1648000000.0,11.86,11.74,138900000.0,140400000.0,1986000000.0,,,1964000000.0,430000000.0,,544000000.0,9035000000.0,,2777000000.0,2978000000.0,1304000000.0,595000000.0,17300000000.0,,,,4962000000.0,,271000000.0,,789000000.0,10979000000.0,14227000000.0,-1181000000.0,6232000000.0,17300000000.0,,38000000.0,27000000.0,531000000.0,203000000.0,,29000000.0,,,-71000000.0,401000000.0,,,,,24000000.0,232000000.0,,,1022000000.0,,,-546000000.0,870000000.0,308000000.0
2014-09-30,11653000000.0,,,,2826000000.0,,1742000000.0,,1395000000.0,330000000.0,2019000000.0,14.56,14.41,138700000.0,140100000.0,2468000000.0,,,1905000000.0,421000000.0,,566000000.0,8898000000.0,,2720000000.0,2898000000.0,1274000000.0,596000000.0,17087000000.0,,,,4896000000.0,,241000000.0,,811000000.0,10882000000.0,14506000000.0,-1447000000.0,6121000000.0,17087000000.0,,53000000.0,-59000000.0,416000000.0,205000000.0,,23000000.0,,,-121000000.0,1037000000.0,,,,,114000000.0,358000000.0,,,1220000000.0,,,-816000000.0,1352000000.0,504000000.0
2014-12-31,15360000000.0,,,509000000.0,3758000000.0,,2237000000.0,,1416000000.0,259000000.0,2102000000.0,15.2,15.03,138300000.0,139800000.0,686000000.0,,2366000000.0,1825000000.0,205000000.0,,621000000.0,6850000000.0,,3092000000.0,3801000000.0,2411000000.0,481000000.0,17583000000.0,,,,4876000000.0,,702000000.0,,810000000.0,12318000000.0,14498000000.0,-2116000000.0,5180000000.0,17583000000.0,,73000000.0,-89000000.0,119000000.0,95000000.0,,41000000.0,,,-112000000.0,1528000000.0,,,,,2113000000.0,587000000.0,,-84000000.0,-857000000.0,,,-969000000.0,-430000000.0,
2015-03-31,3662000000.0,,,,914000000.0,,536000000.0,,430000000.0,104000000.0,322000000.0,2.36,2.34,136600000.0,137800000.0,735000000.0,,,1881000000.0,373000000.0,,699000000.0,7084000000.0,,2965000000.0,3541000000.0,2277000000.0,602000000.0,17368000000.0,,,,4773000000.0,,624000000.0,,746000000.0,12210000000.0,14728000000.0,-2309000000.0,5078000000.0,17368000000.0,,15000000.0,12000000.0,327000000.0,136000000.0,,37000000.0,,,4000000.0,-429000000.0,,,,,9000000.0,72000000.0,,,35000000.0,,,458000000.0,49000000.0,83000000.0
2015-06-30,7762000000.0,,,,1867000000.0,,1244000000.0,,882000000.0,214000000.0,659000000.0,2.42,2.4,272800000.0,275100000.0,707000000.0,,,1861000000.0,394000000.0,,651000000.0,7374000000.0,,2917000000.0,3621000000.0,2260000000.0,561000000.0,17596000000.0,,,,4825000000.0,,501000000.0,,749000000.0,12340000000.0,14966000000.0,-2332000000.0,5171000000.0,17596000000.0,,40000000.0,-46000000.0,591000000.0,80000000.0,,,,,,186000000.0,,,,,26000000.0,162000000.0,,,-108000000.0,,,-42000000.0,21000000.0,158000000.0
2015-09-30,11634000000.0,,,,2757000000.0,,1896000000.0,,1463000000.0,356000000.0,1092000000.0,4.01,3.98,272200000.0,274400000.0,1015000000.0,,,1841000000.0,386000000.0,,589000000.0,7292000000.0,,2919000000.0,3643000000.0,2224000000.0,669000000.0,17574000000.0,,,,4770000000.0,,506000000.0,,826000000.0,12378000000.0,15302000000.0,-2592000000.0,5111000000.0,17574000000.0,,43000000.0,-42000000.0,419000000.0,80000000.0,,,,,,986000000.0,,,,,248000000.0,266000000.0,,-39000000.0,-351000000.0,,,-268000000.0,329000000.0,291000000.0
2015-12-31,15330000000.0,,,505000000.0,3679000000.0,,2424000000.0,,1882000000.0,456000000.0,1406000000.0,5.18,5.14,271400000.0,273600000.0,1311000000.0,,2413000000.0,1705000000.0,207000000.0,,606000000.0,6554000000.0,,3017000000.0,3669000000.0,2178000000.0,619000000.0,17076000000.0,,,,4656000000.0,,460000000.0,,864000000.0,12007000000.0,15521000000.0,-2702000000.0,4983000000.0,17076000000.0,,56000000.0,0.0,149000000.0,-46000000.0,,100000000.0,,,,1837000000.0,,,,,320000000.0,476000000.0,,-27000000.0,-395000000.0,,,-754000000.0,625000000.0,
2016-03-31,3672000000.0,,,,919000000.0,,572000000.0,,471000000.0,117000000.0,347000000.0,1.3,1.29,267600000.0,269400000.0,909000000.0,,,1863000000.0,,,719000000.0,6718000000.0,,3038000000.0,3743000000.0,2170000000.0,628000000.0,17315000000.0,,,,4556000000.0,,479000000.0,,852000000.0,12067000000.0,15770000000.0,-2643000000.0,5161000000.0,17315000000.0,,10000000.0,-4000000.0,269000000.0,120000000.0,,,,,,59000000.0,,,,,6000000.0,77000000.0,,-6000000.0,-63000000.0,,,-409000000.0,-402000000.0,108000000.0
2016-06-30,7736000000.0,,,,1875000000.0,,1335000000.0,,1144000000.0,414000000.0,717000000.0,2.68,2.66,267400000.0,269200000.0,1605000000.0,,,1803000000.0,,,379000000.0,7107000000.0,,2950000000.0,3602000000.0,2073000000.0,654000000.0,17248000000.0,,,,4375000000.0,,546000000.0,,837000000.0,11815000000.0,16034000000.0,-2749000000.0,5346000000.0,17248000000.0,,27000000.0,201000000.0,368000000.0,104000000.0,,,,,,-25000000.0,,,,,10000000.0,168000000.0,,-9000000.0,-53000000.0,,,389000000.0,294000000.0,185000000.0
2016-09-30,11254000000.0,,,,2746000000.0,,1922000000.0,,687000000.0,-217000000.0,533000000.0,2.0,1.98,267000000.0,268800000.0,929000000.0,,,1676000000.0,,,361000000.0,6417000000.0,,2863000000.0,3701000000.0,2073000000.0,592000000.0,16490000000.0,,,,4460000000.0,,521000000.0,,824000000.0,11369000000.0,15744000000.0,-2541000000.0,5031000000.0,16490000000.0,,38000000.0,-56000000.0,250000000.0,31000000.0,,,,,,751000000.0,,,,,321000000.0,258000000.0,,-14000000.0,-445000000.0,,,-667000000.0,-382000000.0,276000000.0
2016-12-31,14751000000.0,,,487000000.0,3662000000.0,,2409000000.0,,827000000.0,241000000.0,877000000.0,3.3,3.28,265600000.0,267400000.0,1820000000.0,,2324000000.0,1546000000.0,1111000000.0,,321000000.0,6452000000.0,,2759000000.0,3572000000.0,1983000000.0,670000000.0,15769000000.0,,,,4240000000.0,,417000000.0,,941000000.0,10856000000.0,15984000000.0,-2356000000.0,4826000000.0,15769000000.0,,39000000.0,155000000.0,59000000.0,-61000000.0,,56000000.0,,,,1325000000.0,,,,,349000000.0,402000000.0,,-27000000.0,436000000.0,,,-1184000000.0,509000000.0,
2017-03-31,3569000000.0,,,,896000000.0,,567000000.0,,448000000.0,109000000.0,334000000.0,1.3,1.29,257600000.0,259500000.0,1349000000.0,,,1727000000.0,,,439000000.0,6646000000.0,,2806000000.0,3720000000.0,2080000000.0,588000000.0,16154000000.0,,,,4273000000.0,,400000000.0,,939000000.0,10868000000.0,16214000000.0,-2076000000.0,5192000000.0,16154000000.0,,16000000.0,4000000.0,302000000.0,153000000.0,,,,,,9000000.0,,,,,61000000.0,64000000.0,,-2000000.0,-138000000.0,,,-372000000.0,-471000000.0,90000000.0
2017-06-30,7292000000.0,,,,1753000000.0,,1235000000.0,,1111000000.0,269000000.0,835000000.0,3.24,3.22,257400000.0,259300000.0,1569000000.0,,,1766000000.0,,,394000000.0,7145000000.0,,2710000000.0,3845000000.0,2118000000.0,582000000.0,16977000000.0,,,,4441000000.0,,390000000.0,,910000000.0,11242000000.0,16613000000.0,-2059000000.0,5630000000.0,16977000000.0,,24000000.0,-43000000.0,406000000.0,185000000.0,,,,,,446000000.0,,,,,62000000.0,135000000.0,,-2000000.0,-261000000.0,,,-490000000.0,-251000000.0,326000000.0
2017-09-30,11068000000.0,,,,2658000000.0,,1823000000.0,,1632000000.0,392000000.0,1444000000.0,5.62,5.58,257000000.0,258800000.0,2287000000.0,,,1805000000.0,,,350000000.0,7638000000.0,,2730000000.0,3881000000.0,2099000000.0,585000000.0,17615000000.0,,,,4618000000.0,,445000000.0,,928000000.0,11605000000.0,17106000000.0,-2063000000.0,5902000000.0,17615000000.0,,33000000.0,-55000000.0,350000000.0,200000000.0,,,,,,1032000000.0,,,,,69000000.0,207000000.0,,0.0,216000000.0,,,-851000000.0,467000000.0,481000000.0
2017-12-31,14750000000.0,,,474000000.0,3570000000.0,,2295000000.0,,2008000000.0,616000000.0,1591000000.0,6.21,6.17,256100000.0,257800000.0,1436000000.0,,2559000000.0,1730000000.0,803000000.0,,353000000.0,6477000000.0,,2824000000.0,3942000000.0,2045000000.0,677000000.0,16538000000.0,,,,3894000000.0,,442000000.0,,967000000.0,10865000000.0,17141000000.0,-2057000000.0,5558000000.0,16538000000.0,,42000000.0,36000000.0,76000000.0,116000000.0,,170000000.0,,,,1568000000.0,,,,,225000000.0,360000000.0,,-27000000.0,-67000000.0,,,-1954000000.0,-384000000.0,
2018-03-31,3781000000.0,,,,906000000.0,,519000000.0,,421000000.0,87000000.0,334000000.0,1.34,1.33,249800000.0,251400000.0,1346000000.0,,,1963000000.0,,,400000000.0,7110000000.0,,2862000000.0,4100000000.0,2132000000.0,719000000.0,17544000000.0,,,,4030000000.0,,471000000.0,,985000000.0,12077000000.0,17464000000.0,-2005000000.0,5346000000.0,17544000000.0,,9000000.0,-5000000.0,373000000.0,202000000.0,,,,,,-228000000.0,,,,,96000000.0,75000000.0,,-6000000.0,-178000000.0,,,295000000.0,-90000000.0,118000000.0
2018-06-30,7912000000.0,,,,1851000000.0,,1170000000.0,,900000000.0,191000000.0,705000000.0,2.85,2.83,247400000.0,248900000.0,1020000000.0,,,1956000000.0,,,402000000.0,6879000000.0,,2738000000.0,3920000000.0,1986000000.0,723000000.0,16794000000.0,,,,4047000000.0,,425000000.0,,929000000.0,11811000000.0,17725000000.0,-2275000000.0,4884000000.0,16794000000.0,,18000000.0,-13000000.0,626000000.0,270000000.0,,,,,,131000000.0,,,,,98000000.0,118000000.0,,-13000000.0,-217000000.0,,,-305000000.0,-416000000.0,234000000.0
2018-09-30,11729000000.0,,,,2718000000.0,,1670000000.0,,1351000000.0,270000000.0,1083000000.0,4.41,4.38,245800000.0,247300000.0,1103000000.0,,,1962000000.0,,,402000000.0,6741000000.0,,2738000000.0,3939000000.0,2004000000.0,724000000.0,16718000000.0,,,,3933000000.0,,,,913000000.0,11640000000.0,17987000000.0,-2197000000.0,4980000000.0,16718000000.0,,21000000.0,-5000000.0,419000000.0,285000000.0,,,,,,667000000.0,,,,,98000000.0,226000000.0,,-16000000.0,-311000000.0,,,-670000000.0,-333000000.0,320000000.0
2018-12-31,15374000000.0,,,464000000.0,3573000000.0,,2118000000.0,,1693000000.0,353000000.0,1341000000.0,5.5,5.47,243900000.0,245400000.0,902000000.0,,2505000000.0,1783000000.0,739000000.0,,370000000.0,5961000000.0,,2805000000.0,4070000000.0,1972000000.0,727000000.0,16015000000.0,,,,4373000000.0,,,,842000000.0,11283000000.0,18131000000.0,-2300000000.0,4630000000.0,16015000000.0,,37000000.0,45000000.0,69000000.0,109000000.0,,207000000.0,,,,1467000000.0,,,,,378000000.0,411000000.0,,-3000000.0,-764000000.0,,,-1205000000.0,-534000000.0,
2019-03-31,3624000000.0,2073000000.0,,,889000000.0,,515000000.0,,419000000.0,102000000.0,312000000.0,1.32,1.31,236700000.0,238000000.0,784000000.0,,,1965000000.0,,,408000000.0,6409000000.0,,2866000000.0,4103000000.0,2020000000.0,744000000.0,17371000000.0,,,,4588000000.0,,,,865000000.0,12361000000.0,18330000000.0,-2224000000.0,4904000000.0,17371000000.0,,9000000.0,-32000000.0,299000000.0,152000000.0,,,,,,-66000000.0,,,,,57000000.0,47000000.0,,-8000000.0,-86000000.0,,,32000000.0,-118000000.0,94000000.0
2019-06-30,7648000000.0,4361000000.0,,,1823000000.0,,1175000000.0,,782000000.0,188000000.0,584000000.0,2.47,2.45,236900000.0,238300000.0,963000000.0,,,1945000000.0,,,414000000.0,6707000000.0,,2929000000.0,4312000000.0,2081000000.0,745000000.0,17955000000.0,,,,4706000000.0,,,,1005000000.0,12768000000.0,18488000000.0,-2230000000.0,5079000000.0,17955000000.0,,19000000.0,-7000000.0,431000000.0,97000000.0,,,,,,482000000.0,,,,,361000000.0,133000000.0,,-24000000.0,-457000000.0,,,32000000.0,61000000.0,194000000.0
2019-09-30,11474000000.0,6542000000.0,,,2710000000.0,,1761000000.0,,1263000000.0,297000000.0,951000000.0,4.01,3.99,237100000.0,238500000.0,1432000000.0,,,1860000000.0,,,439000000.0,6817000000.0,,2862000000.0,4335000000.0,2083000000.0,777000000.0,18064000000.0,,,,4578000000.0,,,,960000000.0,12709000000.0,18735000000.0,-2328000000.0,5247000000.0,18064000000.0,,28000000.0,-26000000.0,188000000.0,49000000.0,,,,,,1271000000.0,,,,,564000000.0,224000000.0,,-22000000.0,-748000000.0,,,41000000.0,530000000.0,282000000.0
2019-12-31,15146000000.0,8653000000.0,,456000000.0,3604000000.0,,2271000000.0,,1661000000.0,392000000.0,1243000000.0,5.25,5.22,236900000.0,238200000.0,1216000000.0,,2479000000.0,1710000000.0,688000000.0,,431000000.0,6170000000.0,,2983000000.0,4470000000.0,2131000000.0,694000000.0,17708000000.0,,,,4375000000.0,,,,911000000.0,12305000000.0,18906000000.0,-2350000000.0,5284000000.0,17708000000.0,,39000000.0,-5000000.0,-121000000.0,-145000000.0,,13000000.0,,,,2080000000.0,,,,,643000000.0,413000000.0,,-27000000.0,-1009000000.0,,,-758000000.0,314000000.0,
2020-03-31,3377000000.0,1908000000.0,,,905000000.0,,453000000.0,,319000000.0,71000000.0,243000000.0,1.03,1.02,236500000.0,237700000.0,1886000000.0,,,1859000000.0,,,467000000.0,7066000000.0,,2863000000.0,4243000000.0,1918000000.0,762000000.0,18064000000.0,,,,5195000000.0,,,,862000000.0,13227000000.0,19029000000.0,-3042000000.0,4723000000.0,18064000000.0,,7000000.0,-4000000.0,58000000.0,206000000.0,,,,,,-159000000.0,,,,,44000000.0,37000000.0,,-14000000.0,-59000000.0,,,1012000000.0,670000000.0,90000000.0
2020-06-30,6392000000.0,3611000000.0,,,1671000000.0,,849000000.0,,445000000.0,100000000.0,345000000.0,1.46,1.45,236600000.0,237600000.0,2252000000.0,,,1706000000.0,,,401000000.0,7077000000.0,,2865000000.0,4307000000.0,1916000000.0,740000000.0,18170000000.0,,,,5234000000.0,,,,936000000.0,13232000000.0,19010000000.0,-2925000000.0,4832000000.0,18170000000.0,,15000000.0,-8000000.0,-92000000.0,29000000.0,,,,,,322000000.0,,,,,45000000.0,92000000.0,,-17000000.0,-111000000.0,,,927000000.0,1036000000.0,187000000.0
2020-09-30,10077000000.0,5637000000.0,,,2507000000.0,,1528000000.0,,1017000000.0,224000000.0,787000000.0,3.33,3.31,236800000.0,237900000.0,2008000000.0,,,1672000000.0,,,392000000.0,7002000000.0,,2897000000.0,4419000000.0,1930000000.0,699000000.0,18300000000.0,,,,4613000000.0,,,,965000000.0,12876000000.0,19325000000.0,-2788000000.0,5310000000.0,18300000000.0,,29000000.0,4000000.0,63000000.0,-36000000.0,,,,,,1164000000.0,,,,,45000000.0,170000000.0,,-8000000.0,-191000000.0,,,-105000000.0,792000000.0,293000000.0
2020-12-31,13834000000.0,7777000000.0,,401000000.0,3389000000.0,,2109000000.0,,1362000000.0,291000000.0,1059000000.0,4.47,4.45,236800000.0,237900000.0,1826000000.0,,2412000000.0,1735000000.0,1089000000.0,,415000000.0,6798000000.0,,3127000000.0,5102000000.0,2351000000.0,685000000.0,19556000000.0,,,,4831000000.0,,,,949000000.0,13741000000.0,19469000000.0,-2599000000.0,5689000000.0,19556000000.0,,44000000.0,-47000000.0,-187000000.0,-111000000.0,,,,,,2130000000.0,,,,,1169000000.0,304000000.0,,-9000000.0,-1447000000.0,,,-59000000.0,610000000.0,
2021-03-31,3881000000.0,2232000000.0,,,891000000.0,,631000000.0,,499000000.0,114000000.0,378000000.0,1.59,1.58,237400000.0,239000000.0,1808000000.0,,,1914000000.0,,,463000000.0,7339000000.0,,3052000000.0,5153000000.0,2301000000.0,680000000.0,20139000000.0,,,,5120000000.0,,,,961000000.0,14170000000.0,19719000000.0,-2730000000.0,5839000000.0,20139000000.0,,17000000.0,-7000000.0,354000000.0,189000000.0,,,,,,-23000000.0,,,,,356000000.0,80000000.0,,-6000000.0,-424000000.0,,,469000000.0,-18000000.0,97000000.0
2021-06-30,8240000000.0,4861000000.0,,,1846000000.0,,1275000000.0,,1092000000.0,274000000.0,809000000.0,3.4,3.38,237800000.0,239800000.0,1195000000.0,,,2226000000.0,,,417000000.0,7446000000.0,,3424000000.0,6233000000.0,3024000000.0,685000000.0,22353000000.0,,,,5488000000.0,,,,977000000.0,15942000000.0,20022000000.0,-2664000000.0,6242000000.0,22353000000.0,,35000000.0,61000000.0,480000000.0,280000000.0,,,,,,581000000.0,,,,,2126000000.0,142000000.0,,-19000000.0,-2242000000.0,,,1054000000.0,-631000000.0,276000000.0
2021-09-30,12612000000.0,7594000000.0,,,2796000000.0,,1823000000.0,,1533000000.0,370000000.0,1153000000.0,4.85,4.81,237900000.0,239800000.0,1216000000.0,,,2249000000.0,,,365000000.0,7300000000.0,,3350000000.0,6206000000.0,2842000000.0,696000000.0,21883000000.0,,,,5463000000.0,,,,916000000.0,15473000000.0,20226000000.0,-2871000000.0,6253000000.0,21883000000.0,,39000000.0,58000000.0,376000000.0,334000000.0,,,,,,1106000000.0,,,,,2137000000.0,220000000.0,,-23000000.0,-2276000000.0,,,606000000.0,-610000000.0,376000000.0
2021-12-31,16802000000.0,10286000000.0,,463000000.0,3780000000.0,,2171000000.0,,1815000000.0,374000000.0,1439000000.0,6.06,6.01,237600000.0,239400000.0,1005000000.0,,2687000000.0,2171000000.0,970000000.0,,379000000.0,6774000000.0,,3442000000.0,6248000000.0,2783000000.0,742000000.0,21351000000.0,,,,4766000000.0,,,,757000000.0,14940000000.0,20372000000.0,-2750000000.0,6286000000.0,21351000000.0,,57000000.0,35000000.0,63000000.0,279000000.0,,,,,,1562000000.0,,,,,2137000000.0,371000000.0,,-57000000.0,-2404000000.0,,,93000000.0,-821000000.0,
2022-03-31,4308000000.0,2698000000.0,,,974000000.0,,459000000.0,,78000000.0,55000000.0,18000000.0,0.08,0.08,236600000.0,238200000.0,960000000.0,,,2439000000.0,,,496000000.0,7627000000.0,,3322000000.0,6232000000.0,2590000000.0,734000000.0,21888000000.0,,,,5172000000.0,,,,709000000.0,15555000000.0,20251000000.0,-2714000000.0,6218000000.0,21888000000.0,,6000000.0,-36000000.0,530000000.0,325000000.0,,,,,,-304000000.0,,,,,9000000.0,194000000.0,,-20000000.0,-183000000.0,,,443000000.0,-45000000.0,114000000.0
2022-06-30,8999000000.0,5652000000.0,,,1956000000.0,,1061000000.0,,644000000.0,173000000.0,459000000.0,1.94,1.93,236500000.0,237900000.0,931000000.0,,,2481000000.0,,,465000000.0,7756000000.0,,3214000000.0,6119000000.0,2449000000.0,740000000.0,21572000000.0,,,,5165000000.0,,,,671000000.0,15281000000.0,20552000000.0,-2922000000.0,6182000000.0,21572000000.0,,18000000.0,-95000000.0,792000000.0,437000000.0,,,,,,-136000000.0,,,,,43000000.0,264000000.0,,-41000000.0,-150000000.0,,,213000000.0,-74000000.0,214000000.0
2022-09-30,13467000000.0,8473000000.0,,,2887000000.0,,1615000000.0,,1062000000.0,252000000.0,788000000.0,3.33,3.32,236200000.0,237500000.0,1029000000.0,,,2411000000.0,,,449000000.0,7490000000.0,,3140000000.0,5884000000.0,2352000000.0,752000000.0,20868000000.0,,,,4926000000.0,,,,692000000.0,14724000000.0,20736000000.0,-3266000000.0,6034000000.0,20868000000.0,,27000000.0,-129000000.0,644000000.0,458000000.0,,,,,,376000000.0,,,,,43000000.0,368000000.0,,-49000000.0,-246000000.0,,,-56000000.0,24000000.0,343000000.0
2022-12-31,17652000000.0,11096000000.0,,470000000.0,3842000000.0,,2042000000.0,,1381000000.0,325000000.0,1026000000.0,4.34,4.32,236100000.0,237300000.0,1099000000.0,,2824000000.0,2272000000.0,898000000.0,,444000000.0,7173000000.0,,3328000000.0,6078000000.0,2414000000.0,583000000.0,20744000000.0,,,,4721000000.0,,,,632000000.0,14035000000.0,20828000000.0,-2810000000.0,6592000000.0,20744000000.0,,35000000.0,-157000000.0,268000000.0,227000000.0,,,,,,963000000.0,,,,,114000000.0,518000000.0,,-54000000.0,-461000000.0,,,-409000000.0,94000000.0,
2023-03-31,4380000000.0,2596000000.0,,,992000000.0,,635000000.0,,353000000.0,80000000.0,264000000.0,1.12,1.11,235800000.0,236900000.0,1426000000.0,,,2599000000.0,,,517000000.0,8193000000.0,,3355000000.0,6163000000.0,2442000000.0,603000000.0,22099000000.0,,,,4868000000.0,,,,645000000.0,14846000000.0,20946000000.0,-2408000000.0,7142000000.0,22099000000.0,,17000000.0,-131000000.0,277000000.0,308000000.0,,,,,,85000000.0,,,,,0.0,120000000.0,,-6000000.0,-64000000.0,,,277000000.0,327000000.0,107000000.0
2023-06-30,9252000000.0,5462000000.0,,,2061000000.0,,1422000000.0,,999000000.0,229000000.0,754000000.0,3.2,3.18,236000000.0,237300000.0,1228000000.0,,,2506000000.0,,,445000000.0,8068000000.0,,3418000000.0,6294000000.0,2493000000.0,602000000.0,22216000000.0,,,,5416000000.0,,,,657000000.0,14424000000.0,21290000000.0,-2299000000.0,7614000000.0,22216000000.0,,34000000.0,-112000000.0,528000000.0,176000000.0,,,,,,621000000.0,,,,,106000000.0,242000000.0,,-6000000.0,-290000000.0,,,-266000000.0,129000000.0,270000000.0
2023-09-30,13896000000.0,8214000000.0,,,3108000000.0,,2120000000.0,,1556000000.0,350000000.0,1180000000.0,5.0,4.97,236200000.0,237500000.0,1218000000.0,,,2217000000.0,,,441000000.0,7552000000.0,,3406000000.0,6181000000.0,2416000000.0,628000000.0,21501000000.0,,,,5100000000.0,,,,652000000.0,13566000000.0,21563000000.0,-2472000000.0,7751000000.0,21501000000.0,,42000000.0,-131000000.0,358000000.0,-70000000.0,,,,,,1513000000.0,,,,,108000000.0,381000000.0,,-5000000.0,-399000000.0,,,-1005000000.0,119000000.0,378000000.0
2023-12-31,18246000000.0,10745000000.0,,456000000.0,4222000000.0,,2675000000.0,,1748000000.0,439000000.0,1270000000.0,5.38,5.35,236000000.0,237200000.0,1514000000.0,,2881000000.0,2127000000.0,982000000.0,,436000000.0,7431000000.0,,3644000000.0,6200000000.0,2424000000.0,584000000.0,21647000000.0,,,,5054000000.0,,,,654000000.0,13624000000.0,21500000000.0,-2239000000.0,7832000000.0,21647000000.0,,59000000.0,-183000000.0,-10000000.0,-203000000.0,,,,,,2411000000.0,,,,,109000000.0,549000000.0,,-66000000.0,-556000000.0,,,-1550000000.0,415000000.0,
2024-03-31,4311000000.0,2445000000.0,,,1064000000.0,,651000000.0,,538000000.0,129000000.0,400000000.0,1.7,1.69,235600000.0,236900000.0,1181000000.0,,,2331000000.0,,,524000000.0,7671000000.0,,3633000000.0,6140000000.0,2399000000.0,601000000.0,21867000000.0,,,,4943000000.0,,,,648000000.0,13741000000.0,21747000000.0,-2251000000.0,7941000000.0,21867000000.0,,12000000.0,-45000000.0,344000000.0,229000000.0,,,,,,-60000000.0,,,,,,256000000.0,,-17000000.0,-239000000.0,,,-35000000.0,-333000000.0,94000000.0
2024-06-30,9105000000.0,5179000000.0,,,2141000000.0,,1480000000.0,,1231000000.0,285000000.0,928000000.0,3.95,3.93,235100000.0,236300000.0,1131000000.0,,,2299000000.0,,,448000000.0,7784000000.0,,3636000000.0,6047000000.0,2266000000.0,570000000.0,21729000000.0,,,,5225000000.0,,,,658000000.0,13784000000.0,22123000000.0,-2663000000.0,7767000000.0,21729000000.0,,22000000.0,-44000000.0,638000000.0,217000000.0,,,,,,305000000.0,,,,,27000000.0,374000000.0,,-21000000.0,-370000000.0,,,-185000000.0,-383000000.0,343000000.0
2024-09-30,13680000000.0,7842000000.0,,,3203000000.0,,2192000000.0,,1842000000.0,422000000.0,1396000000.0,5.96,5.93,234500000.0,235600000.0,1251000000.0,,,2263000000.0,,,438000000.0,7913000000.0,,3611000000.0,6080000000.0,2203000000.0,580000000.0,21858000000.0,,,,4996000000.0,,,,638000000.0,13886000000.0,22432000000.0,-2780000000.0,7788000000.0,21858000000.0,,32000000.0,-68000000.0,436000000.0,163000000.0,,,,,,1074000000.0,,,,,29000000.0,523000000.0,,-30000000.0,-511000000.0,,,-617000000.0,-263000000.0,481000000.0
