Date,Net sales,Cost of sales,Gross margin,Research and development,"Selling, general and administrative",Total operating expenses,Operating income,"Other income/(expense), net",Income before provision for income taxes,Provision for income taxes,Net income,Earnings per share basic,Earnings per share diluted,Weighted-average basic,Weighted-average diluted,Cash and cash equivalents,Short-term marketable securities,"Accounts receivable, net",Inventories,Deferred tax assets,Vendor non-trade receivables,Other current assets,Total current assets,Long-term marketable securities,"Property, Plant and Equipment, Net",Goodwill,"Acquired intangible assets, net","Other Assets, Noncurrent",Total assets,accounts payable,Accrued expenses,Deferred revenue,Total current liabilities,Deferred revenue - non-current,deferred tax liabilities,long term taxes payable,Total other non-current liabilities,Total liabilities,Retained Earnings (Accumulated Deficit),Accumulated other comprehensive (loss)/income,Total shareholders equity,Total liabilities and shareholders' equity,"Depreciation, amortization and accretion",Stock-based compensation expense,Deferred income tax expense,"Increase (Decrease) in Accounts receivable, net",Increase (Decrease) in Inventories,Increase (Decrease) in Other Receivables,Increase (Decrease) in Other Operating Assets,Increase (Decrease) in Accounts Payable,Increase (Decrease) in Deferred Revenue,Increase (Decrease) Other liabilities,Cash generated by operating activities,Purchases of marketable securities,Proceeds from maturities of marketable securities,Proceeds from sales of marketable securities,Purchases of other long-term investments,"Business acquisitions, net of cash acquired",Cash payments for capital asset purchases,Payments for acquisition of intangible assets,Payments for (Proceeds from) Other Investing Activities,Cash used in investing activities,Proceeds from issuance of common stock,Excess tax benefits from stock-based compensation,Cash generated/used in financing activities,Increase/(decrease) in cash and cash equivalents,"Cash paid for income taxes, net"
2009-12-31,,,,,,,961000000.0,,596000000.0,130000000.0,407000000.0,1.08,1.08,376082000.0,376406000.0,801000000.0,,409000000.0,357000000.0,,59000000.0,10000000.0,4752000000.0,,,806000000.0,615000000.0,400000000.0,22165000000.0,619000000.0,726000000.0,,4182000000.0,,2153000000.0,,591000000.0,,3749000000.0,-537000000.0,5496000000.0,22165000000.0,,,,,-21000000.0,,12000000.0,,,20000000.0,1852000000.0,227000000.0,,201000000.0,0.0,,1225000000.0,88000000.0,10000000.0,-880000000.0,60000000.0,,-1271000000.0,-299000000.0,16000000.0
2010-03-31,,,,,,,492000000.0,,386000000.0,131000000.0,250000000.0,0.66,0.66,377717000.0,377986000.0,1724000000.0,,503000000.0,339000000.0,,56000000.0,20000000.0,7221000000.0,,,754000000.0,608000000.0,414000000.0,24935000000.0,796000000.0,871000000.0,,5792000000.0,,2313000000.0,,588000000.0,,3866000000.0,-288000000.0,5892000000.0,24935000000.0,,,,,,,-22000000.0,,,10000000.0,798000000.0,49000000.0,,44000000.0,,,283000000.0,22000000.0,-6000000.0,-310000000.0,14000000.0,,430000000.0,923000000.0,
2010-09-30,,,,,,,1224000000.0,,790000000.0,152000000.0,583000000.0,1.4,1.4,482552000.0,482762000.0,4853000000.0,,494000000.0,338000000.0,,57000000.0,56000000.0,9192000000.0,,,756000000.0,601000000.0,504000000.0,26728000000.0,733000000.0,682000000.0,,4345000000.0,,2468000000.0,,539000000.0,,3897000000.0,-160000000.0,8324000000.0,26728000000.0,,,,,,,-86000000.0,,,-2000000.0,1696000000.0,93000000.0,,83000000.0,,,980000000.0,64000000.0,-12000000.0,-840000000.0,2425000000.0,,3186000000.0,4052000000.0,
2010-12-31,,,,,,,1866000000.0,,1239000000.0,263000000.0,938000000.0,2.17,2.17,431345000.0,431569000.0,925000000.0,,652000000.0,643000000.0,-2710000000.0,90000000.0,16000000.0,6188000000.0,,20858000000.0,1761000000.0,966000000.0,571000000.0,32837000000.0,1028000000.0,925000000.0,,5214000000.0,,2563000000.0,,752000000.0,,4082000000.0,-479000000.0,8210000000.0,32837000000.0,,,256000000.0,,,,-45000000.0,,,-12000000.0,2033000000.0,128000000.0,,114000000.0,,6812000000.0,1597000000.0,92000000.0,-39000000.0,-8229000000.0,2441000000.0,,6307000000.0,124000000.0,313000000.0
2011-09-30,8519000000.0,,,,,,2167000000.0,,1481000000.0,429000000.0,1041000000.0,1.92,1.91,577595000.0,578054000.0,1511000000.0,,753000000.0,633000000.0,,122000000.0,51000000.0,5412000000.0,,26922000000.0,4196000000.0,1074000000.0,678000000.0,40956000000.0,1120000000.0,927000000.0,,4540000000.0,,3451000000.0,,867000000.0,,4547000000.0,-500000000.0,10848000000.0,40956000000.0,,,,,,,22000000.0,,,-71000000.0,1846000000.0,144000000.0,,134000000.0,,5763000000.0,1685000000.0,,74000000.0,-7039000000.0,2281000000.0,,5804000000.0,586000000.0,
2011-12-31,12737000000.0,,,,,,3101000000.0,,2201000000.0,691000000.0,1495000000.0,2.71,2.7,550395000.0,550952000.0,1202000000.0,,742000000.0,654000000.0,-3571000000.0,85000000.0,28000000.0,6426000000.0,,27266000000.0,4114000000.0,1065000000.0,790000000.0,42648000000.0,1214000000.0,1113000000.0,,5255000000.0,,3326000000.0,,1060000000.0,,4797000000.0,-788000000.0,10828000000.0,42648000000.0,,,662000000.0,,,,62000000.0,,,-99000000.0,2507000000.0,169000000.0,,156000000.0,,0.0,2487000000.0,,90000000.0,-7952000000.0,2297000000.0,,5767000000.0,277000000.0,-76000000.0
2012-03-31,4112000000.0,,,,,,1051000000.0,,804000000.0,259000000.0,541000000.0,0.93,0.93,579041000.0,579527000.0,1103000000.0,,723000000.0,669000000.0,,84000000.0,31000000.0,7062000000.0,,27706000000.0,4161000000.0,1064000000.0,801000000.0,44082000000.0,1027000000.0,1292000000.0,,5888000000.0,,3589000000.0,,1020000000.0,,5129000000.0,-730000000.0,11267000000.0,44082000000.0,,,,,,,12000000.0,,,-15000000.0,728000000.0,38000000.0,,34000000.0,,,682000000.0,,19000000.0,-711000000.0,16000000.0,,-124000000.0,-99000000.0,
2012-06-30,6661000000.0,,,,,,1623000000.0,,1169000000.0,347000000.0,812000000.0,1.39,1.39,579881000.0,580593000.0,981000000.0,,750000000.0,719000000.0,,63000000.0,31000000.0,6151000000.0,,28269000000.0,4036000000.0,909000000.0,947000000.0,43508000000.0,1037000000.0,1222000000.0,,5318000000.0,,3638000000.0,,960000000.0,,5190000000.0,-1120000000.0,10962000000.0,43508000000.0,,,,,,,16000000.0,,,-45000000.0,947000000.0,85000000.0,,79000000.0,,,1309000000.0,,29000000.0,-1353000000.0,35000000.0,,191000000.0,-221000000.0,
2012-09-30,9064000000.0,,,,,,2287000000.0,,1541000000.0,364000000.0,1167000000.0,2.0,2.0,580585000.0,582636000.0,946000000.0,,763000000.0,663000000.0,,51000000.0,49000000.0,5227000000.0,,29047000000.0,4130000000.0,913000000.0,962000000.0,43240000000.0,1071000000.0,1088000000.0,,4887000000.0,,3705000000.0,,921000000.0,,5335000000.0,-1039000000.0,11214000000.0,43240000000.0,,,,,,,-1000000.0,,,-39000000.0,2094000000.0,112000000.0,,102000000.0,,,2078000000.0,,26000000.0,-2116000000.0,54000000.0,,-240000000.0,-256000000.0,
2013-03-31,2457000000.0,,,,,,693000000.0,,564000000.0,151000000.0,413000000.0,0.7,0.65,582640000.0,657020000.0,853000000.0,,936000000.0,616000000.0,,60000000.0,95000000.0,4989000000.0,,29975000000.0,3995000000.0,910000000.0,598000000.0,43341000000.0,1071000000.0,1029000000.0,,5650000000.0,,3577000000.0,,666000000.0,,5676000000.0,-2146000000.0,10524000000.0,43341000000.0,,,,187000000.0,,,-33000000.0,,,-59000000.0,244000000.0,28000000.0,,24000000.0,,,828000000.0,,15000000.0,-899000000.0,20000000.0,,621000000.0,-48000000.0,
2013-06-30,5907000000.0,,,,,,1451000000.0,,1077000000.0,260000000.0,818000000.0,1.39,1.28,589834000.0,664615000.0,711000000.0,,879000000.0,642000000.0,,129000000.0,63000000.0,4775000000.0,,30600000000.0,3991000000.0,907000000.0,613000000.0,43746000000.0,1114000000.0,971000000.0,,5542000000.0,,3704000000.0,,659000000.0,,5863000000.0,-2128000000.0,10936000000.0,43746000000.0,,,,189000000.0,,,64000000.0,,,4000000.0,947000000.0,66000000.0,,59000000.0,,,1797000000.0,,13000000.0,-1834000000.0,259000000.0,,710000000.0,-190000000.0,
2013-09-30,9012000000.0,,,,,,2308000000.0,,1571000000.0,344000000.0,1228000000.0,2.03,1.9,631046000.0,664343000.0,1291000000.0,,857000000.0,686000000.0,,117000000.0,67000000.0,4971000000.0,,31588000000.0,4050000000.0,932000000.0,623000000.0,44988000000.0,1079000000.0,1001000000.0,,4948000000.0,,3777000000.0,,665000000.0,,6040000000.0,-2007000000.0,12344000000.0,44988000000.0,,,,79000000.0,,,59000000.0,,,111000000.0,2223000000.0,102000000.0,,92000000.0,,,2768000000.0,,23000000.0,-2788000000.0,1409000000.0,,966000000.0,390000000.0,
2013-12-31,11860000000.0,,,,,,2339000000.0,,1309000000.0,180000000.0,1130000000.0,1.85,1.76,608983000.0,663073000.0,1102000000.0,,923000000.0,702000000.0,-3690000000.0,97000000.0,37000000.0,5153000000.0,,33087000000.0,4225000000.0,947000000.0,357000000.0,46259000000.0,1308000000.0,998000000.0,,4912000000.0,,3928000000.0,,583000000.0,,5709000000.0,-1565000000.0,12466000000.0,46259000000.0,,,65000000.0,165000000.0,,,-7000000.0,,,194000000.0,2857000000.0,159000000.0,,144000000.0,,,4212000000.0,95000000.0,-47000000.0,-4295000000.0,1411000000.0,,1631000000.0,201000000.0,128000000.0
2014-03-31,1223000000.0,,,,,,715000000.0,,428000000.0,112000000.0,316000000.0,0.5,0.49,630749000.0,663939000.0,1256000000.0,,1108000000.0,607000000.0,342000000.0,103000000.0,45000000.0,6094000000.0,,33774000000.0,4298000000.0,943000000.0,357000000.0,47973000000.0,1345000000.0,932000000.0,,6376000000.0,,4096000000.0,,642000000.0,,5788000000.0,-1429000000.0,12717000000.0,47973000000.0,,,,185000000.0,-96000000.0,,3000000.0,,,76000000.0,931000000.0,32000000.0,,27000000.0,,,892000000.0,,8000000.0,-1183000000.0,,,392000000.0,154000000.0,
2014-06-30,4097000000.0,,,,,,1433000000.0,,806000000.0,261000000.0,545000000.0,0.84,0.83,653132000.0,665792000.0,1269000000.0,,981000000.0,651000000.0,317000000.0,115000000.0,49000000.0,5537000000.0,,34431000000.0,4301000000.0,952000000.0,357000000.0,48193000000.0,1178000000.0,930000000.0,,5156000000.0,,4261000000.0,,628000000.0,,5768000000.0,-1398000000.0,13735000000.0,48193000000.0,,,,73000000.0,-52000000.0,,-1000000.0,,,64000000.0,1583000000.0,73000000.0,,65000000.0,,,1854000000.0,48000000.0,-2000000.0,-2103000000.0,1017000000.0,,671000000.0,167000000.0,
2014-09-30,7476000000.0,,,,,,2289000000.0,,1552000000.0,520000000.0,1042000000.0,1.6,1.57,664432000.0,666402000.0,1188000000.0,,911000000.0,763000000.0,242000000.0,139000000.0,43000000.0,5760000000.0,,34397000000.0,4187000000.0,936000000.0,343000000.0,48189000000.0,1208000000.0,998000000.0,,5412000000.0,,4423000000.0,,601000000.0,,6017000000.0,-1438000000.0,13974000000.0,48189000000.0,,52000000.0,,29000000.0,60000000.0,,-8000000.0,,,59000000.0,2628000000.0,124000000.0,,112000000.0,,,2878000000.0,74000000.0,-13000000.0,-2974000000.0,1037000000.0,,419000000.0,86000000.0,
2014-12-31,11499000000.0,,,,,,3272000000.0,,2364000000.0,781000000.0,1737000000.0,2.64,2.61,653504000.0,665973000.0,1751000000.0,,923000000.0,836000000.0,1581000000.0,171000000.0,32000000.0,6159000000.0,,34597000000.0,4005000000.0,925000000.0,312000000.0,48864000000.0,1356000000.0,1076000000.0,,7443000000.0,,4450000000.0,,589000000.0,,6462000000.0,-2274000000.0,13628000000.0,48864000000.0,,64000000.0,577000000.0,83000000.0,134000000.0,,-12000000.0,,,23000000.0,3403000000.0,170000000.0,,154000000.0,120000000.0,,4090000000.0,95000000.0,-17000000.0,-3329000000.0,1074000000.0,,583000000.0,649000000.0,190000000.0
2015-03-31,3165000000.0,,,,,,1067000000.0,,915000000.0,268000000.0,647000000.0,0.97,0.96,666974000.0,668732000.0,1335000000.0,,1104000000.0,687000000.0,155000000.0,127000000.0,35000000.0,5699000000.0,,34959000000.0,3964000000.0,920000000.0,333000000.0,48921000000.0,1128000000.0,909000000.0,,7217000000.0,,4627000000.0,,596000000.0,,6860000000.0,-2311000000.0,14036000000.0,48921000000.0,,28000000.0,,143000000.0,-149000000.0,,1000000.0,,,47000000.0,673000000.0,43000000.0,,38000000.0,,,942000000.0,20000000.0,13000000.0,-990000000.0,35000000.0,,-97000000.0,-416000000.0,
2015-06-30,4011000000.0,,,,,,1528000000.0,,1090000000.0,288000000.0,,-1.13,-1.13,668415000.0,671286000.0,846000000.0,,737000000.0,315000000.0,159000000.0,106000000.0,140000000.0,2870000000.0,,29218000000.0,3590000000.0,658000000.0,339000000.0,38244000000.0,902000000.0,490000000.0,,4509000000.0,,3538000000.0,,481000000.0,,2654000000.0,-2284000000.0,9941000000.0,38244000000.0,,38000000.0,,74000000.0,,,29000000.0,,,61000000.0,1313000000.0,,,,15000000.0,,1679000000.0,24000000.0,0.0,-1724000000.0,83000000.0,,-485000000.0,-553000000.0,
2015-09-30,5889000000.0,,,,,,2214000000.0,,1630000000.0,432000000.0,,0.58,0.58,670763000.0,673702000.0,981000000.0,,713000000.0,321000000.0,223000000.0,64000000.0,181000000.0,2990000000.0,,29962000000.0,3613000000.0,672000000.0,382000000.0,39246000000.0,808000000.0,508000000.0,,4468000000.0,,3736000000.0,,482000000.0,,2791000000.0,-2206000000.0,10222000000.0,39246000000.0,,26000000.0,,5000000.0,-60000000.0,,42000000.0,,,69000000.0,2031000000.0,,,,15000000.0,,2560000000.0,32000000.0,-3000000.0,-2612000000.0,145000000.0,,-183000000.0,-418000000.0,
2015-12-31,7669000000.0,,,,,,2831000000.0,,2068000000.0,465000000.0,,1.01,1.01,669814000.0,672586000.0,836000000.0,,673000000.0,357000000.0,1780000000.0,59000000.0,63000000.0,2646000000.0,,30382000000.0,3550000000.0,679000000.0,311000000.0,39301000000.0,812000000.0,549000000.0,,3876000000.0,,3440000000.0,,489000000.0,,2953000000.0,-2728000000.0,9919000000.0,39301000000.0,,,808000000.0,-47000000.0,,,19000000.0,,,53000000.0,2615000000.0,,,,0.0,,3533000000.0,37000000.0,13000000.0,-3588000000.0,203000000.0,,68000000.0,,179000000.0
2016-03-31,2011000000.0,,,,,,823000000.0,,660000000.0,179000000.0,,0.71,0.71,675441000.0,678817000.0,814000000.0,,727000000.0,332000000.0,,50000000.0,38000000.0,2713000000.0,,29832000000.0,3336000000.0,667000000.0,160000000.0,38709000000.0,707000000.0,516000000.0,,4066000000.0,,3560000000.0,,478000000.0,,3185000000.0,-3159000000.0,9762000000.0,38709000000.0,,13000000.0,,62000000.0,-25000000.0,,5000000.0,,,15000000.0,557000000.0,,,,0.0,,656000000.0,6000000.0,-1000000.0,-661000000.0,42000000.0,,115000000.0,,
2016-06-30,3796000000.0,,,,,,1548000000.0,,1335000000.0,371000000.0,,1.42,1.41,677145000.0,680729000.0,492000000.0,,667000000.0,336000000.0,,44000000.0,43000000.0,2360000000.0,,30794000000.0,3455000000.0,708000000.0,164000000.0,39528000000.0,726000000.0,607000000.0,,3408000000.0,,3749000000.0,,441000000.0,,3409000000.0,-2857000000.0,10325000000.0,39528000000.0,,18000000.0,,-16000000.0,,,-2000000.0,,,-55000000.0,1170000000.0,,,,,,1346000000.0,14000000.0,-13000000.0,-1347000000.0,76000000.0,,-152000000.0,,
2016-09-30,5685000000.0,,,,,,2334000000.0,,1947000000.0,510000000.0,,2.12,2.11,678114000.0,680348000.0,416000000.0,,687000000.0,346000000.0,,45000000.0,37000000.0,2099000000.0,,29969000000.0,3175000000.0,693000000.0,152000000.0,38038000000.0,741000000.0,479000000.0,,3412000000.0,,3810000000.0,,437000000.0,,3624000000.0,-3480000000.0,9975000000.0,38038000000.0,,23000000.0,,29000000.0,-8000000.0,,-18000000.0,,,-75000000.0,2230000000.0,,,,,,2073000000.0,23000000.0,-28000000.0,-2066000000.0,133000000.0,,-558000000.0,,
2016-12-31,7517000000.0,,,,,,3048000000.0,,2550000000.0,648000000.0,,2.8,2.79,677592000.0,680446000.0,341000000.0,,666000000.0,356000000.0,1655000000.0,46000000.0,52000000.0,2067000000.0,,30074000000.0,3060000000.0,700000000.0,160000000.0,38315000000.0,820000000.0,569000000.0,,3837000000.0,,3889000000.0,,422000000.0,,3829000000.0,-3778000000.0,9899000000.0,38315000000.0,,,560000000.0,15000000.0,,,-42000000.0,,,-95000000.0,2890000000.0,,,,0.0,,2920000000.0,37000000.0,-29000000.0,-2918000000.0,144000000.0,,-439000000.0,,70000000.0
2017-03-31,1951000000.0,,,,,,796000000.0,,532000000.0,129000000.0,403000000.0,0.59,0.59,680882000.0,683084000.0,409000000.0,,702000000.0,312000000.0,,58000000.0,51000000.0,2227000000.0,,30407000000.0,3050000000.0,644000000.0,151000000.0,39034000000.0,700000000.0,465000000.0,,4256000000.0,,4055000000.0,,422000000.0,,3962000000.0,-3777000000.0,10109000000.0,39034000000.0,,19000000.0,,43000000.0,-44000000.0,,-5000000.0,,,4000000.0,135000000.0,,,,,,677000000.0,3000000.0,-1000000.0,-677000000.0,73000000.0,,607000000.0,68000000.0,
2017-06-30,3676000000.0,,,,,,1498000000.0,,900000000.0,205000000.0,695000000.0,1.02,1.01,683841000.0,686351000.0,467000000.0,,628000000.0,316000000.0,,85000000.0,54000000.0,2166000000.0,,31233000000.0,3139000000.0,656000000.0,152000000.0,39964000000.0,752000000.0,526000000.0,,4350000000.0,,4130000000.0,,434000000.0,,3983000000.0,-3523000000.0,10490000000.0,39964000000.0,,22000000.0,,-26000000.0,-42000000.0,,1000000.0,,,-11000000.0,790000000.0,,,,,,1373000000.0,15000000.0,-6000000.0,-1382000000.0,177000000.0,,711000000.0,126000000.0,
2017-09-30,5521000000.0,,,,,,2275000000.0,,1371000000.0,321000000.0,1050000000.0,1.53,1.53,686563000.0,688746000.0,676000000.0,,617000000.0,323000000.0,,96000000.0,56000000.0,2331000000.0,,31816000000.0,3134000000.0,666000000.0,143000000.0,40758000000.0,838000000.0,570000000.0,,4149000000.0,,4224000000.0,,472000000.0,,4066000000.0,-3503000000.0,10692000000.0,40758000000.0,,30000000.0,,-25000000.0,-35000000.0,,-4000000.0,,,-5000000.0,1754000000.0,,,,,,2152000000.0,25000000.0,-13000000.0,-2164000000.0,275000000.0,,738000000.0,335000000.0,
2017-12-31,7447000000.0,,,,,,3068000000.0,,1912000000.0,784000000.0,,1.64,1.64,685240000.0,687334000.0,485000000.0,,681000000.0,320000000.0,1691000000.0,100000000.0,50000000.0,2294000000.0,,33092000000.0,3258000000.0,697000000.0,135000000.0,41479000000.0,924000000.0,624000000.0,,4023000000.0,,2462000000.0,,441000000.0,,3871000000.0,-3422000000.0,10761000000.0,41479000000.0,,38000000.0,753000000.0,33000000.0,-40000000.0,,-30000000.0,,,-12000000.0,2461000000.0,,,,,,3133000000.0,38000000.0,-15000000.0,-3156000000.0,453000000.0,,824000000.0,,65000000.0
2018-03-31,2142000000.0,,,,,,851000000.0,,569000000.0,117000000.0,452000000.0,0.65,0.65,694514000.0,695322000.0,629000000.0,,760000000.0,279000000.0,,89000000.0,49000000.0,2490000000.0,,33736000000.0,3302000000.0,703000000.0,140000000.0,42388000000.0,836000000.0,515000000.0,,4238000000.0,,2557000000.0,,441000000.0,,4037000000.0,-3279000000.0,11176000000.0,42388000000.0,,15000000.0,,71000000.0,-43000000.0,,30000000.0,,,-12000000.0,566000000.0,,,,,,750000000.0,7000000.0,-4000000.0,-753000000.0,100000000.0,,331000000.0,142000000.0,
2018-06-30,3987000000.0,,,,,,1509000000.0,,1226000000.0,259000000.0,967000000.0,1.39,1.38,699006000.0,700976000.0,852000000.0,,675000000.0,288000000.0,,66000000.0,62000000.0,2600000000.0,,33823000000.0,3308000000.0,694000000.0,192000000.0,42830000000.0,804000000.0,547000000.0,,4448000000.0,,2632000000.0,,456000000.0,,4266000000.0,-3495000000.0,11240000000.0,42830000000.0,,16000000.0,,-46000000.0,-32000000.0,,67000000.0,,,57000000.0,1325000000.0,65000000.0,,,,,1527000000.0,,57000000.0,-1649000000.0,147000000.0,,695000000.0,364000000.0,
2018-09-30,5840000000.0,,,,,,2195000000.0,,1774000000.0,362000000.0,1412000000.0,2.02,2.01,703730000.0,710517000.0,842000000.0,,684000000.0,295000000.0,,58000000.0,61000000.0,2545000000.0,,34018000000.0,3242000000.0,700000000.0,191000000.0,43042000000.0,814000000.0,555000000.0,,4383000000.0,,2717000000.0,,441000000.0,,4423000000.0,-3648000000.0,11783000000.0,43042000000.0,,21000000.0,,-38000000.0,-25000000.0,,38000000.0,,,44000000.0,2210000000.0,65000000.0,,,,,2344000000.0,,57000000.0,-2466000000.0,678000000.0,,618000000.0,353000000.0,
2018-12-31,7779000000.0,,,,,,2852000000.0,,2285000000.0,458000000.0,1827000000.0,2.59,2.58,704439000.0,708619000.0,621000000.0,,663000000.0,303000000.0,1752000000.0,107000000.0,63000000.0,2432000000.0,,34458000000.0,3162000000.0,716000000.0,192000000.0,43396000000.0,989000000.0,551000000.0,,4563000000.0,,2796000000.0,,436000000.0,,4593000000.0,-3964000000.0,11657000000.0,43396000000.0,,26000000.0,410000000.0,-28000000.0,-17000000.0,,75000000.0,,,40000000.0,2821000000.0,65000000.0,,,,,3238000000.0,,58000000.0,-3361000000.0,698000000.0,,690000000.0,132000000.0,127000000.0
2019-03-31,2063000000.0,,,,,,781000000.0,,592000000.0,126000000.0,466000000.0,0.65,0.64,721023000.0,729953000.0,518000000.0,,749000000.0,274000000.0,,104000000.0,62000000.0,2429000000.0,,35307000000.0,3260000000.0,728000000.0,290000000.0,44567000000.0,823000000.0,506000000.0,,4061000000.0,,2941000000.0,,469000000.0,,4761000000.0,-3647000000.0,12172000000.0,44567000000.0,,14000000.0,,57000000.0,-31000000.0,,20000000.0,,,-10000000.0,474000000.0,,,,,,729000000.0,,-5000000.0,-722000000.0,22000000.0,,142000000.0,-103000000.0,
2019-06-30,3837000000.0,,,,,,1421000000.0,,1117000000.0,210000000.0,907000000.0,1.26,1.24,721785000.0,730915000.0,406000000.0,,662000000.0,286000000.0,,110000000.0,67000000.0,2231000000.0,,35130000000.0,3139000000.0,710000000.0,291000000.0,44204000000.0,830000000.0,512000000.0,,4063000000.0,,2986000000.0,,458000000.0,,4903000000.0,-3996000000.0,11983000000.0,44204000000.0,,19000000.0,,-22000000.0,-19000000.0,,,,,,1070000000.0,,,,,,1474000000.0,,11000000.0,-1479000000.0,35000000.0,,198000000.0,-215000000.0,
2019-09-30,5767000000.0,,,,,,2147000000.0,,1710000000.0,328000000.0,1382000000.0,1.91,1.89,722259000.0,731151000.0,670000000.0,,625000000.0,295000000.0,,112000000.0,78000000.0,2534000000.0,,35108000000.0,3050000000.0,709000000.0,335000000.0,44559000000.0,846000000.0,528000000.0,,3840000000.0,,3076000000.0,,483000000.0,,5080000000.0,-4272000000.0,11902000000.0,44559000000.0,,24000000.0,,-57000000.0,-9000000.0,,,,,,1888000000.0,,,,,,2197000000.0,,5000000.0,-2194000000.0,49000000.0,,363000000.0,47000000.0,
2019-12-31,7701000000.0,,,,,,2840000000.0,,2155000000.0,409000000.0,1746000000.0,2.39,2.37,728512000.0,736754000.0,815000000.0,,687000000.0,332000000.0,1642000000.0,105000000.0,98000000.0,2767000000.0,,36482000000.0,3198000000.0,742000000.0,386000000.0,45680000000.0,956000000.0,535000000.0,,4900000000.0,,,,485000000.0,,5127000000.0,-4358000000.0,12991000000.0,45680000000.0,,36000000.0,338000000.0,-4000000.0,26000000.0,,,,,,2427000000.0,,,,55000000.0,,3083000000.0,,11000000.0,-3080000000.0,1167000000.0,,836000000.0,193000000.0,93000000.0
2020-03-31,2041000000.0,,,,,,817000000.0,,694000000.0,140000000.0,554000000.0,0.72,0.72,767948000.0,768738000.0,915000000.0,,730000000.0,320000000.0,,107000000.0,102000000.0,2956000000.0,,36835000000.0,3178000000.0,748000000.0,365000000.0,46328000000.0,833000000.0,488000000.0,,5322000000.0,,,,481000000.0,,5360000000.0,-4366000000.0,13241000000.0,46328000000.0,,6000000.0,,35000000.0,-13000000.0,,,,,,692000000.0,,,,,,826000000.0,,7000000.0,-833000000.0,20000000.0,,240000000.0,100000000.0,
2020-06-30,3765000000.0,,,,,,1412000000.0,,1112000000.0,214000000.0,898000000.0,1.17,1.17,768768000.0,769408000.0,1278000000.0,,665000000.0,333000000.0,,106000000.0,111000000.0,3268000000.0,,36785000000.0,3086000000.0,730000000.0,364000000.0,46520000000.0,804000000.0,498000000.0,,5168000000.0,,,,559000000.0,,5383000000.0,-4602000000.0,13044000000.0,46520000000.0,,12000000.0,,-10000000.0,-6000000.0,,,,,,1299000000.0,,,,,,1576000000.0,,6000000.0,-1573000000.0,33000000.0,,745000000.0,465000000.0,
2020-09-30,5644000000.0,,,,,,2099000000.0,,1602000000.0,423000000.0,1179000000.0,1.53,1.53,768786000.0,769660000.0,746000000.0,,742000000.0,351000000.0,,88000000.0,116000000.0,2695000000.0,,38320000000.0,3283000000.0,763000000.0,388000000.0,47924000000.0,864000000.0,500000000.0,,5442000000.0,,,,611000000.0,,5345000000.0,-3927000000.0,13686000000.0,47924000000.0,,17000000.0,,40000000.0,8000000.0,,,,,,2247000000.0,,,,,,2348000000.0,,12000000.0,-2358000000.0,32000000.0,,33000000.0,-67000000.0,
2020-12-31,7556000000.0,,,,,,2803000000.0,,1971000000.0,502000000.0,1469000000.0,1.91,1.91,768590000.0,769384000.0,708000000.0,,790000000.0,361000000.0,1452000000.0,91000000.0,130000000.0,2768000000.0,,38892000000.0,3274000000.0,764000000.0,398000000.0,48116000000.0,965000000.0,684000000.0,,5977000000.0,,,,593000000.0,,5315000000.0,-4220000000.0,13373000000.0,48116000000.0,,29000000.0,432000000.0,82000000.0,17000000.0,,,,,,2746000000.0,,,,0.0,,3249000000.0,,18000000.0,-3258000000.0,34000000.0,,386000000.0,-109000000.0,95000000.0
2021-03-31,1516000000.0,,,,,,415000000.0,,262000000.0,59000000.0,-1840000000.0,,,769159000.0,770710000.0,421000000.0,,634000000.0,260000000.0,,77000000.0,32000000.0,20327000000.0,,24697000000.0,716000000.0,348000000.0,393000000.0,47781000000.0,660000000.0,387000000.0,,15623000000.0,,,,559000000.0,,3155000000.0,-3882000000.0,11554000000.0,47781000000.0,,6000000.0,,60000000.0,-41000000.0,,,,,,663000000.0,,,,,,471000000.0,,1000000.0,-735000000.0,1000000.0,,-71000000.0,-21000000.0,
2021-06-30,2818000000.0,,,,,,685000000.0,,-191000000.0,404000000.0,-1821000000.0,,,769466000.0,769466000.0,7629000000.0,,569000000.0,265000000.0,,89000000.0,100000000.0,9018000000.0,,24945000000.0,716000000.0,347000000.0,385000000.0,36759000000.0,683000000.0,414000000.0,,4172000000.0,,,,544000000.0,,2854000000.0,-191000000.0,14952000000.0,36759000000.0,,,,,,,,,,,1521000000.0,,,,,,969000000.0,,8000000.0,8976000000.0,0.0,,-3602000000.0,7187000000.0,
2021-09-30,4345000000.0,,,,,,1116000000.0,,331000000.0,455000000.0,-1614000000.0,,,768781000.0,769849000.0,4767000000.0,,578000000.0,304000000.0,,73000000.0,92000000.0,6137000000.0,,25206000000.0,716000000.0,344000000.0,482000000.0,34171000000.0,635000000.0,447000000.0,,2343000000.0,,,,552000000.0,,2743000000.0,-183000000.0,14576000000.0,34171000000.0,,,,,,,,,,,1978000000.0,,,,,,1460000000.0,,22000000.0,8471000000.0,5000000.0,,-6416000000.0,4325000000.0,
2021-12-31,5838000000.0,,,,,,1424000000.0,,521000000.0,503000000.0,-1480000000.0,-1.93,-1.93,762902000.0,764819000.0,3571000000.0,,583000000.0,322000000.0,928000000.0,58000000.0,106000000.0,5007000000.0,,25470000000.0,716000000.0,343000000.0,451000000.0,33223000000.0,679000000.0,437000000.0,,2323000000.0,,,,479000000.0,,2572000000.0,-157000000.0,13723000000.0,33223000000.0,,,516000000.0,14000000.0,,,,,,,2270000000.0,,,,,,1973000000.0,,23000000.0,7957000000.0,9000000.0,,-7390000000.0,3129000000.0,284000000.0
2022-03-31,1748000000.0,,,,,,454000000.0,,347000000.0,74000000.0,273000000.0,,,735503000.0,736184000.0,4249000000.0,,625000000.0,280000000.0,,44000000.0,101000000.0,5713000000.0,,25645000000.0,716000000.0,340000000.0,474000000.0,34107000000.0,686000000.0,389000000.0,,3033000000.0,,,,455000000.0,,2697000000.0,-152000000.0,13865000000.0,34107000000.0,,11000000.0,,38000000.0,-42000000.0,,,,,,502000000.0,,,,,,427000000.0,,0.0,-427000000.0,,,603000000.0,678000000.0,
2022-06-30,3398000000.0,,,,,,697000000.0,0.0,498000000.0,106000000.0,392000000.0,,,735977000.0,736769000.0,336000000.0,,772000000.0,332000000.0,,95000000.0,94000000.0,2301000000.0,,29910000000.0,2297000000.0,337000000.0,536000000.0,37062000000.0,985000000.0,649000000.0,,3726000000.0,,,,566000000.0,,2649000000.0,-124000000.0,13870000000.0,37062000000.0,,18000000.0,,47000000.0,-23000000.0,,,,,,979000000.0,,,,,3674000000.0,1009000000.0,,0.0,-4683000000.0,,,469000000.0,-3235000000.0,
2022-09-30,5575000000.0,,,,,,1038000000.0,,713000000.0,147000000.0,566000000.0,0.77,0.77,736247000.0,737074000.0,303000000.0,,816000000.0,422000000.0,,110000000.0,106000000.0,2720000000.0,,29894000000.0,2241000000.0,315000000.0,493000000.0,37378000000.0,968000000.0,592000000.0,,3315000000.0,,,,371000000.0,,2658000000.0,-130000000.0,13881000000.0,37378000000.0,,,,103000000.0,71000000.0,,,,,,1511000000.0,,,,,3674000000.0,1515000000.0,,-3000000.0,-5186000000.0,,,407000000.0,-3268000000.0,
2022-12-31,7786000000.0,,,,,,1374000000.0,,915000000.0,201000000.0,756000000.0,1.03,1.02,736027000.0,736902000.0,356000000.0,,896000000.0,443000000.0,1022000000.0,150000000.0,77000000.0,2824000000.0,,30238000000.0,2248000000.0,313000000.0,395000000.0,37837000000.0,1201000000.0,624000000.0,,3789000000.0,,,,361000000.0,,2681000000.0,-124000000.0,13915000000.0,37837000000.0,,,190000000.0,176000000.0,90000000.0,,,,,,1730000000.0,,,,,3660000000.0,2155000000.0,,-15000000.0,-5654000000.0,,,709000000.0,-3215000000.0,163000000.0
2023-03-31,2447000000.0,,,,,,498000000.0,,364000000.0,79000000.0,285000000.0,0.39,0.39,736829000.0,737698000.0,460000000.0,,1033000000.0,434000000.0,,121000000.0,59000000.0,3038000000.0,,30457000000.0,2248000000.0,310000000.0,429000000.0,38302000000.0,1133000000.0,542000000.0,,2480000000.0,,,,366000000.0,,2788000000.0,-123000000.0,14033000000.0,38302000000.0,,,,94000000.0,-10000000.0,,,,,,430000000.0,,,,,,499000000.0,,4000000.0,-503000000.0,,,177000000.0,104000000.0,
2023-06-30,4269000000.0,,,,,,803000000.0,,509000000.0,112000000.0,397000000.0,0.54,0.54,737075000.0,738177000.0,326000000.0,,979000000.0,474000000.0,,70000000.0,34000000.0,2725000000.0,,30762000000.0,2247000000.0,309000000.0,427000000.0,38296000000.0,975000000.0,509000000.0,,2505000000.0,,,,357000000.0,,2721000000.0,-137000000.0,13959000000.0,38296000000.0,,,,1000000.0,30000000.0,,,,,,842000000.0,,,,,0.0,1090000000.0,,6000000.0,-1096000000.0,,,224000000.0,-30000000.0,
2023-09-30,6306000000.0,,,,,,1240000000.0,,797000000.0,170000000.0,627000000.0,0.85,0.85,737107000.0,738184000.0,353000000.0,,1019000000.0,488000000.0,,49000000.0,59000000.0,2754000000.0,,31070000000.0,2247000000.0,307000000.0,464000000.0,38629000000.0,1178000000.0,541000000.0,,2879000000.0,,,,368000000.0,,2775000000.0,-142000000.0,14012000000.0,38629000000.0,,22000000.0,,37000000.0,43000000.0,,,,,,1648000000.0,,,,,0.0,1741000000.0,,-2000000.0,-1739000000.0,,,88000000.0,-3000000.0,
2023-12-31,8290000000.0,,,,,,1630000000.0,,924000000.0,184000000.0,740000000.0,1.0,1.0,737036000.0,738166000.0,331000000.0,,950000000.0,505000000.0,1129000000.0,271000000.0,51000000.0,2932000000.0,,31418000000.0,2247000000.0,306000000.0,459000000.0,39236000000.0,1104000000.0,591000000.0,,3340000000.0,,,,385000000.0,,2710000000.0,-163000000.0,13933000000.0,39236000000.0,,33000000.0,334000000.0,170000000.0,60000000.0,,,,,,1758000000.0,,,,,0.0,2390000000.0,,-7000000.0,-2383000000.0,,,650000000.0,25000000.0,281000000.0
2024-03-31,2303000000.0,,,,,,545000000.0,,388000000.0,81000000.0,307000000.0,0.42,0.42,737512000.0,738820000.0,276000000.0,,999000000.0,477000000.0,,271000000.0,101000000.0,3037000000.0,,31747000000.0,2247000000.0,304000000.0,437000000.0,39631000000.0,903000000.0,474000000.0,,2375000000.0,,,,404000000.0,,2828000000.0,-161000000.0,,39631000000.0,,,,75000000.0,-33000000.0,,,,,,282000000.0,,,,,,596000000.0,,-5000000.0,-591000000.0,,,248000000.0,-61000000.0,
2024-06-30,4178000000.0,,,,,,935000000.0,,628000000.0,131000000.0,497000000.0,0.67,0.67,737748000.0,739563000.0,282000000.0,,933000000.0,502000000.0,,109000000.0,69000000.0,2798000000.0,,32173000000.0,2247000000.0,314000000.0,418000000.0,39839000000.0,980000000.0,479000000.0,,2515000000.0,,,,407000000.0,,2826000000.0,-160000000.0,,39839000000.0,,,,-162000000.0,-4000000.0,,,,,,1048000000.0,,,,,,1266000000.0,,-5000000.0,-1261000000.0,,,155000000.0,-58000000.0,
2024-09-30,6254000000.0,,,,,,1363000000.0,,900000000.0,189000000.0,711000000.0,0.96,0.96,737773000.0,739965000.0,542000000.0,,939000000.0,517000000.0,,61000000.0,75000000.0,2974000000.0,,32627000000.0,2247000000.0,314000000.0,416000000.0,40472000000.0,920000000.0,603000000.0,,2306000000.0,,,,430000000.0,,2848000000.0,-163000000.0,,40472000000.0,,,,-259000000.0,9000000.0,,,,,,1829000000.0,,,,,,1945000000.0,,-1000000.0,-1944000000.0,,,316000000.0,201000000.0,
,,,,,,,,,,,,,,,,,,,,,,,,,,,,,,,,,,,,,,,,,,,,,,,,,,,,,,,,,,,,,,,,,,,
