Date,Net sales,Cost of sales,Gross margin,Research and development,"Selling, general and administrative",Total operating expenses,Operating income,"Other income/(expense), net",Income before provision for income taxes,Provision for income taxes,Net income,Earnings per share basic,Earnings per share diluted,Weighted-average basic,Weighted-average diluted,Cash and cash equivalents,Short-term marketable securities,"Accounts receivable, net",Inventories,Deferred tax assets,Vendor non-trade receivables,Other current assets,Total current assets,Long-term marketable securities,"Property, Plant and Equipment, Net",Goodwill,"Acquired intangible assets, net","Other Assets, Noncurrent",Total assets,accounts payable,Accrued expenses,Deferred revenue,Total current liabilities,Deferred revenue - non-current,deferred tax liabilities,long term taxes payable,Total other non-current liabilities,Total liabilities,Retained Earnings (Accumulated Deficit),Accumulated other comprehensive (loss)/income,Total shareholders equity,Total liabilities and shareholders' equity,"Depreciation, amortization and accretion",Stock-based compensation expense,Deferred income tax expense,"Increase (Decrease) in Accounts receivable, net",Increase (Decrease) in Inventories,Increase (Decrease) in Other Receivables,Increase (Decrease) in Other Operating Assets,Increase (Decrease) in Accounts Payable,Increase (Decrease) in Deferred Revenue,Increase (Decrease) Other liabilities,Cash generated by operating activities,Purchases of marketable securities,Proceeds from maturities of marketable securities,Proceeds from sales of marketable securities,Purchases of other long-term investments,"Business acquisitions, net of cash acquired",Cash payments for capital asset purchases,Payments for acquisition of intangible assets,Payments for (Proceeds from) Other Investing Activities,Cash used in investing activities,Proceeds from issuance of common stock,Excess tax benefits from stock-based compensation,Cash generated/used in financing activities,Increase/(decrease) in cash and cash equivalents,"Cash paid for income taxes, net"
2009-12-31,32688000000.0,,,,8991000000.0,,,,,21000000.0,3124000000.0,7.68,7.63,,,13164000000.0,,,,0.0,,,,,,,,,480203000000.0,,,,,,,,,454474000000.0,13787000000.0,-443000000.0,25195000000.0,480203000000.0,,,123000000.0,,,,,,,,5840000000.0,42911000000.0,,,1018000000.0,,,,193000000.0,2429000000.0,1391000000.0,2000000.0,-10421000000.0,-1864000000.0,-109000000.0
2010-03-31,9292000000.0,,,,2281000000.0,,,,,353000000.0,697000000.0,1.16,1.15,,,9626000000.0,,,,,,,,,,,,,491861000000.0,,,,,,,,,464355000000.0,14478000000.0,620000000.0,27000000000.0,491861000000.0,,,,,,,,,,,-51000000.0,9600000000.0,,,117000000.0,,,,-137000000.0,-3670000000.0,,5000000.0,285000000.0,-3538000000.0,
2010-09-30,30308000000.0,,,,7169000000.0,,,,,1306000000.0,3018000000.0,5.38,5.31,,,11973000000.0,,,,,,,,,,,,,526924000000.0,,,,,,,,,492856000000.0,16794000000.0,4729000000.0,33546000000.0,526924000000.0,,,,,,,,,,,4604000000.0,27860000000.0,11762000000.0,8961000000.0,641000000.0,,,,-414000000.0,-6130000000.0,0.0,11000000.0,258000000.0,-1191000000.0,
2010-12-31,38414000000.0,,,,,,,,,1310000000.0,3195000000.0,,,,,12915000000.0,,,,-6050000000.0,,,,,,707000000.0,352000000.0,,539854000000.0,,,,,,,,,506926000000.0,16381000000.0,2978000000.0,32415000000.0,539854000000.0,,,1665000000.0,,,,,,,,6542000000.0,38213000000.0,17346000000.0,11214000000.0,824000000.0,,,,-422000000.0,-8522000000.0,970000000.0,12000000.0,1613000000.0,-249000000.0,893000000.0
2011-03-31,10186000000.0,,,,,,,,,190000000.0,608000000.0,,,,,10995000000.0,,,,,,,,,,,,,599008000000.0,,,,,,,,,565762000000.0,16978000000.0,2564000000.0,32696000000.0,599008000000.0,,,,,,,,,,,2231000000.0,8048000000.0,3931000000.0,3141000000.0,174000000.0,,,,282000000.0,-3932000000.0,,6000000.0,-171000000.0,-1920000000.0,
2011-06-30,22433000000.0,,,,,,,,,522000000.0,1446000000.0,,,,,13909000000.0,,,,,,,,,,,,,613377000000.0,,,,,,,,,577741000000.0,17811000000.0,4014000000.0,35043000000.0,613377000000.0,,,,,,,,,,,5174000000.0,23088000000.0,9258000000.0,10929000000.0,539000000.0,,,,201000000.0,-6307000000.0,,9000000.0,2048000000.0,994000000.0,
2011-09-30,37350000000.0,,,,,,,,,1370000000.0,2980000000.0,,,,,15526000000.0,,,,,,,,,,,,,611473000000.0,,,,,,,,,573669000000.0,19332000000.0,5292000000.0,37149000000.0,611473000000.0,,,,,,,,,,,10821000000.0,38963000000.0,,,1252000000.0,,,,-119000000.0,-10984000000.0,,13000000.0,2593000000.0,2611000000.0,
2011-12-31,49045000000.0,,,,,,,,,1599000000.0,3666000000.0,,,,,14251000000.0,,,,-8052000000.0,,,,,,-888000000.0,335000000.0,,624521000000.0,,,,,,,,,586710000000.0,19281000000.0,5563000000.0,37223000000.0,624521000000.0,,,1152000000.0,,,,,,,,12377000000.0,52045000000.0,,,1865000000.0,,,,-182000000.0,-13295000000.0,0.0,20000000.0,2099000000.0,1336000000.0,809000000.0
2012-03-31,9623000000.0,,,,,,,,,171000000.0,-967000000.0,-2.09,-2.09,,,14201000000.0,,,,,,,,,,,,,637737000000.0,,,,,,,,,602199000000.0,15339000000.0,7226000000.0,34942000000.0,637737000000.0,,,,,,,,,,,767000000.0,13573000000.0,,,277000000.0,,,,-16000000.0,-2224000000.0,,44000000.0,1519000000.0,-50000000.0,
2012-06-30,25759000000.0,,,,,,,,,903000000.0,2198000000.0,,,,,14242000000.0,,,,,,,,,,,,,647463000000.0,,,,,,,,,608833000000.0,17524000000.0,8290000000.0,38021000000.0,647463000000.0,,,,,,,,,,,6036000000.0,26266000000.0,,,939000000.0,,,,-182000000.0,-5509000000.0,,51000000.0,-494000000.0,-9000000.0,
2012-09-30,38903000000.0,,,,,,,,,572000000.0,-618000000.0,,,,,13906000000.0,,,,,,,,,,,,,671698000000.0,,,,,,,,,632332000000.0,16896000000.0,9650000000.0,38675000000.0,671698000000.0,,,,,,,,,,,11749000000.0,38848000000.0,,,1316000000.0,,,,-167000000.0,-11412000000.0,,53000000.0,-669000000.0,-345000000.0,
2012-12-31,84815000000.0,,,,,,,,,204000000.0,469000000.0,,,,,18100000000.0,,,,-8015000000.0,,,,,,873000000.0,311000000.0,,709298000000.0,,,,,,,,,670007000000.0,16138000000.0,10214000000.0,38575000000.0,709298000000.0,,,-884000000.0,,,,,,,,20909000000.0,52212000000.0,,,1736000000.0,,,,-143000000.0,-15420000000.0,0.0,51000000.0,-1305000000.0,3849000000.0,501000000.0
2013-03-31,10185000000.0,,,,,,,,,-831000000.0,-706000000.0,-1.55,-1.55,,,14477000000.0,,,,,,,,,,,,,724097000000.0,,,,,,,,,683431000000.0,15203000000.0,12418000000.0,39963000000.0,724097000000.0,,,,,,,,,,,187000000.0,13564000000.0,,,633000000.0,,,,228000000.0,-3652000000.0,,8000000.0,349000000.0,-3623000000.0,
2013-06-30,20229000000.0,,,,,,,,,-1104000000.0,-1227000000.0,,,,,13045000000.0,,,,,,,,,,,,,705615000000.0,,,,,,,,,669707000000.0,14486000000.0,8449000000.0,35148000000.0,705615000000.0,,,,,,,,,,,2386000000.0,30252000000.0,,,1522000000.0,,,,221000000.0,-7853000000.0,,13000000.0,1265000000.0,-5055000000.0,
2013-09-30,31572000000.0,,,,,,,,,-595000000.0,1042000000.0,,,,,12650000000.0,,,,,,,,,,,,,723126000000.0,,,,,,,,,688010000000.0,15335000000.0,6899000000.0,34358000000.0,723126000000.0,,,,,,,,,,,5483000000.0,45215000000.0,,,1938000000.0,,,,291000000.0,-12276000000.0,,21000000.0,2152000000.0,-5450000000.0,
2013-12-31,41461000000.0,,,,,,,,,-1058000000.0,-667000000.0,-1.55,-1.55,,,11439000000.0,,,,-6099000000.0,,,,,,839000000.0,303000000.0,,731781000000.0,,,,,,,,,695900000000.0,14531000000.0,8681000000.0,35278000000.0,731781000000.0,,,-1092000000.0,,,,,,,,8445000000.0,67774000000.0,,,2850000000.0,488000000.0,,,532000000.0,-16334000000.0,,32000000.0,2242000000.0,-6661000000.0,1279000000.0
2014-03-31,12854000000.0,,,,,,,,,473000000.0,1238000000.0,2.63,2.59,,,12472000000.0,,,,,,,,,,,,,746735000000.0,,,,,,,,,707871000000.0,15517000000.0,10798000000.0,38223000000.0,746735000000.0,,,,,,,,,,,1979000000.0,15701000000.0,,,495000000.0,,,,-202000000.0,-2969000000.0,,14000000.0,1997000000.0,1033000000.0,
2014-06-30,26000000000.0,,,,,,,,,877000000.0,2328000000.0,,,,,12160000000.0,,,,,,,,,,,,,765537000000.0,,,,,,,,,723730000000.0,16357000000.0,13077000000.0,41195000000.0,765537000000.0,,,,,,,,,,,5555000000.0,32670000000.0,,,1148000000.0,,,,-272000000.0,-7525000000.0,,16000000.0,2617000000.0,721000000.0,
2014-09-30,38380000000.0,,,,,,,,,643000000.0,2840000000.0,,,,,17222000000.0,,,,,,,,,,,,,764147000000.0,,,,,,,,,721795000000.0,16616000000.0,13501000000.0,41769000000.0,764147000000.0,,,,,,,,,,,11422000000.0,44613000000.0,,,1661000000.0,,,,-228000000.0,-9677000000.0,,24000000.0,4118000000.0,5783000000.0,
2014-12-31,54105000000.0,,,,,,,,,349000000.0,1381000000.0,,,,,14918000000.0,,,,-10367000000.0,,,,,,831000000.0,294000000.0,,766655000000.0,,,,,,,,,724306000000.0,14888000000.0,16050000000.0,41770000000.0,766655000000.0,,,-27000000.0,,,,,,,,19396000000.0,57467000000.0,,,2445000000.0,,,,-231000000.0,-17088000000.0,,26000000.0,1629000000.0,3479000000.0,109000000.0
2015-03-31,15552000000.0,,,,,,,,,699000000.0,2036000000.0,4.44,4.37,,,19119000000.0,,,,,,,,,,,,,778612000000.0,,,,,,,,,733038000000.0,16173000000.0,17752000000.0,45044000000.0,778612000000.0,,,,,,,,,,,5528000000.0,10357000000.0,,,331000000.0,,,,95000000.0,1648000000.0,,12000000.0,-3086000000.0,4201000000.0,
2015-06-30,29264000000.0,,,,,,,,,1378000000.0,3442000000.0,7.52,7.4,,,17038000000.0,,,,,,,,,,,,,762731000000.0,,,,,,,,,720439000000.0,17314000000.0,13404000000.0,41723000000.0,762731000000.0,,,,,,,,,,,3475000000.0,23175000000.0,,,870000000.0,,,,36000000.0,714000000.0,,14000000.0,-2109000000.0,2120000000.0,
2015-09-30,42863000000.0,,,,,,,,,1962000000.0,4907000000.0,10.74,10.56,,,20207000000.0,,,,,,,,,,,,,754527000000.0,,,,,,,,,711757000000.0,18515000000.0,13463000000.0,42720000000.0,754527000000.0,,,,,,,,,,,11830000000.0,33792000000.0,,,1620000000.0,,,,-56000000.0,-5163000000.0,,18000000.0,-1434000000.0,5289000000.0,
2015-12-31,57119000000.0,,,,,,,,,2072000000.0,5642000000.0,12.37,12.17,,,17612000000.0,,,,5899000000.0,,,,,,824000000.0,303000000.0,,757388000000.0,,,,,,,,,715465000000.0,18931000000.0,12285000000.0,41890000000.0,757388000000.0,,,709000000.0,,,,,,,,13895000000.0,47606000000.0,,,2005000000.0,,,,-106000000.0,-7746000000.0,,19000000.0,-3524000000.0,2694000000.0,1083000000.0
2016-03-31,14329000000.0,,,,,,,,,368000000.0,1336000000.0,2.97,2.93,,,22492000000.0,,,,,,,,,,,,,772995000000.0,,,,,,,,,723730000000.0,19843000000.0,19066000000.0,49242000000.0,772995000000.0,,,,,,,,,,,6294000000.0,15415000000.0,,,518000000.0,,,,-61000000.0,-2748000000.0,,2000000.0,1179000000.0,4880000000.0,
2016-06-30,28768000000.0,,,,,,,,,799000000.0,2257000000.0,5.03,4.97,,,24142000000.0,,,,,,,,,,,,,796490000000.0,,,,,,,,,741312000000.0,20451000000.0,24667000000.0,55149000000.0,796490000000.0,,,,,,,,,,,13489000000.0,33380000000.0,,,865000000.0,,,,-178000000.0,-7789000000.0,,3000000.0,619000000.0,6530000000.0,
2016-09-30,45729000000.0,,,,,,,,,1300000000.0,4084000000.0,9.16,9.02,,,24728000000.0,,,,,,,,,,,,,819865000000.0,,,,,,,,,762891000000.0,21969000000.0,24925000000.0,56431000000.0,819865000000.0,,,,,,,,,,,17038000000.0,49467000000.0,,,1537000000.0,,,,-228000000.0,-13084000000.0,,4000000.0,2802000000.0,7116000000.0,
2016-12-31,58779000000.0,,,,,,,,5705000000.0,1335000000.0,4368000000.0,9.85,9.71,,,14127000000.0,,,,5687000000.0,,,,,,833000000.0,310000000.0,,783962000000.0,,,,,,,,,737874000000.0,21946000000.0,14621000000.0,45863000000.0,783962000000.0,,,700000000.0,,,,,,,,14778000000.0,66857000000.0,,,1923000000.0,,,,227000000.0,-21551000000.0,,21000000.0,3238000000.0,-3485000000.0,770000000.0
2017-03-31,13670000000.0,,,,,,,,1742000000.0,395000000.0,1369000000.0,3.14,3.09,429900000.0,439100000.0,13308000000.0,,,,,,,,,,,,,797365000000.0,,,,,,,,,750391000000.0,22983000000.0,14643000000.0,46784000000.0,797365000000.0,-50000000.0,,,,,,,,,,1646000000.0,17801000000.0,,,349000000.0,,,,139000000.0,-3011000000.0,,0.0,430000000.0,-819000000.0,
2017-06-30,27111000000.0,,,,,,,,2350000000.0,520000000.0,1860000000.0,4.28,4.21,429100000.0,438100000.0,16605000000.0,,,,,,,,,,,,,812590000000.0,,,,,,,,,763950000000.0,23146000000.0,16362000000.0,48444000000.0,812590000000.0,107000000.0,,,,,,,,,,4703000000.0,34153000000.0,28990000000.0,,,,,,444000000.0,-2787000000.0,,0.0,452000000.0,2478000000.0,
2017-09-30,43424000000.0,,,,,,,,5371000000.0,1320000000.0,4098000000.0,9.46,9.29,428100000.0,437100000.0,14541000000.0,,,,,,,,,,,,,821131000000.0,,,,,,,,,770566000000.0,25060000000.0,16598000000.0,50373000000.0,821131000000.0,271000000.0,,,,,,,,,,8761000000.0,50140000000.0,42243000000.0,,,,,,633000000.0,-8189000000.0,,0.0,-303000000.0,414000000.0,
2017-12-31,59689000000.0,,,,,,,,6487000000.0,-1438000000.0,7863000000.0,18.19,17.86,427000000.0,436000000.0,14490000000.0,,,,3647000000.0,,,,,,843000000.0,342000000.0,,831921000000.0,,,,,,,,,777577000000.0,28504000000.0,17074000000.0,54069000000.0,831921000000.0,,,-1996000000.0,,,,,,,,13445000000.0,68667000000.0,58244000000.0,,1780000000.0,,,,712000000.0,-11934000000.0,,0.0,-1258000000.0,363000000.0,185000000.0
2018-03-31,13757000000.0,,,,,,,,1693000000.0,352000000.0,1363000000.0,3.19,3.14,422000000.0,430900000.0,15676000000.0,5382000000.0,,,,,,,,,,,,829677000000.0,,,,,,,,,777502000000.0,28898000000.0,14761000000.0,51830000000.0,829677000000.0,-22000000.0,,,,,,,,,,2301000000.0,15652000000.0,14665000000.0,,,,,,40000000.0,-2273000000.0,,,889000000.0,1221000000.0,
2018-06-30,2036000000.0,,,,,,,,1943000000.0,420000000.0,1560000000.0,3.66,3.62,420800000.0,429500000.0,14918000000.0,,,,,,,,,,,,,819860000000.0,,,,,,,,,771268000000.0,28713000000.0,11655000000.0,48232000000.0,819860000000.0,48000000.0,,,,,,,,,,6675000000.0,34922000000.0,30599000000.0,,,,,,134000000.0,-6489000000.0,,,409000000.0,524000000.0,
2018-09-30,3073000000.0,,,,,,,,3781000000.0,604000000.0,3232000000.0,7.62,7.51,419200000.0,427800000.0,12466000000.0,,,,,,,,,,,,,822748000000.0,,,,,,,,,775666000000.0,30005000000.0,9150000000.0,46725000000.0,822748000000.0,45000000.0,,,,,,,,,,10268000000.0,53071000000.0,42903000000.0,,,,,,286000000.0,-12941000000.0,,,809000000.0,-1932000000.0,
2018-12-31,62992000000.0,,,,,,,,4834000000.0,822000000.0,4074000000.0,9.64,9.5,417600000.0,426200000.0,15353000000.0,,,,2710000000.0,,,,,,863000000.0,348000000.0,,815078000000.0,,,,,,,,,766047000000.0,30470000000.0,10906000000.0,48617000000.0,815078000000.0,161000000.0,,480000000.0,,,,,,,,21664000000.0,77234000000.0,59675000000.0,,2664000000.0,,,,188000000.0,-21628000000.0,,0.0,781000000.0,959000000.0,760000000.0
2019-03-31,15091000000.0,,,,,,,,1140000000.0,232000000.0,932000000.0,2.25,2.22,409200000.0,417600000.0,14699000000.0,,,,,,,,,,,,,849324000000.0,,,,,,,,,793874000000.0,30966000000.0,17218000000.0,55010000000.0,849324000000.0,20000000.0,,,,,,,,,,3085000000.0,17395000000.0,14063000000.0,,,,,,97000000.0,-5299000000.0,,,1566000000.0,-650000000.0,
2019-06-30,30479000000.0,,,,,,,,2016000000.0,394000000.0,1640000000.0,3.98,3.93,407300000.0,415800000.0,15421000000.0,,,,,,,,,,,,,873825000000.0,,,,,,,,,811672000000.0,31263000000.0,23982000000.0,61660000000.0,873825000000.0,-89000000.0,,,,,,,,,,8324000000.0,32847000000.0,25681000000.0,,,,,,222000000.0,-8037000000.0,,,-239000000.0,75000000.0,
2019-09-30,45584000000.0,,,,,,,,3741000000.0,726000000.0,3058000000.0,7.45,7.35,406200000.0,413200000.0,18289000000.0,,,,,,,,,,,,,885626000000.0,,,,,,,,,819312000000.0,32269000000.0,27558000000.0,65798000000.0,885626000000.0,352000000.0,,,,,,,,,,15640000000.0,48162000000.0,38356000000.0,,,,,,339000000.0,-13116000000.0,,,358000000.0,2938000000.0,
2019-12-31,64807000000.0,,,,,,,,5085000000.0,947000000.0,4186000000.0,10.23,10.11,404800000.0,410900000.0,16327000000.0,,,,3234000000.0,,,,,,3013000000.0,600000000.0,,896552000000.0,,,,,,,,,832833000000.0,32991000000.0,24039000000.0,63115000000.0,896552000000.0,460000000.0,,-20000000.0,,,,,,,,19625000000.0,64570000000.0,52306000000.0,,2557000000.0,,,,437000000.0,-17028000000.0,,,-1634000000.0,979000000.0,1348000000.0
2020-03-31,13464000000.0,,,,,,,,-338000000.0,-58000000.0,-271000000.0,-0.7,-0.7,397000000.0,397000000.0,31646000000.0,,,,,,,,,,,,,873712000000.0,,,,,,,,,812640000000.0,32176000000.0,22600000000.0,60447000000.0,873712000000.0,329000000.0,,,,,,,,,,14766000000.0,13379000000.0,9997000000.0,,,,,,18000000.0,-5780000000.0,,,6359000000.0,15323000000.0,
2020-06-30,25579000000.0,,,,,,,,-2670000000.0,115000000.0,-2680000000.0,-6.8,-6.8,395800000.0,395800000.0,21149000000.0,,,,,,,,,,,,,915387000000.0,,,,,,,,,848879000000.0,29326000000.0,30837000000.0,65897000000.0,915387000000.0,383000000.0,,,,,,,,,,13479000000.0,26815000000.0,20664000000.0,,,,,,107000000.0,-13349000000.0,,,4687000000.0,4823000000.0,
2020-09-30,41004000000.0,,,,,,,,1447000000.0,-50000000.0,1487000000.0,3.72,3.7,395600000.0,397100000.0,20658000000.0,,,,,,,,,,,,,911589000000.0,,,,,,,,,844699000000.0,30372000000.0,30001000000.0,66217000000.0,911589000000.0,448000000.0,,,,,,,,,,12881000000.0,39692000000.0,31989000000.0,,,,,,225000000.0,-13739000000.0,,,5066000000.0,4330000000.0,
2020-12-31,57033000000.0,,,,,8887000000.0,,,-323000000.0,-81000000.0,-374000000.0,-1.0,-1.0,395800000.0,395800000.0,13701000000.0,,,,5024000000.0,,,,,,3035000000.0,580000000.0,,940722000000.0,,,,,,,,,872512000000.0,30749000000.0,30738000000.0,67425000000.0,940722000000.0,457000000.0,,-369000000.0,,,,,,,,8368000000.0,56523000000.0,44106000000.0,,2760000000.0,,,,278000000.0,-16210000000.0,,,4883000000.0,-2619000000.0,287000000.0
2021-03-31,16952000000.0,,,,,,,,3414000000.0,636000000.0,2828000000.0,7.02,6.98,396300000.0,398800000.0,16099000000.0,,,,,,,,,,,,,907280000000.0,,,,,,,,,848504000000.0,33110000000.0,19219000000.0,58036000000.0,907280000000.0,30000000.0,,,,,,,,,,-3297000000.0,13166000000.0,21470000000.0,,,,,,70000000.0,6476000000.0,,,-670000000.0,2296000000.0,
2021-06-30,32869000000.0,,,,,,,,6187000000.0,1245000000.0,4986000000.0,12.47,12.39,393700000.0,396400000.0,15145000000.0,,,,,,,,,,,,,926461000000.0,,,,,,,,,862777000000.0,34808000000.0,23277000000.0,63048000000.0,926461000000.0,45000000.0,,,,,,,,,,1062000000.0,29501000000.0,34913000000.0,,,,,,149000000.0,3162000000.0,,,-2667000000.0,1340000000.0,
2021-09-30,54510000000.0,,,,,,,,7993000000.0,1504000000.0,6516000000.0,16.44,16.32,390400000.0,393200000.0,15605000000.0,,,,,,,,,,,,,932582000000.0,,,,,,,,,870023000000.0,35887000000.0,21836000000.0,61887000000.0,932582000000.0,87000000.0,,,,,,,,,,6479000000.0,46831000000.0,48950000000.0,,,,,,531000000.0,597000000.0,,,-3527000000.0,1798000000.0,
2021-12-31,70934000000.0,,,,,21235000000.0,,,9381000000.0,1674000000.0,7724000000.0,19.65,19.51,387200000.0,390100000.0,12888000000.0,,,,3314000000.0,,,,,,1804000000.0,619000000.0,,937582000000.0,,,,,,,,,874974000000.0,36652000000.0,21324000000.0,61876000000.0,937582000000.0,204000000.0,,-214000000.0,,,,,,,,9812000000.0,65174000000.0,64759000000.0,,3628000000.0,,,,596000000.0,-5342000000.0,,,-3011000000.0,-921000000.0,1668000000.0
2022-03-31,13215000000.0,,,,,,,,-115000000.0,-69000000.0,-31000000.0,-0.1,-0.1,376100000.0,376100000.0,14086000000.0,,,,,,,,,,,,,878066000000.0,,,,,,,,,833388000000.0,36159000000.0,4205000000.0,43978000000.0,878066000000.0,18000000.0,,,,,,,,,,1000000.0,17000000000.0,14240000000.0,,,,,,-29000000.0,495000000.0,,,426000000.0,1202000000.0,
2022-06-30,26236000000.0,,,,,,,,-626000000.0,-58000000.0,-596000000.0,-1.62,-1.62,375300000.0,375300000.0,14359000000.0,,,,,,,,,,,,,695599000000.0,,,,,,,,,666681000000.0,35137000000.0,-10178000000.0,28235000000.0,695599000000.0,188000000.0,,,,,,,,,,1502000000.0,33244000000.0,28636000000.0,,,,,,-59000000.0,-3240000000.0,,,1464000000.0,1480000000.0,
2022-09-30,46716000000.0,,,,,,,,-1063000000.0,-206000000.0,-880000000.0,-2.41,-2.41,373800000.0,373800000.0,20104000000.0,,,,,,,,,,,,,677756000000.0,,,,,,,,,660576000000.0,34399000000.0,-20874000000.0,16502000000.0,677756000000.0,62000000.0,,,,,,,,,,5780000000.0,45004000000.0,38851000000.0,,,,,,65000000.0,-4262000000.0,,,4075000000.0,7218000000.0,
2022-12-31,60050000000.0,,,,,3608000000.0,,,-1776000000.0,-370000000.0,-1438000000.0,-3.93,-3.93,372300000.0,372300000.0,17251000000.0,,,,3445000000.0,,,,,,876000000.0,518000000.0,,689917000000.0,,,,,,,,,672709000000.0,33392000000.0,-19827000000.0,16250000000.0,689917000000.0,124000000.0,,-1079000000.0,,,,,,,,5158000000.0,60070000000.0,50823000000.0,,2832000000.0,,,,98000000.0,-7638000000.0,,,4933000000.0,4365000000.0,1090000000.0
2023-03-31,17045000000.0,,,,,,,,1847000000.0,382000000.0,1462000000.0,3.94,3.93,366500000.0,367700000.0,17425000000.0,,,,,,,,,,,,,709269000000.0,,,,,,,,,676822000000.0,32708000000.0,-3825000000.0,31385000000.0,709269000000.0,41000000.0,,,,,,,,,,1343000000.0,13677000000.0,11178000000.0,,,,,,68000000.0,-3303000000.0,,,2129000000.0,174000000.0,
2023-06-30,30543000000.0,,,,,,,,2468000000.0,505000000.0,1973000000.0,5.33,5.31,365700000.0,366900000.0,14652000000.0,,,,,,,,,,,,,697304000000.0,,,,,,,,,667849000000.0,32756000000.0,-6649000000.0,28434000000.0,697304000000.0,46000000.0,,,,,,,,,,2567000000.0,25467000000.0,22234000000.0,,,,,,130000000.0,-6143000000.0,,,1114000000.0,-2605000000.0,
2023-09-30,38895000000.0,,,,,,,,1410000000.0,254000000.0,1171000000.0,3.17,3.15,364600000.0,365800000.0,16892000000.0,,,,,,,,,,,,,681254000000.0,,,,,,,,,654307000000.0,31493000000.0,-7831000000.0,25814000000.0,681254000000.0,1000000.0,,,,,,,,,,5407000000.0,36969000000.0,32743000000.0,,,,,,280000000.0,-9024000000.0,,,3467000000.0,-370000000.0,
2023-12-31,53979000000.0,,,,,14551000000.0,,,3072000000.0,613000000.0,2488000000.0,6.76,6.74,363500000.0,364600000.0,19419000000.0,,,,7698000000.0,,,,,,1071000000.0,506000000.0,,721123000000.0,,,,,,,,,691336000000.0,32352000000.0,-6504000000.0,27820000000.0,721123000000.0,,,-75000000.0,,,,,,,,6510000000.0,47580000000.0,44097000000.0,,3049000000.0,,,,676000000.0,-12122000000.0,,,7739000000.0,2164000000.0,895000000.0
2024-03-31,23509000000.0,,,,,,,,1390000000.0,289000000.0,1138000000.0,3.13,3.12,359000000.0,360500000.0,18735000000.0,,,,,,,,,,,,,725823000000.0,,,,,,,,,696409000000.0,33014000000.0,-7661000000.0,27209000000.0,725823000000.0,397000000.0,,,,,,,,,,5221000000.0,19280000000.0,10794000000.0,,,,,,60000000.0,-10244000000.0,,,4543000000.0,-707000000.0,
2024-06-30,38392000000.0,,,,,,,,2805000000.0,553000000.0,2336000000.0,6.43,6.4,358900000.0,360500000.0,17111000000.0,,,,,,,,,,,,,715196000000.0,,,,,,,,,685091000000.0,33737000000.0,-7444000000.0,28013000000.0,715196000000.0,371000000.0,,,,,,,,,,5075000000.0,36737000000.0,24901000000.0,,,,,,-40000000.0,-15584000000.0,,,8545000000.0,-2332000000.0,
2024-09-30,57882000000.0,,,,,,,,3358000000.0,693000000.0,2784000000.0,7.68,7.64,358300000.0,359900000.0,20198000000.0,,,,,,,,,,,,,760294000000.0,,,,,,,,,727719000000.0,33714000000.0,-4844000000.0,30416000000.0,760294000000.0,330000000.0,,,,,,,,,,6180000000.0,53915000000.0,39839000000.0,,,,,,-57000000.0,-21284000000.0,,,15974000000.0,765000000.0,
,,,,,,,,,,,,,,,,,,,,,,,,,,,,,,,,,,,,,,,,,,,,,,,,,,,,,,,,,,,,,,,,,,,
