Date,Net sales,Cost of sales,Gross margin,Research and development,"Selling, general and administrative",Total operating expenses,Operating income,"Other income/(expense), net",Income before provision for income taxes,Provision for income taxes,Net income,Earnings per share basic,Earnings per share diluted,Weighted-average basic,Weighted-average diluted,Cash and cash equivalents,Short-term marketable securities,"Accounts receivable, net",Inventories,Deferred tax assets,Vendor non-trade receivables,Other current assets,Total current assets,Long-term marketable securities,"Property, Plant and Equipment, Net",Goodwill,"Acquired intangible assets, net","Other Assets, Noncurrent",Total assets,accounts payable,Accrued expenses,Deferred revenue,Total current liabilities,Deferred revenue - non-current,deferred tax liabilities,long term taxes payable,Total other non-current liabilities,Total liabilities,Retained Earnings (Accumulated Deficit),Accumulated other comprehensive (loss)/income,Total shareholders equity,Total liabilities and shareholders' equity,"Depreciation, amortization and accretion",Stock-based compensation expense,Deferred income tax expense,"Increase (Decrease) in Accounts receivable, net",Increase (Decrease) in Inventories,Increase (Decrease) in Other Receivables,Increase (Decrease) in Other Operating Assets,Increase (Decrease) in Accounts Payable,Increase (Decrease) in Deferred Revenue,Increase (Decrease) Other liabilities,Cash generated by operating activities,Purchases of marketable securities,Proceeds from maturities of marketable securities,Proceeds from sales of marketable securities,Purchases of other long-term investments,"Business acquisitions, net of cash acquired",Cash payments for capital asset purchases,Payments for acquisition of intangible assets,Payments for (Proceeds from) Other Investing Activities,Cash used in investing activities,Proceeds from issuance of common stock,Excess tax benefits from stock-based compensation,Cash generated/used in financing activities,Increase/(decrease) in cash and cash equivalents,"Cash paid for income taxes, net"
2009-12-31,1627702000.0,,,,,,,,,,834621000.0,3.48,-0.05,168358000.0,168768000.0,763789000.0,,,,,,,,,,174634000.0,38270000.0,,9805645000.0,,,,,,,,,731142000.0,-153759000.0,-15002000.0,8928407000.0,9805645000.0,,,,,,,,,,,1112857000.0,,,,,,,,7913000.0,-91409000.0,2192000.0,,-938401000.0,83047000.0,
2010-03-31,398056000.0,,,,,,,,,,123961000.0,0.21,0.0,168477000.0,169310000.0,719982000.0,,,,,,,,,,174634000.0,37364000.0,,9744471000.0,,,,,,,,,922914000.0,-202998000.0,-24779000.0,8676023000.0,9744471000.0,,,,,,,,,,,233122000.0,,,,,,,,2221000.0,-106203000.0,11822000.0,,-169861000.0,-42942000.0,
2010-06-30,805719000.0,,,,,,,,322850000.0,,248999000.0,0.57,0.56,168804000.0,169629000.0,474336000.0,,,,,,,,,,174634000.0,50062000.0,,9569513000.0,,,,,,,,,825034000.0,-272485000.0,-35251000.0,8598390000.0,9569513000.0,,,,,,,,,,,525612000.0,,,,,,,,-9811000.0,-184903000.0,26215000.0,,-628942000.0,-288233000.0,
2010-12-31,1646722000.0,,,,,,,,694013000.0,,672038000.0,2.36,2.35,168877000.0,169772000.0,456252000.0,,,,,,,,,,174634000.0,42091000.0,,9495333000.0,,,,,,,,,774186000.0,-236410000.0,-15773000.0,8676598000.0,9495333000.0,,,,,,,,,,,1093221000.0,,,,,,,,-1678000.0,-266605000.0,41308000.0,,-1132709000.0,-306093000.0,
2011-03-31,419818000.0,,,,,,,,165757000.0,,206108000.0,0.87,0.87,169315000.0,170382000.0,145105000.0,,,,,,,,,,174634000.0,35866000.0,,9435521000.0,,,,,,,,,672651000.0,-223960000.0,-678000.0,8717565000.0,9435521000.0,,,,,,,,,,,264819000.0,,,,,172000000.0,,,-396000.0,-284527000.0,11373000.0,,-291524000.0,-311232000.0,
2011-06-30,854662000.0,,,,,,,,353502000.0,,412552000.0,1.65,1.64,169492000.0,170401000.0,144487000.0,,,,,,,,,,174634000.0,33958000.0,,9272336000.0,,,,,,,,,677388000.0,-237689000.0,1666000.0,8553194000.0,9272336000.0,,,,,,,,,,,582464000.0,,,,,,,,-3841000.0,-194258000.0,12973000.0,,-700463000.0,-312257000.0,
2011-09-30,1307387000.0,,,,,,,,556729000.0,,603691000.0,2.35,2.33,169728000.0,170830000.0,160733000.0,,,,,,,,,,174634000.0,,,9085543000.0,,,,,,,,,663313000.0,-265226000.0,-15218000.0,8385762000.0,9085543000.0,,,,,,,,,,,908793000.0,,,,,,,,-537000.0,-102259000.0,15728000.0,,-1101912000.0,-295378000.0,
2011-12-31,1752102000.0,,,,,,,,774010000.0,,823842000.0,3.31,3.29,169657000.0,170750000.0,139008000.0,,,,,,,,,,174600000.0,,,8932562000.0,,,,,,,,,609280000.0,-259578000.0,-23014000.0,8288209000.0,8932562000.0,,,,,,,,,,,1203452000.0,,,,,,,,-1164000.0,-81355000.0,26416000.0,,-1438546000.0,-316449000.0,
2012-03-31,442619000.0,,,,,,,,185450000.0,,205852000.0,0.74,0.73,170309000.0,171415000.0,620079000.0,,,,,,,,,,174600000.0,,,9406312000.0,,,,,,,,,1062379000.0,-296969000.0,-11950000.0,8321727000.0,9406312000.0,,,,,,,,,,,279490000.0,,,,,,,,-2950000.0,-54295000.0,9722000.0,,256117000.0,481312000.0,
2012-06-30,900059000.0,,,,,,,,397898000.0,,403995000.0,1.51,1.5,170496000.0,171560000.0,438475000.0,,,,,,,,,,174600000.0,,,9178947000.0,,,,,,,,,1011178000.0,-339020000.0,-27433000.0,8137608000.0,9178947000.0,,,,,,,,,,,605777000.0,,,,,,,,-5341000.0,-124646000.0,15568000.0,,-182102000.0,299029000.0,
2012-09-30,1361278000.0,,,,,,627429000.0,,,,667887000.0,2.7,2.68,170576000.0,171700000.0,535752000.0,,,,,,,,,,174600000.0,,,9288120000.0,,,,,,,,,957974000.0,-312690000.0,-15371000.0,8300626000.0,9288120000.0,,,,,,,,,,,955755000.0,,,,,,,,-4022000.0,-187739000.0,21007000.0,,-371986000.0,396030000.0,
2012-12-31,1826729000.0,,,,,,871982000.0,,,,939258000.0,3.93,3.9,170562000.0,171664000.0,17239000.0,,,,,,,,,,174600000.0,,,8793403000.0,,,,,,,,,670539000.0,-279474000.0,-1005000.0,8093756000.0,8793403000.0,,,,,,,,,,,1285659000.0,,,,,,,,6546000.0,-290465000.0,124447000.0,,-1117305000.0,-122111000.0,
2014-03-31,519624000.0,,,,,,217095000.0,,,0.0,227196000.0,1.01,1.01,171910000.0,172809000.0,101112000.0,,,,,,,,,,174600000.0,,,9682582000.0,,,,,,,,,682758000.0,-385512000.0,-15000.0,8973401000.0,9682582000.0,109021000.0,,,,,,,,,,330709000.0,,,,,,,,4495000.0,173069000.0,25409000.0,,-421909000.0,81869000.0,
2014-06-30,1057661000.0,,,,,,482758000.0,,,0.0,504030000.0,2.28,2.27,172282000.0,173181000.0,387983000.0,,,,,,,,,,174600000.0,,,9946457000.0,,,,,,,,,634972000.0,-408375000.0,-4568000.0,9285238000.0,9946457000.0,215464000.0,,,,,,,,,,726046000.0,,,,,,,,2355000.0,101721000.0,30491000.0,,-458594000.0,369173000.0,
2014-09-30,1629257000.0,,,,,,765410000.0,,,0.0,797489000.0,3.63,3.61,172378000.0,173304000.0,98252000.0,,,,,,,,,,174600000.0,,,9624468000.0,,,,,,,,,332093000.0,-417663000.0,-27895000.0,9266430000.0,9624468000.0,326541000.0,,,,,,,,,,1153149000.0,,,,,,,,-891000.0,9782000.0,35910000.0,,-1082968000.0,,
2014-12-31,2195404000.0,,,,,,1068111000.0,,,0.0,1144204000.0,5.27,5.25,172251000.0,173138000.0,187712000.0,,,,,,,,,,174600000.0,,,9818676000.0,,,,,,,,,311505000.0,-374823000.0,-48156000.0,9480796000.0,9818676000.0,,,,,,,,,,,1606758000.0,,,,,,,,-3652000.0,-212996000.0,37872000.0,,-1225415000.0,168347000.0,
2015-03-31,569394000.0,,,,,,264926000.0,,,0.0,281781000.0,1.23,1.23,172520000.0,173366000.0,152797000.0,,,,,,,,,,174600000.0,,,9772017000.0,,,,,,,,,468096000.0,-398905000.0,-78572000.0,9277895000.0,9772017000.0,,,,,,,,,,,369191000.0,,,,,,,,538000.0,-94147000.0,3709000.0,,-309513000.0,-34469000.0,
2015-06-30,1162025000.0,,,,,594161000.0,567864000.0,,,0.0,608186000.0,2.76,2.75,172629000.0,173387000.0,20256000.0,,,,,,,,,,174600000.0,,,9634758000.0,,,,,,,,,329097000.0,-428270000.0,-61523000.0,9279369000.0,9634758000.0,213619000.0,,,,,,,,,,826034000.0,,,,,,,,-18426000.0,-187974000.0,10488000.0,,-804618000.0,-166558000.0,
2015-09-30,1772366000.0,,,,,886215000.0,886151000.0,,,0.0,947754000.0,4.34,4.32,172771000.0,173529000.0,35668000.0,,,,,,,,,,174600000.0,,,9654815000.0,,,,,,,,,476207000.0,-444395000.0,-67437000.0,9152118000.0,9654815000.0,319701000.0,,,,,,,,,,1298069000.0,,,,,,,,-16282000.0,-286086000.0,25914000.0,,-1163099000.0,-151116000.0,
2015-12-31,2381696000.0,635502000.0,1746194000.0,,,1149687000.0,1232009000.0,,,0.0,1311244000.0,6.1,6.07,172699000.0,173510000.0,104285000.0,,,,,,,,,,174600000.0,,,9778232000.0,,,,,,,,,580594000.0,-434610000.0,-68548000.0,9170641000.0,9778232000.0,,,,,,,,,,,1732601000.0,,,,,,,,-16030000.0,-440105000.0,29663000.0,,-1375605000.0,-83109000.0,
2016-03-31,611786000.0,173286000.0,438500000.0,,,301461000.0,310325000.0,,,0.0,315873000.0,1.4,1.39,172977000.0,173850000.0,305705000.0,,,,,,,,,,174600000.0,,,10064347000.0,,,,,,,,,986834000.0,-476861000.0,-67773000.0,9048766000.0,10064347000.0,105128000.0,,,,,,,,,,440980000.0,,,,,,,,-1283000.0,-162678000.0,9667000.0,,-76266000.0,202036000.0,
2016-06-30,1245974000.0,345290000.0,900684000.0,,,598799000.0,647175000.0,,,0.0,672532000.0,3.02,3.0,173087000.0,174000000.0,260124000.0,,,,,,,,,,174600000.0,,,9997137000.0,,,,,,,,,1230104000.0,-491912000.0,-78991000.0,8737753000.0,9997137000.0,212141000.0,,,,,,,,,,964714000.0,,,,,,,,-1283000.0,-287795000.0,10725000.0,,-520811000.0,156108000.0,
2016-09-30,1909122000.0,523917000.0,1385205000.0,,,908998000.0,1000124000.0,,,0.0,1039837000.0,4.8,4.78,173108000.0,173899000.0,57213000.0,,,,,,,,,,174600000.0,,,9865769000.0,,,,,,,,,776626000.0,-494325000.0,-83667000.0,9059656000.0,9865769000.0,321573000.0,,,,,,,,,,1480040000.0,,,,,,,,13883000.0,-455559000.0,14191000.0,,-1071354000.0,-46873000.0,
2016-12-31,2560549000.0,669083000.0,1891466000.0,,,1186053000.0,1374496000.0,,,0.0,1453576000.0,6.84,6.81,173091000.0,173878000.0,183688000.0,,,,,,,,,,174600000.0,,,10130338000.0,,,,,,,,,688684000.0,-487581000.0,-95106000.0,9411910000.0,10130338000.0,433314000.0,37483000.0,,,,,,,,,1945336000.0,,,,,,,,17615000.0,-716726000.0,25541000.0,,-1148826000.0,79784000.0,
2017-03-31,645547000.0,182902000.0,462645000.0,,,318859000.0,326688000.0,,,0.0,342442000.0,1.62,1.62,173364000.0,174069000.0,120859000.0,,,,,,,,,,174600000.0,,,10083911000.0,,,,,,,,,690404000.0,-553473000.0,-92225000.0,9363514000.0,10083911000.0,110929000.0,8319000.0,,,,,,,,,459083000.0,,,,,,,,20000.0,-118141000.0,18034000.0,,-403788000.0,-62846000.0,
2017-06-30,1309859000.0,365480000.0,944379000.0,,,626606000.0,683253000.0,,,0.0,696144000.0,3.22,3.2,173602000.0,174075000.0,358266000.0,,,,,,,,,,174600000.0,,,10365727000.0,,,,,,,,,1203701000.0,-609424000.0,-82143000.0,9139087000.0,10365727000.0,221106000.0,12563000.0,,,,,,,,,965327000.0,,,,,,,,-28000.0,-245422000.0,31902000.0,,-545223000.0,174682000.0,
2017-09-30,1996220000.0,556099000.0,1440121000.0,,,952856000.0,1043364000.0,,,0.0,1052818000.0,4.83,4.81,173715000.0,174240000.0,694233000.0,,,,,,,,,,174600000.0,,,10765694000.0,,,,,,,,,1806274000.0,-662360000.0,-74873000.0,8936190000.0,10765694000.0,334426000.0,25505000.0,,,,,,,,,1502519000.0,,,,,,,,-4162000.0,-397197000.0,34754000.0,,-594612000.0,510710000.0,
2017-12-31,2668528000.0,707978000.0,1960550000.0,,,1245386000.0,1423142000.0,,,0.0,1442217000.0,6.75,6.73,173613000.0,174151000.0,433376000.0,,,,,,,,,,174600000.0,,,10732892000.0,,,,,,,,,1768523000.0,-675711000.0,-75064000.0,8940009000.0,10732892000.0,454526000.0,37548000.0,,,,,,,,,1975679000.0,,,,,,,,,-739854000.0,42500000.0,,-992219000.0,243606000.0,
2018-03-31,669924000.0,192827000.0,477097000.0,,,342326000.0,327598000.0,,,0.0,342997000.0,1.66,1.65,173892000.0,174148000.0,363030000.0,,,,,,,,,,174600000.0,,,10685520000.0,,,,,,,,,1769730000.0,-735806000.0,-70851000.0,8891003000.0,10685520000.0,117979000.0,16910000.0,,,,,,,,,458519000.0,,,,,,,,,-114900000.0,967000.0,,-413646000.0,-70052000.0,
2018-06-30,1355452000.0,383804000.0,971648000.0,,,684409000.0,671043000.0,,,0.0,746799000.0,3.66,3.65,173932000.0,174224000.0,338419000.0,,,,,,,,,,174600000.0,,,10692962000.0,,,,,,,,,1772170000.0,-735065000.0,-84601000.0,8895806000.0,10692962000.0,237756000.0,34188000.0,,,,,,,,,977910000.0,,,,,,,,,-254665000.0,1699000.0,,-817881000.0,-94623000.0,
2018-09-30,2061820000.0,579348000.0,1482472000.0,,,1031898000.0,1029922000.0,,,0.0,1124826000.0,5.51,5.5,173975000.0,174348000.0,432525000.0,,,,,,,,,,174600000.0,,,10747940000.0,,,,,,,,,1827918000.0,-760284000.0,-84339000.0,8895091000.0,10747940000.0,362272000.0,51836000.0,,,,,,,,,1578336000.0,,,,,,,,,-361580000.0,7943000.0,,-1217554000.0,-941000.0,
2018-12-31,2754280000.0,739722000.0,2014558000.0,,,1374630000.0,,,,,1711031000.0,8.56,8.54,173969000.0,174297000.0,361218000.0,,,,,,,,,,174600000.0,,,10928270000.0,,,,,,,,,1783542000.0,-577360000.0,-64060000.0,9119478000.0,10928270000.0,483646000.0,69936000.0,,,,,,,,,2061503000.0,,,,,,,,,-513778000.0,12525000.0,,-1619588000.0,-72034000.0,
2019-03-31,689038000.0,204201000.0,484837000.0,,,353788000.0,,,,0.0,366521000.0,1.73,1.73,174177000.0,174376000.0,217973000.0,,,,,,,,,,174600000.0,,,10875016000.0,,,,,,,,,1780395000.0,-615329000.0,-65971000.0,9069821000.0,10875016000.0,121941000.0,6664000.0,,,,,,,,,473584000.0,,,,,,,,,-193245000.0,1593000.0,,-423005000.0,-142616000.0,
2019-06-30,1399988000.0,411937000.0,988051000.0,,,715901000.0,,,,0.0,736577000.0,3.49,3.49,174253000.0,174542000.0,360331000.0,,,,,,,,,,174600000.0,,,11113291000.0,,,,,,,,,2318781000.0,-648391000.0,-67549000.0,8768934000.0,11113291000.0,248800000.0,12374000.0,,,,,,,,,1015194000.0,,,,,,,,,-413143000.0,17390000.0,,-602285000.0,-188000.0,
2019-09-30,2129324000.0,,,,,1086901000.0,,,,0.0,1134519000.0,5.43,5.42,174334000.0,174611000.0,541357000.0,,,,,,,,,,174600000.0,,,11413861000.0,,,,,,,,,2624897000.0,-650222000.0,-78513000.0,8774135000.0,11413861000.0,378033000.0,19488000.0,,,,,,,,,1567654000.0,,,,,,,,,-670687000.0,33009000.0,,-716385000.0,180673000.0,
2019-12-31,2846823000.0,,,,,1427325000.0,,,,,1520534000.0,7.3,7.29,174287000.0,174530000.0,409743000.0,,,,,,,,,,174600000.0,,,11365444000.0,,,,,,,,,2285777000.0,-665575000.0,-64890000.0,9062911000.0,11365444000.0,512918000.0,25833000.0,,,,,,,,,2067643000.0,,,,,,,,,-897360000.0,33564000.0,,-1120735000.0,49535000.0,
2020-03-31,716082000.0,,,,,389455000.0,,,,0.0,366156000.0,1.8,1.79,174446000.0,174616000.0,718427000.0,,,,,,,,,,174600000.0,,,11825921000.0,,,,,,,,,2795713000.0,-701226000.0,-78005000.0,9013078000.0,11825921000.0,135900000.0,5677000.0,,,,,,,,,462950000.0,,,,,,,,,-289904000.0,1763000.0,,135497000.0,308574000.0,
2020-06-30,1425367000.0,,,,,787119000.0,,,,0.0,681079000.0,3.21,3.2,174493000.0,174596000.0,1268475000.0,,,,,,,,,,174600000.0,,,12358055000.0,,,,,,,,,3347857000.0,-789089000.0,-73136000.0,8992691000.0,12358055000.0,273518000.0,12801000.0,,,,,,,,,1002074000.0,,,,,,,,,-424834000.0,3686000.0,,282179000.0,859391000.0,
2020-09-30,2156024000.0,,,,,1178483000.0,,,,0.0,1005946000.0,4.62,4.62,174503000.0,174626000.0,293955000.0,,,,,,,,,,174600000.0,,,11385148000.0,,,,,,,,,2933094000.0,-867950000.0,-62344000.0,8434127000.0,11385148000.0,411851000.0,21535000.0,,,,,,,,,1530340000.0,,,,,,,,,-528151000.0,5505000.0,,-1116843000.0,-114846000.0,
2020-12-31,2915068000.0,,,,,1560201000.0,,,,,1357213000.0,6.29,6.29,174494000.0,174642000.0,257560000.0,,,,,,,,,,174600000.0,,,11816546000.0,,,,,,,,,3239647000.0,-914791000.0,-43401000.0,8558867000.0,11816546000.0,553257000.0,33363000.0,,,,,,,,,2042902000.0,,,,,,,,,-1117714000.0,12664000.0,,-1075716000.0,-150954000.0,
2021-03-31,767262000.0,,,,,410106000.0,,,,,433036000.0,2.21,2.21,174611000.0,174840000.0,159622000.0,,,,,,,,,,165800000.0,,,11981735000.0,,,,,,,,,3364420000.0,-877931000.0,-49341000.0,8597947000.0,11981735000.0,146859000.0,14407000.0,,,,,,,,,509162000.0,,,,,,,,,-403725000.0,4703000.0,,-202971000.0,-97356000.0,
2021-06-30,1596577000.0,,,,,851154000.0,,,,,843462000.0,4.19,4.18,174824000.0,175547000.0,480810000.0,,,,,,,,,,165800000.0,,,14490365000.0,,,,,,,,,5727262000.0,-863742000.0,-46082000.0,8743584000.0,14490365000.0,319587000.0,32672000.0,,,,,,,,,1130455000.0,,,,,,,,,-2719704000.0,47598000.0,,1812911000.0,223835000.0,
2021-09-30,2491508000.0,,,,,1331858000.0,,,,,1333553000.0,6.72,6.7,174926000.0,175806000.0,958247000.0,,,,,,,,,,165800000.0,,,15284686000.0,,,,,,,,,6247388000.0,-771114000.0,-52980000.0,9017354000.0,15284686000.0,508139000.0,47647000.0,,,,,,,,,1814720000.0,,,,,,,,,-3191079000.0,81412000.0,,2077797000.0,701751000.0,
2021-12-31,3415824000.0,,,,,1826054000.0,,,,,1953263000.0,9.91,9.87,174858000.0,175568000.0,734599000.0,,,,,,,,,,165843000.0,,,17380908000.0,,,,,,,,,7957370000.0,-550416000.0,-53587000.0,9335177000.0,17380908000.0,713428000.0,59815000.0,,,,,,,,,2543555000.0,,,,,,,,,-5563511000.0,95860000.0,,3498141000.0,478690000.0,
2022-03-31,973445000.0,,,,,539330000.0,,,,,513943000.0,2.65,2.63,175170000.0,176336000.0,940524000.0,,,,,,,,,,165843000.0,,,17698781000.0,,,,,,,,,7895694000.0,-436101000.0,-60382000.0,9698712000.0,17698781000.0,222128000.0,13928000.0,,,,,,,,,656241000.0,,,,,,,,,-288531000.0,8073000.0,,-161253000.0,206630000.0,
2022-06-30,2005490000.0,,,,,1075009000.0,,,,,1167793000.0,6.09,6.05,175229000.0,176325000.0,1013886000.0,,,,,,,,,,165843000.0,,,17862851000.0,,,,,,,,,7814503000.0,-182213000.0,-79217000.0,9954726000.0,17862851000.0,440836000.0,30856000.0,,,,,,,,,1453773000.0,,,,,,,,,-595816000.0,11492000.0,,-577859000.0,280098000.0,
2022-09-30,3093621000.0,,,,,1636437000.0,,,,,3936787000.0,21.57,21.44,175283000.0,176328000.0,883787000.0,,,,,,,,,,165843000.0,,,17450920000.0,,,,,,,,,7330163000.0,-122631000.0,-96470000.0,10027172000.0,17450920000.0,661608000.0,44597000.0,,,,,,,,,2380790000.0,,,,,,,,,1552488000.0,27913000.0,,-3782889000.0,150389000.0,
2022-12-31,4182163000.0,,,,,2192114000.0,,,,,4349147000.0,23.64,23.5,175257000.0,176280000.0,775253000.0,,,,,,,,,,165843000.0,,,17552307000.0,,,,,,,,,7385506000.0,-110231000.0,-80317000.0,10073402000.0,17552307000.0,888146000.0,56703000.0,,,,,,,,,3117141000.0,,,,,,,,,1119996000.0,35271000.0,,-4193270000.0,43867000.0,
2023-03-31,1094232000.0,,,,,571586000.0,,,,,517708000.0,2.67,2.65,175451000.0,176228000.0,695424000.0,,,,,,,,,,165843000.0,,,17507778000.0,,,,,,,,,7369730000.0,-168952000.0,-76448000.0,10045711000.0,17507778000.0,221650000.0,9845000.0,,,,,36611000.0,,,,696893000.0,,,,,,,,,-212311000.0,25116000.0,,-563965000.0,-79383000.0,
2023-06-30,2214002000.0,,,,,1137112000.0,,,,,1095737000.0,5.68,5.65,175484000.0,176212000.0,651665000.0,,,,,,,,,,165843000.0,,,17560326000.0,,,,,,,,,7401755000.0,-167404000.0,-75146000.0,10065944000.0,17560326000.0,443783000.0,21794000.0,,,,,19419000.0,,,,1579293000.0,,,,,,,,,-547273000.0,30057000.0,,-1155086000.0,-123066000.0,
2023-09-30,3357822000.0,,,,,1751779000.0,,,,,1709035000.0,8.89,8.85,175499000.0,176170000.0,629773000.0,,,,,,,,,,165843000.0,,,19875749000.0,,,,,,,,,9673858000.0,-130581000.0,-81104000.0,10107659000.0,19875749000.0,682531000.0,31309000.0,,,,,40719000.0,,,,2454964000.0,,,,,2178151000.0,,,,-3048285000.0,31099000.0,,448519000.0,-144802000.0,
2023-12-31,4517690000.0,,,,,2426217000.0,,,2170941000.0,10821000.0,2148327000.0,11.11,11.06,175472000.0,176143000.0,370002000.0,,,,,,,,,,165843000.0,,,19809216000.0,,,,,,,,,9702270000.0,-267910000.0,-67239000.0,10013178000.0,19809216000.0,970056000.0,41566000.0,,,,,16365000.0,,,,3246648000.0,,,,,2178151000.0,,,,-3538502000.0,53131000.0,,-112928000.0,-404782000.0,11056000.0
2024-03-31,1157220000.0,,,,,702517000.0,,,513176000.0,1479000.0,508948000.0,2.61,2.6,175700000.0,176350000.0,271645000.0,,,,,,,,,,165843000.0,,,19617385000.0,,,,,,,,,9572087000.0,-336003000.0,-74513000.0,9948662000.0,19617385000.0,285203000.0,10347000.0,,,,,16231000.0,,,,665586000.0,,,,,,,,,-186584000.0,7800000.0,,-577195000.0,-98193000.0,1521000.0
2024-06-30,2330431000.0,,,,,1389626000.0,,,1036460000.0,3554000.0,1027075000.0,5.28,5.26,175585000.0,176180000.0,542263000.0,,,,,,,,,,165843000.0,,,19788762000.0,,,,,,,,,9985114000.0,-592665000.0,-74051000.0,9707245000.0,19788762000.0,568545000.0,21174000.0,,,,,6154000.0,,,,1560865000.0,,,,,,,,,-377659000.0,10364000.0,,-1010125000.0,173081000.0,6144000.0
2024-09-30,3518189000.0,,,,,2094652000.0,,,1472091000.0,6042000.0,1457404000.0,7.46,7.43,175403000.0,176074000.0,599004000.0,,,,,,,,,,165843000.0,,,19803219000.0,,,,,,,,,10093194000.0,-737450000.0,-52684000.0,9610063000.0,19803219000.0,848875000.0,32101000.0,,,,,45241000.0,,,,2359635000.0,,,,,0.0,,,,-590994000.0,30917000.0,,-1570012000.0,198629000.0,6577000.0
