Date,Net sales,Cost of sales,Gross margin,Research and development,"Selling, general and administrative",Total operating expenses,Operating income,"Other income/(expense), net",Income before provision for income taxes,Provision for income taxes,Net income,Earnings per share basic,Earnings per share diluted,Weighted-average basic,Weighted-average diluted,Cash and cash equivalents,Short-term marketable securities,"Accounts receivable, net",Inventories,Deferred tax assets,Vendor non-trade receivables,Other current assets,Total current assets,Long-term marketable securities,"Property, Plant and Equipment, Net",Goodwill,"Acquired intangible assets, net","Other Assets, Noncurrent",Total assets,accounts payable,Accrued expenses,Deferred revenue,Total current liabilities,Deferred revenue - non-current,deferred tax liabilities,long term taxes payable,Total other non-current liabilities,Total liabilities,Retained Earnings (Accumulated Deficit),Accumulated other comprehensive (loss)/income,Total shareholders equity,Total liabilities and shareholders' equity,"Depreciation, amortization and accretion",Stock-based compensation expense,Deferred income tax expense,"Increase (Decrease) in Accounts receivable, net",Increase (Decrease) in Inventories,Increase (Decrease) in Other Receivables,Increase (Decrease) in Other Operating Assets,Increase (Decrease) in Accounts Payable,Increase (Decrease) in Deferred Revenue,Increase (Decrease) Other liabilities,Cash generated by operating activities,Purchases of marketable securities,Proceeds from maturities of marketable securities,Proceeds from sales of marketable securities,Purchases of other long-term investments,"Business acquisitions, net of cash acquired",Cash payments for capital asset purchases,Payments for acquisition of intangible assets,Payments for (Proceeds from) Other Investing Activities,Cash used in investing activities,Proceeds from issuance of common stock,Excess tax benefits from stock-based compensation,Cash generated/used in financing activities,Increase/(decrease) in cash and cash equivalents,"Cash paid for income taxes, net"
2010-07-03,741983000.0,,,151247000.0,,696153000.0,45830000.0,-1449000.0,44381000.0,6798000.0,37583000.0,0.32,0.31,115802000.0,119996000.0,219019000.0,,149034000.0,,42766000.0,,78167000.0,534231000.0,,59473000.0,404589000.0,129420000.0,37575000.0,1269040000.0,11383000.0,46719000.0,251571000.0,439032000.0,6986000.0,23201000.0,,65226000.0,534445000.0,-990945000.0,-62955000.0,734595000.0,1269040000.0,21184000.0,37657000.0,,11228000.0,,,,,32564000.0,,141076000.0,,,,,2087000.0,21684000.0,,,-23771000.0,8524000.0,226000.0,-122378000.0,-16103000.0,
2010-09-30,1010049000.0,,,201567000.0,,935274000.0,74775000.0,,82136000.0,57768000.0,24368000.0,0.21,0.2,115639000.0,119925000.0,240253000.0,,169281000.0,,35481000.0,,91126000.0,568257000.0,,58064000.0,418509000.0,127931000.0,43845000.0,1307064000.0,11734000.0,52803000.0,238821000.0,452994000.0,7019000.0,22452000.0,,77295000.0,559760000.0,-1004160000.0,-52480000.0,747304000.0,1307064000.0,62182000.0,48911000.0,21998000.0,531000.0,,,3713000.0,,1440000.0,2390000.0,156644000.0,,,,,2721000.0,26729000.0,,,-29450000.0,15284000.0,221000.0,-120735000.0,5131000.0,
2011-01-01,266552000.0,,,51522000.0,,249442000.0,17110000.0,-1886000.0,15224000.0,1964000.0,13260000.0,0.11,0.11,116827000.0,121150000.0,182915000.0,,174581000.0,,35505000.0,,112401000.0,538835000.0,,56517000.0,415280000.0,119285000.0,45031000.0,1267511000.0,12078000.0,57258000.0,260154000.0,398128000.0,5996000.0,20997000.0,,78350000.0,503471000.0,-990900000.0,-55351000.0,764040000.0,1267511000.0,14069000.0,11027000.0,,958000.0,,,,,-7425000.0,,-48038000.0,,,,,,5412000.0,,,-5412000.0,12232000.0,262000.0,-4674000.0,-57338000.0,
2011-04-02,535741000.0,,,104573000.0,,494405000.0,41336000.0,-2708000.0,38628000.0,6351000.0,32277000.0,0.27,0.27,118194000.0,121502000.0,259504000.0,,178558000.0,,35313000.0,,107039000.0,625003000.0,,55780000.0,425794000.0,115959000.0,32996000.0,1347101000.0,13187000.0,54904000.0,294418000.0,437709000.0,5851000.0,21201000.0,,79312000.0,544073000.0,-971883000.0,-44473000.0,803028000.0,1347101000.0,28720000.0,20898000.0,,-15899000.0,,,,,27169000.0,,30238000.0,,,,,,11560000.0,,,-11560000.0,15974000.0,530000.0,-5452000.0,19251000.0,
2011-07-02,827524000.0,,,155676000.0,,761658000.0,65866000.0,-8979000.0,56887000.0,9084000.0,47803000.0,0.41,0.39,118214000.0,121164000.0,260751000.0,,186874000.0,,34798000.0,,93405000.0,618258000.0,,60704000.0,623638000.0,228244000.0,34054000.0,1681513000.0,13354000.0,66162000.0,308048000.0,485230000.0,9592000.0,53993000.0,,80554000.0,879369000.0,-956358000.0,-41798000.0,802144000.0,1681513000.0,44547000.0,32458000.0,,-18059000.0,,,,,36825000.0,,78671000.0,,,,,265153000.0,18295000.0,,,-283448000.0,22261000.0,2307000.0,212569000.0,20498000.0,
2011-09-30,1166949000.0,,,211406000.0,,1049835000.0,117114000.0,,104548000.0,19124000.0,85424000.0,0.73,0.71,117579000.0,120974000.0,167878000.0,,230220000.0,,121856000.0,,109433000.0,592264000.0,,62569000.0,613394000.0,222017000.0,41374000.0,1629682000.0,16974000.0,60167000.0,279935000.0,469391000.0,14389000.0,25919000.0,,97293000.0,806992000.0,-918736000.0,-64764000.0,822690000.0,1629682000.0,62394000.0,45402000.0,-35063000.0,32334000.0,,,15111000.0,,8195000.0,3953000.0,78698000.0,,,,,280026000.0,27817000.0,,,-307843000.0,24756000.0,5398000.0,150420000.0,-72375000.0,28100000.0
2011-12-31,318276000.0,,,54993000.0,,285771000.0,32505000.0,-2643000.0,29862000.0,7739000.0,22123000.0,0.19,0.18,117715000.0,120576000.0,187351000.0,,221436000.0,,54050000.0,,94046000.0,588288000.0,,62156000.0,610139000.0,211931000.0,36688000.0,1613385000.0,12638000.0,55965000.0,268145000.0,428393000.0,15152000.0,24767000.0,,97344000.0,765656000.0,-896613000.0,-69689000.0,847729000.0,1613385000.0,17026000.0,13382000.0,,-13295000.0,,,,,-2075000.0,,36485000.0,,,,,880000.0,7570000.0,,,-8450000.0,7196000.0,150000.0,-5315000.0,19473000.0,
2012-03-31,619401000.0,191435000.0,427966000.0,109569000.0,,388558000.0,39408000.0,-5610000.0,33798000.0,8106000.0,25692000.0,0.22,0.21,119003000.0,121401000.0,224107000.0,,204437000.0,,54128000.0,,116190000.0,631260000.0,,64021000.0,616599000.0,205128000.0,29516000.0,1658616000.0,17961000.0,54187000.0,327313000.0,506532000.0,14041000.0,23830000.0,,96220000.0,800623000.0,-893043000.0,-61123000.0,857993000.0,1658616000.0,33285000.0,26074000.0,,-38698000.0,,,,,33482000.0,,133034000.0,,,,,1170000.0,16624000.0,,,-17794000.0,14123000.0,453000.0,-59872000.0,56229000.0,
2012-06-30,930384000.0,284289000.0,646095000.0,162829000.0,,575604000.0,70491000.0,-5914000.0,64577000.0,15990000.0,48587000.0,0.41,0.4,119042000.0,120898000.0,238047000.0,,203261000.0,,54111000.0,,82487000.0,607971000.0,,61849000.0,606782000.0,192959000.0,29562000.0,1611461000.0,17778000.0,51530000.0,311040000.0,482295000.0,12756000.0,23987000.0,,89420000.0,748458000.0,-870149000.0,-71981000.0,863003000.0,1611461000.0,50152000.0,39405000.0,,-41782000.0,,,,,52228000.0,,197044000.0,,,,,1170000.0,22506000.0,,,-23676000.0,15315000.0,453000.0,-100078000.0,70169000.0,
2012-09-30,1255679000.0,372128000.0,883551000.0,214960000.0,,755455000.0,128096000.0,-7360000.0,120736000.0,156134000.0,-35398000.0,-0.3,-0.3,118705000.0,118705000.0,489543000.0,,217370000.0,,11283000.0,,121019000.0,879152000.0,,63466000.0,610347000.0,185885000.0,32124000.0,1791634000.0,17046000.0,48471000.0,315309000.0,481744000.0,12220000.0,31854000.0,,106057000.0,994375000.0,-954134000.0,-72501000.0,797259000.0,1791634000.0,66471000.0,51305000.0,104766000.0,-32309000.0,,,12423000.0,,14362000.0,863000.0,217975000.0,,,,,220000.0,31413000.0,,,-31633000.0,21210000.0,1324000.0,134663000.0,321665000.0,53000000.0
2012-12-29,319751000.0,97072000.0,222679000.0,57429000.0,,208820000.0,13859000.0,-1805000.0,12054000.0,-23757000.0,35811000.0,0.3,0.29,119927000.0,121805000.0,248392000.0,,221687000.0,,35020000.0,,94672000.0,633498000.0,,66109000.0,755075000.0,292925000.0,34368000.0,1802646000.0,,66820000.0,293615000.0,453320000.0,9492000.0,46736000.0,,104640000.0,976688000.0,-918322000.0,-67005000.0,825958000.0,1802646000.0,19477000.0,11893000.0,,-16142000.0,,,,,-3534000.0,,13636000.0,,,,,222423000.0,7393000.0,,,-229816000.0,645000.0,28000.0,-26342000.0,-241151000.0,
2013-03-30,633700000.0,190342000.0,443358000.0,112957000.0,,408255000.0,35103000.0,-3672000.0,31431000.0,-21417000.0,52848000.0,0.44,0.44,119722000.0,121438000.0,240809000.0,,213252000.0,,35509000.0,,111539000.0,645238000.0,,62731000.0,748251000.0,278748000.0,32197000.0,1784819000.0,,63935000.0,340681000.0,499069000.0,9660000.0,45326000.0,,102340000.0,957020000.0,-901286000.0,-73660000.0,827799000.0,1784819000.0,38864000.0,23703000.0,,-22185000.0,,,,,30843000.0,,96432000.0,,,,,222423000.0,12426000.0,,,-234849000.0,2874000.0,139000.0,-106700000.0,-248734000.0,
2013-06-29,948696000.0,281510000.0,667186000.0,166791000.0,,588868000.0,78318000.0,3181000.0,77827000.0,11941000.0,87303000.0,0.73,0.72,119628000.0,121234000.0,257031000.0,,200883000.0,,36578000.0,,99154000.0,639948000.0,,61482000.0,746584000.0,266997000.0,36558000.0,1756777000.0,,71574000.0,320376000.0,494028000.0,8214000.0,42644000.0,,102436000.0,906072000.0,-866830000.0,-74836000.0,850705000.0,1756777000.0,57432000.0,34880000.0,,-35874000.0,,,,,42951000.0,,181022000.0,,,,,220817000.0,19128000.0,,,-239945000.0,3412000.0,171000.0,-168178000.0,-232512000.0,
2013-09-30,1293541000.0,373039000.0,920502000.0,221918000.0,,793178000.0,127324000.0,-1090000.0,126234000.0,-17535000.0,143769000.0,1.2,1.19,119473000.0,121240000.0,241913000.0,,229106000.0,,4400000.0,,123878000.0,680216000.0,,64652000.0,769095000.0,273121000.0,34126000.0,1828906000.0,,66006000.0,326947000.0,528613000.0,9966000.0,42088000.0,,78634000.0,902426000.0,-810365000.0,-51160000.0,926480000.0,1828906000.0,76551000.0,48787000.0,-39714000.0,-17308000.0,,,11766000.0,,6727000.0,1132000.0,224683000.0,,,,,245843000.0,29328000.0,,-721000.0,-274450000.0,4884000.0,334000.0,-196524000.0,-247630000.0,35400000.0
2013-12-28,324925000.0,92956000.0,231969000.0,53073000.0,,177098000.0,54871000.0,-1753000.0,53118000.0,13461000.0,39657000.0,0.33,0.33,118933000.0,121100000.0,371377000.0,,212570000.0,,36683000.0,,148470000.0,769100000.0,,63152000.0,769158000.0,260264000.0,35157000.0,1904742000.0,,59941000.0,293441000.0,455937000.0,8047000.0,40387000.0,,78598000.0,936094000.0,-770708000.0,-49203000.0,968648000.0,1904742000.0,19100000.0,12764000.0,,-19273000.0,,,,,-10827000.0,,36242000.0,,,,,0.0,5774000.0,,,-5774000.0,351000.0,6802000.0,97790000.0,129464000.0,
2014-03-29,653625000.0,186753000.0,466872000.0,108704000.0,,360788000.0,106084000.0,-4446000.0,101638000.0,18225000.0,83413000.0,0.7,0.69,118978000.0,120916000.0,270470000.0,,221288000.0,,40469000.0,,171217000.0,703444000.0,,60632000.0,869324000.0,279901000.0,37666000.0,1959126000.0,,61823000.0,358182000.0,525815000.0,7400000.0,43974000.0,,93891000.0,976705000.0,-726952000.0,-51168000.0,982421000.0,1959126000.0,38273000.0,25330000.0,,-16737000.0,,,,,29683000.0,,146964000.0,,,,,111519000.0,10342000.0,,,-121861000.0,716000.0,8092000.0,3086000.0,28557000.0,
2014-06-28,990259000.0,277829000.0,712430000.0,166109000.0,,551962000.0,160468000.0,-6724000.0,153744000.0,32305000.0,121439000.0,1.02,1.01,118753000.0,120573000.0,304173000.0,,228623000.0,,38969000.0,,139464000.0,711229000.0,,63582000.0,870766000.0,268018000.0,37525000.0,1958206000.0,,64318000.0,362865000.0,548351000.0,9025000.0,41886000.0,,87100000.0,985737000.0,-688926000.0,-48185000.0,972469000.0,1958206000.0,57299000.0,37862000.0,,-14625000.0,,,,,55339000.0,,253387000.0,,,,,111519000.0,16721000.0,,,-128240000.0,801000.0,9576000.0,-63532000.0,62260000.0,
2014-09-30,1356967000.0,373683000.0,983284000.0,226496000.0,,786708000.0,196576000.0,-10464000.0,186112000.0,25918000.0,160194000.0,1.36,1.34,118094000.0,119984000.0,293654000.0,,235688000.0,,2802000.0,,133859000.0,732167000.0,,67783000.0,1012527000.0,336873000.0,41646000.0,2199954000.0,19802000.0,57536000.0,369271000.0,626667000.0,13273000.0,36601000.0,,82649000.0,1346065000.0,-650171000.0,-94367000.0,853889000.0,2199954000.0,77307000.0,50889000.0,-19946000.0,-7554000.0,,,17345000.0,,24998000.0,,304552000.0,,,,,323525000.0,25275000.0,,0.0,-348800000.0,877000.0,10428000.0,105353000.0,51741000.0,25500000.0
2015-01-03,325442000.0,92942000.0,232500000.0,61097000.0,,194869000.0,37631000.0,-3224000.0,34407000.0,4123000.0,30284000.0,0.26,0.26,115341000.0,117027000.0,261052000.0,,201391000.0,,30073000.0,,203549000.0,696065000.0,,65766000.0,1000992000.0,319021000.0,41052000.0,2137223000.0,13862000.0,55370000.0,385963000.0,588982000.0,11657000.0,36242000.0,,70514000.0,1281770000.0,-619887000.0,-112826000.0,855453000.0,2137223000.0,21237000.0,11242000.0,,-25800000.0,,,,,-8776000.0,,13632000.0,,,,,,7947000.0,,,-8767000.0,3000.0,163000.0,-27753000.0,-32602000.0,
2015-04-04,639561000.0,178996000.0,460565000.0,121255000.0,,418946000.0,41619000.0,-6825000.0,34794000.0,-5005000.0,35676000.0,0.31,0.31,115147000.0,116479000.0,267815000.0,,201379000.0,,33332000.0,,203726000.0,706252000.0,,65191000.0,984953000.0,301443000.0,30152000.0,2108630000.0,13879000.0,58986000.0,403864000.0,660736000.0,16963000.0,30880000.0,,52706000.0,1254410000.0,-614495000.0,-132081000.0,854220000.0,2108630000.0,42205000.0,24064000.0,,-22711000.0,,,,,32200000.0,,105624000.0,,,,,-180000.0,14107000.0,,,-14927000.0,6000.0,163000.0,-102945000.0,-25839000.0,
2015-07-04,942674000.0,258372000.0,684302000.0,175333000.0,,621076000.0,63226000.0,-10492000.0,52734000.0,504000.0,53111000.0,0.46,0.46,115021000.0,116330000.0,275060000.0,,183144000.0,,28269000.0,,148732000.0,635205000.0,,65020000.0,1071796000.0,305527000.0,41115000.0,2146601000.0,14561000.0,88732000.0,371859000.0,638193000.0,17280000.0,30610000.0,,49570000.0,1316278000.0,-597060000.0,-130067000.0,830323000.0,2146601000.0,63455000.0,38135000.0,,-44906000.0,,,,,51393000.0,,192463000.0,,,,,98411000.0,20637000.0,,,-130048000.0,38000.0,-71000.0,-66612000.0,-18594000.0,
2015-09-30,1255242000.0,334734000.0,920508000.0,227513000.0,,878892000.0,41616000.0,-15091000.0,26525000.0,-21032000.0,47557000.0,0.41,0.41,114775000.0,116012000.0,273417000.0,,197275000.0,,31756000.0,,140819000.0,704679000.0,,65162000.0,1069041000.0,291301000.0,40794000.0,2209913000.0,13361000.0,97613000.0,368240000.0,617260000.0,18610000.0,42361000.0,,53386000.0,1349742000.0,-602614000.0,-91742000.0,860171000.0,2209913000.0,84433000.0,50182000.0,-49361000.0,-29723000.0,,,17880000.0,,8852000.0,,179903000.0,,,,,98411000.0,30628000.0,,0.0,-140039000.0,41000.0,24000.0,-42155000.0,-20237000.0,30100000.0
2016-01-02,291017000.0,80147000.0,210870000.0,57669000.0,,224162000.0,-13292000.0,-6253000.0,-19545000.0,4347000.0,-23892000.0,-0.21,-0.21,114151000.0,114151000.0,296797000.0,,161402000.0,,0.0,,144853000.0,659588000.0,,60878000.0,1086230000.0,317670000.0,41896000.0,2215893000.0,12171000.0,94617000.0,373768000.0,579387000.0,15498000.0,13704000.0,,53242000.0,1379956000.0,-626506000.0,-100497000.0,835937000.0,2215893000.0,20613000.0,23189000.0,,-35219000.0,,,,,1262000.0,,61254000.0,,,,,64780000.0,4185000.0,,,-68965000.0,1000.0,56000.0,32924000.0,23380000.0,
2016-04-02,563644000.0,160339000.0,403305000.0,114279000.0,,414840000.0,-11535000.0,-11580000.0,-23115000.0,5950000.0,-29065000.0,-0.25,-0.25,114563000.0,114563000.0,368456000.0,,146669000.0,,0.0,,162454000.0,741390000.0,,62867000.0,1172772000.0,338644000.0,38740000.0,2411502000.0,13426000.0,71703000.0,431901000.0,618806000.0,14707000.0,15018000.0,,70742000.0,1557398000.0,-631679000.0,-91355000.0,854104000.0,2411502000.0,42904000.0,38025000.0,,-63617000.0,,,,,24019000.0,,110139000.0,,,,,164191000.0,8866000.0,,,-173057000.0,1000.0,56000.0,152286000.0,95039000.0,
2016-07-02,852296000.0,242809000.0,609487000.0,171397000.0,,613426000.0,7596000.0,-19880000.0,-23819000.0,-3777000.0,-25992000.0,-0.23,-0.23,114795000.0,115698000.0,294626000.0,11380000.0,151718000.0,,0.0,,120576000.0,635286000.0,33226000.0,62909000.0,1169660000.0,323382000.0,43216000.0,2339146000.0,16250000.0,77003000.0,410996000.0,603894000.0,14436000.0,20342000.0,,59688000.0,1476485000.0,-628606000.0,-94558000.0,862661000.0,2339146000.0,64721000.0,51821000.0,,-58499000.0,,,,,44592000.0,,169596000.0,,,,,164191000.0,16632000.0,,,-225428000.0,19000.0,94000.0,72097000.0,21209000.0,
2016-09-30,1140533000.0,325665000.0,814868000.0,229331000.0,,851882000.0,-37014000.0,-30178000.0,-67192000.0,-12727000.0,-54465000.0,-0.48,-0.48,114612000.0,114612000.0,277935000.0,18695000.0,161357000.0,,75942000.0,,131783000.0,642589000.0,30921000.0,67113000.0,1169813000.0,310305000.0,41820000.0,2352253000.0,18022000.0,84141000.0,400420000.0,654519000.0,13237000.0,13754000.0,,69952000.0,1509587000.0,-657079000.0,-99953000.0,842666000.0,2352253000.0,86554000.0,65996000.0,-44182000.0,-52617000.0,,,-1444000.0,,16232000.0,,183168000.0,,,,,165802000.0,26189000.0,,,-237156000.0,21000.0,93000.0,51699000.0,4518000.0,25500000.0
2016-12-31,286327000.0,82115000.0,204212000.0,57914000.0,,199651000.0,4561000.0,-11064000.0,-6503000.0,2638000.0,-9141000.0,-0.08,-0.08,115290000.0,115290000.0,173367000.0,22738000.0,132853000.0,,,,121249000.0,513188000.0,27096000.0,65885000.0,1159492000.0,293727000.0,44159000.0,2196941000.0,19063000.0,,364929000.0,556730000.0,10100000.0,14889000.0,,64495000.0,1377976000.0,-666220000.0,-113857000.0,818965000.0,2196941000.0,21454000.0,17988000.0,,-21184000.0,,,,,-11726000.0,,-47978000.0,,,,,0.0,7100000.0,,,-5598000.0,0.0,102000.0,-41232000.0,-104568000.0,
2017-04-01,566367000.0,163945000.0,402422000.0,115624000.0,,390348000.0,12074000.0,3156000.0,-7559000.0,2686000.0,-10245000.0,-0.09,-0.09,115709000.0,115709000.0,243316000.0,23555000.0,142620000.0,,,,191164000.0,671723000.0,24636000.0,63429000.0,1161731000.0,279846000.0,33296000.0,2333748000.0,18381000.0,,481885000.0,683945000.0,10587000.0,15630000.0,,64266000.0,1486404000.0,-667324000.0,-109546000.0,847344000.0,2333748000.0,42683000.0,39565000.0,,-15373000.0,,,,,27457000.0,,28411000.0,,,,,0.0,14789000.0,,,1709000.0,3978000.0,139000.0,-57944000.0,-34619000.0,
2017-07-01,857660000.0,246213000.0,611447000.0,175474000.0,,588117000.0,23330000.0,2049000.0,-6860000.0,4336000.0,-11196000.0,-0.1,-0.1,115615000.0,115615000.0,260695000.0,19277000.0,128561000.0,,,,140419000.0,609459000.0,30912000.0,63443000.0,1175628000.0,269825000.0,32322000.0,2291761000.0,24569000.0,,455322000.0,650940000.0,9994000.0,22203000.0,,61053000.0,1456381000.0,-668275000.0,-95319000.0,835380000.0,2291761000.0,64187000.0,56139000.0,,-34913000.0,,,,,45985000.0,,102066000.0,,,,,4960000.0,19333000.0,,,-9808000.0,3978000.0,397000.0,-108101000.0,-17240000.0,
2017-09-30,1164039000.0,329019000.0,835020000.0,236059000.0,,794122000.0,40898000.0,-42304000.0,-1406000.0,-7645000.0,6239000.0,0.05,0.05,115523000.0,117356000.0,280003000.0,18408000.0,152299000.0,,105286000.0,,165933000.0,666556000.0,31907000.0,63600000.0,1182772000.0,257908000.0,34475000.0,2360384000.0,35160000.0,80761000.0,446296000.0,678909000.0,12611000.0,17880000.0,,53142000.0,1474948000.0,-650840000.0,-73907000.0,885436000.0,2360384000.0,86742000.0,76708000.0,-28289000.0,-12832000.0,,,12470000.0,,5808000.0,,134590000.0,,,,,4960000.0,25444000.0,,,-16127000.0,10778000.0,644000.0,-117461000.0,2068000.0,35400000.0
2017-12-30,306644000.0,82958000.0,223686000.0,63969000.0,,206214000.0,17472000.0,-954000.0,6471000.0,-7406000.0,13877000.0,0.12,0.12,115731000.0,117656000.0,291679000.0,20146000.0,131059000.0,,,,116438000.0,619459000.0,30421000.0,61219000.0,1184521000.0,243467000.0,36969000.0,2305942000.0,32651000.0,,419722000.0,604336000.0,11772000.0,5601000.0,,52512000.0,1416843000.0,-637519000.0,-69089000.0,889099000.0,2305942000.0,21046000.0,18331000.0,,-21603000.0,,,,,22055000.0,,25127000.0,,,,,,6377000.0,2500000.0,,-9385000.0,,,-6664000.0,11676000.0,
2018-03-31,614527000.0,166589000.0,447938000.0,126163000.0,,408100000.0,39838000.0,-1395000.0,18017000.0,-3782000.0,21799000.0,0.19,0.19,116241000.0,117905000.0,299776000.0,22797000.0,127151000.0,,,,137342000.0,649160000.0,32467000.0,59210000.0,1191603000.0,230030000.0,36482000.0,2328814000.0,29918000.0,,487281000.0,689326000.0,10496000.0,5704000.0,,52727000.0,1401090000.0,-629597000.0,-62430000.0,927724000.0,2328814000.0,42727000.0,35357000.0,,-32027000.0,,,,,59027000.0,,136275000.0,,,,,3000000.0,11139000.0,3000000.0,,-22693000.0,7472000.0,,-99646000.0,19773000.0,
2018-06-30,929303000.0,248145000.0,681158000.0,187381000.0,,619618000.0,61540000.0,-2481000.0,27987000.0,-10809000.0,38796000.0,0.33,0.33,115915000.0,117687000.0,266552000.0,22356000.0,130079000.0,,,,122625000.0,588212000.0,31816000.0,64456000.0,1182462000.0,214657000.0,35070000.0,2255631000.0,37773000.0,,474957000.0,665110000.0,8994000.0,5862000.0,,48227000.0,1421246000.0,-612600000.0,-78569000.0,834385000.0,2255631000.0,65303000.0,52015000.0,,-21195000.0,,,,,82794000.0,,185322000.0,,,,,3000000.0,18666000.0,3000000.0,,-30089000.0,7472000.0,,-165075000.0,-13451000.0,
2018-09-30,1241824000.0,326194000.0,915630000.0,249774000.0,,842393000.0,73237000.0,,28656000.0,-23331000.0,51987000.0,0.45,0.44,116390000.0,118158000.0,259946000.0,25836000.0,129297000.0,,159977000.0,,169708000.0,633784000.0,30115000.0,80613000.0,1182457000.0,200202000.0,36285000.0,2329022000.0,53473000.0,74388000.0,487590000.0,735279000.0,11852000.0,5589000.0,,58445000.0,1454433000.0,-599409000.0,-85585000.0,874589000.0,2329022000.0,87408000.0,82939000.0,-56556000.0,-20396000.0,,,-6959000.0,,56141000.0,,247811000.0,,,,,3000000.0,36041000.0,3000000.0,,-49212000.0,1015654000.0,,-210846000.0,-20057000.0,22600000.0
2018-12-29,334689000.0,77352000.0,257337000.0,60782000.0,,227293000.0,30044000.0,655000.0,20423000.0,-562000.0,20985000.0,0.18,0.18,118323000.0,119638000.0,276990000.0,25598000.0,385670000.0,,,,48682000.0,799985000.0,30054000.0,107359000.0,1230901000.0,205084000.0,178437000.0,2752969000.0,57249000.0,,325111000.0,540969000.0,10197000.0,36261000.0,,65889000.0,1431800000.0,-138785000.0,-95108000.0,1321169000.0,2752969000.0,20053000.0,29407000.0,,-24025000.0,,,,,-21820000.0,,21214000.0,,,,,69556000.0,30332000.0,0.0,,-101212000.0,-4640000.0,,94997000.0,17040000.0,
2019-03-30,625140000.0,157256000.0,467884000.0,122184000.0,,460698000.0,-22858000.0,1475000.0,-33420000.0,10093000.0,-43513000.0,-0.37,-0.37,118461000.0,118461000.0,294299000.0,25428000.0,352217000.0,,,,52448000.0,790602000.0,30987000.0,106837000.0,1229541000.0,192372000.0,169596000.0,2715819000.0,36685000.0,,381392000.0,598383000.0,10415000.0,36326000.0,,84287000.0,1468111000.0,-182298000.0,-95124000.0,1247708000.0,2715819000.0,39558000.0,56374000.0,,-54501000.0,,,,,36947000.0,,162344000.0,,,,,69453000.0,51268000.0,0.0,,-128340000.0,4158000.0,,-1902000.0,34339000.0,
2019-06-29,920626000.0,239961000.0,680665000.0,182774000.0,,664174000.0,16491000.0,2501000.0,-13500000.0,23803000.0,-37286000.0,-0.32,-0.32,117636000.0,117636000.0,267862000.0,33073000.0,321426000.0,,,,60483000.0,752663000.0,21553000.0,107752000.0,1245084000.0,183180000.0,148998000.0,2648601000.0,44065000.0,,374291000.0,601222000.0,,37354000.0,,87226000.0,1433006000.0,-197056000.0,-93012000.0,1215595000.0,2648601000.0,58634000.0,71608000.0,,-88254000.0,,,,,25325000.0,,229929000.0,,,,,86737000.0,59579000.0,0.0,,-147580000.0,4158000.0,,-76603000.0,7889000.0,
2019-09-30,1255631000.0,325378000.0,930253000.0,246888000.0,,867211000.0,63042000.0,305000.0,20300000.0,47760000.0,-27460000.0,-0.23,-0.23,117724000.0,117724000.0,269579000.0,27891000.0,372743000.0,,156951000.0,,59707000.0,782621000.0,29544000.0,105531000.0,1238179000.0,169949000.0,140130000.0,2664588000.0,42442000.0,104028000.0,385509000.0,638155000.0,11123000.0,41683000.0,,102495000.0,1462590000.0,-191390000.0,-110710000.0,1201998000.0,2664588000.0,77824000.0,86400000.0,1708000.0,-29446000.0,,,-73995000.0,,45875000.0,,285145000.0,,,,,86737000.0,64411000.0,0.0,,-150024000.0,12975000.0,,-122960000.0,9596000.0,38900000.0
2019-12-28,356110000.0,87405000.0,268705000.0,65308000.0,,238280000.0,30425000.0,704000.0,19031000.0,-16424000.0,35455000.0,0.31,0.31,115190000.0,115691000.0,237017000.0,29260000.0,344412000.0,,,,58157000.0,739169000.0,28220000.0,105171000.0,1606050000.0,266009000.0,161859000.0,3279827000.0,42452000.0,,359496000.0,631512000.0,,20568000.0,,55638000.0,2032010000.0,-157507000.0,-103861000.0,1247817000.0,3279827000.0,19588000.0,27936000.0,,-34314000.0,,,,,-34952000.0,,7512000.0,,,,,467749000.0,4707000.0,,,-473419000.0,0.0,,431146000.0,-32770000.0,
2020-03-28,715713000.0,170432000.0,545281000.0,125262000.0,,464831000.0,80450000.0,-1629000.0,34809000.0,8622000.0,42611000.0,0.37,0.37,115606000.0,116017000.0,826776000.0,34254000.0,352673000.0,,,,60869000.0,1341426000.0,22687000.0,104147000.0,1603081000.0,251191000.0,184240000.0,3866471000.0,33728000.0,,407412000.0,1192172000.0,,,,51894000.0,2592390000.0,-150351000.0,-113495000.0,1274081000.0,3866471000.0,40193000.0,48420000.0,,-20187000.0,,,,,17393000.0,,95329000.0,,,,0.0,468520000.0,10243000.0,,,-476743000.0,8980000.0,,944143000.0,556989000.0,
2020-06-27,1067434000.0,249656000.0,817778000.0,186691000.0,,673927000.0,143851000.0,775000.0,79325000.0,9838000.0,77289000.0,0.67,0.67,115759000.0,116229000.0,377428000.0,25830000.0,319244000.0,,,,52106000.0,847238000.0,31958000.0,101617000.0,1605204000.0,247173000.0,195234000.0,3376169000.0,29954000.0,,395849000.0,666291000.0,,,,52348000.0,2048602000.0,-115673000.0,-110211000.0,1327567000.0,3376169000.0,60677000.0,73605000.0,,-54662000.0,,,,,3357000.0,,199834000.0,,,,0.0,468520000.0,15412000.0,11050000.0,,-497006000.0,8980000.0,,408540000.0,107241000.0,
2020-09-30,1458415000.0,334271000.0,1124144000.0,256575000.0,,913281000.0,210863000.0,271000.0,134706000.0,4011000.0,130695000.0,1.13,1.12,115663000.0,116267000.0,275458000.0,28129000.0,415221000.0,,178532000.0,,45231000.0,833447000.0,30970000.0,101499000.0,1625786000.0,237570000.0,212570000.0,3382738000.0,24910000.0,,416804000.0,680760000.0,,,,55936000.0,1944490000.0,-62267000.0,-103374000.0,1438248000.0,3382738000.0,80817000.0,115149000.0,-24641000.0,32365000.0,,,,,17046000.0,,233808000.0,,,,0.0,483478000.0,20196000.0,11050000.0,,-525972000.0,18382000.0,,297410000.0,5271000.0,52600000.0
2020-12-31,429050000.0,86830000.0,342220000.0,70835000.0,,251882000.0,90338000.0,-1413000.0,77407000.0,53892000.0,23515000.0,0.2,0.2,116401000.0,117605000.0,398697000.0,0.0,415835000.0,,,,48795000.0,936204000.0,1000000.0,98278000.0,1635281000.0,225896000.0,221441000.0,3448888000.0,30015000.0,,424701000.0,712238000.0,,,,56340000.0,1953959000.0,-38752000.0,-90865000.0,1494929000.0,3448888000.0,18835000.0,46088000.0,,-10315000.0,,,,,-851000.0,,113762000.0,,,,1000000.0,0.0,2857000.0,550000.0,,46703000.0,,,-42779000.0,123239000.0,
2021-03-31,890836000.0,176278000.0,714558000.0,143380000.0,,522529000.0,192029000.0,-3821000.0,163764000.0,30987000.0,132777000.0,1.14,1.13,116777000.0,118331000.0,326081000.0,0.0,434533000.0,,,,54430000.0,901763000.0,0.0,97260000.0,2193632000.0,410310000.0,247396000.0,4181221000.0,22230000.0,,480861000.0,766820000.0,,,,54402000.0,2530688000.0,70510000.0,-97937000.0,1650533000.0,4181221000.0,40169000.0,90828000.0,,9854000.0,,,,,52210000.0,,235454000.0,,,,,717198000.0,8242000.0,,3353000.0,-670324000.0,10484000.0,,484963000.0,50636000.0,
2021-06-30,1326504000.0,271355000.0,1055149000.0,221514000.0,,789538000.0,265611000.0,-5756000.0,222233000.0,38253000.0,183980000.0,1.58,1.56,116934000.0,118611000.0,365756000.0,0.0,432980000.0,,,,46218000.0,918496000.0,0.0,93659000.0,2197313000.0,394682000.0,276551000.0,4206219000.0,23446000.0,,460836000.0,746199000.0,,,,53808000.0,2481261000.0,121713000.0,-92830000.0,1724958000.0,4206219000.0,62670000.0,133896000.0,,4110000.0,,,,,30733000.0,,323488000.0,,,,,717779000.0,11662000.0,550000.0,3291000.0,-674813000.0,10484000.0,,439990000.0,90311000.0,
2021-09-30,1807159000.0,371102000.0,1436057000.0,299917000.0,,1055309000.0,380748000.0,61485000.0,391755000.0,-85168000.0,476923000.0,4.08,4.03,116836000.0,118367000.0,326532000.0,0.0,541072000.0,,293624000.0,,135415000.0,1073010000.0,0.0,100237000.0,2191887000.0,378967000.0,313333000.0,4507560000.0,33381000.0,,482131000.0,779282000.0,,,,49693000.0,2469092000.0,414656000.0,-95864000.0,2038468000.0,4507560000.0,85239000.0,177300000.0,-158105000.0,119418000.0,,,,,58702000.0,,368809000.0,,,,4000000.0,718030000.0,24713000.0,550000.0,,-687859000.0,21575000.0,,370264000.0,51087000.0,56000000.0
2021-12-31,457721000.0,95118000.0,362603000.0,80534000.0,,300425000.0,62178000.0,6184000.0,55376000.0,9287000.0,46089000.0,0.39,0.39,117347000.0,118598000.0,296125000.0,,478673000.0,,,,145051000.0,1009322000.0,,96848000.0,2189880000.0,363877000.0,318261000.0,4420620000.0,32922000.0,,464910000.0,779978000.0,,,,46890000.0,2466808000.0,460745000.0,-98387000.0,1953812000.0,4420620000.0,22088000.0,45942000.0,,-57316000.0,,,,,-13696000.0,,137736000.0,,,,0.0,,3362000.0,450000.0,,2661000.0,,,-169143000.0,-30407000.0,
2022-03-31,962948000.0,188455000.0,774493000.0,162469000.0,,553125000.0,221368000.0,-43385000.0,158942000.0,23174000.0,135768000.0,1.16,1.15,117135000.0,118162000.0,306701000.0,,510196000.0,,,,61147000.0,966962000.0,,92897000.0,2186156000.0,355360000.0,327966000.0,4378523000.0,23741000.0,,516933000.0,782381000.0,,,,46093000.0,2294546000.0,550424000.0,-105248000.0,2083977000.0,4378523000.0,43468000.0,83863000.0,,-12310000.0,,,,,47012000.0,,280061000.0,,,,0.0,0.0,5510000.0,4454000.0,,44037000.0,10857000.0,,-339977000.0,-19618000.0,
2022-06-30,1425422000.0,290450000.0,1134972000.0,250639000.0,,833627000.0,301345000.0,34559000.0,259720000.0,53476000.0,206244000.0,1.76,1.75,117114000.0,118097000.0,322326000.0,,473298000.0,,,,61074000.0,948432000.0,,90815000.0,2382680000.0,398634000.0,359033000.0,4605538000.0,16462000.0,,481360000.0,769671000.0,,,,42374000.0,2448368000.0,620900000.0,-133887000.0,2157170000.0,4605538000.0,65456000.0,133283000.0,,-25228000.0,,,,,18038000.0,,396827000.0,,,,0.0,274974000.0,9979000.0,5453000.0,,-192939000.0,10857000.0,,-193238000.0,-4004000.0,
2022-09-30,1933347000.0,385980000.0,1547367000.0,338822000.0,,1100005000.0,447362000.0,4004000.0,397098000.0,84017000.0,313081000.0,2.67,2.65,117194000.0,118233000.0,272182000.0,,636556000.0,,227695000.0,,71065000.0,1068657000.0,,98101000.0,2353654000.0,382718000.0,390267000.0,4687268000.0,40153000.0,,503781000.0,792258000.0,,,,35827000.0,2391234000.0,727737000.0,-153458000.0,2296034000.0,4687268000.0,87694000.0,174900000.0,42963000.0,165006000.0,,,,,57586000.0,,435326000.0,,,,0.0,282943000.0,19496000.0,6451000.0,-3408000.0,-201201000.0,21207000.0,,-264081000.0,-54159000.0,55000000.0
2022-12-31,465910000.0,95790000.0,370120000.0,88177000.0,,265219000.0,104901000.0,-2119000.0,86424000.0,11389000.0,75035000.0,0.64,0.63,117819000.0,118788000.0,387588000.0,,562036000.0,,,,66777000.0,1126794000.0,,95142000.0,2388589000.0,373837000.0,395891000.0,4795769000.0,38983000.0,,500222000.0,786742000.0,,,,33349000.0,2395220000.0,802772000.0,-105222000.0,2400549000.0,4795769000.0,21328000.0,41504000.0,,-105512000.0,,,,,-19635000.0,,180921000.0,,,,,,9180000.0,0.0,,-20129000.0,,,-53990000.0,115418000.0,
2023-03-31,1008091000.0,209296000.0,798795000.0,188526000.0,,571355000.0,227440000.0,-2064000.0,167493000.0,28954000.0,138539000.0,1.17,1.17,118260000.0,119041000.0,320477000.0,,643017000.0,,,,83618000.0,1166410000.0,,92003000.0,3369041000.0,979221000.0,391464000.0,6299620000.0,37693000.0,,649262000.0,1593046000.0,,,,32868000.0,3781086000.0,866276000.0,-98498000.0,2518534000.0,6299620000.0,49037000.0,93750000.0,,-86478000.0,,,,,36092000.0,,391869000.0,,,,5823000.0,828271000.0,12950000.0,0.0,,-859742000.0,10592000.0,,506998000.0,48306000.0,41200000.0
2023-06-30,1550433000.0,325150000.0,1225283000.0,292345000.0,,887943000.0,337340000.0,2462000.0,244019000.0,44082000.0,199937000.0,1.69,1.68,118483000.0,119392000.0,281513000.0,,625471000.0,,,,77421000.0,1103277000.0,,89180000.0,3377319000.0,959120000.0,387586000.0,6207649000.0,18492000.0,,631325000.0,1611655000.0,,,,33133000.0,3608985000.0,927674000.0,-97638000.0,2598664000.0,6207649000.0,76943000.0,147568000.0,,-99521000.0,,,,,18696000.0,,561092000.0,,,,5823000.0,828271000.0,18035000.0,0.0,,-866138000.0,10592000.0,,307531000.0,9320000.0,
2023-09-30,2097053000.0,441006000.0,1656047000.0,394370000.0,,1197573000.0,458474000.0,3509000.0,332566000.0,87026000.0,245540000.0,2.07,2.06,118341000.0,119334000.0,288103000.0,,811398000.0,,93811000.0,,81849000.0,1277366000.0,,88391000.0,3358511000.0,941249000.0,356978000.0,6288842000.0,43480000.0,,665362000.0,1671185000.0,,,,39806000.0,3611552000.0,973277000.0,-118080000.0,2677290000.0,6288842000.0,104760000.0,206500000.0,16676000.0,98607000.0,,,,,56572000.0,,610861000.0,,,,5823000.0,828271000.0,23814000.0,800000.0,0.0,-866115000.0,21652000.0,,268313000.0,15910000.0,65900000.0
2023-12-31,550214000.0,110020000.0,440194000.0,105783000.0,,321481000.0,118713000.0,2220000.0,85599000.0,19212000.0,66387000.0,0.56,0.55,119124000.0,120250000.0,264997000.0,,678000000.0,,,,68252000.0,1134409000.0,,85389000.0,3458463000.0,953370000.0,375077000.0,6271157000.0,14384000.0,,649707000.0,950333000.0,,,,42823000.0,3464504000.0,1039664000.0,-95139000.0,2806653000.0,6271157000.0,27222000.0,59013000.0,,-153950000.0,,,,,-29094000.0,,187341000.0,,,,,93457000.0,4563000.0,,,-105367000.0,,,-111962000.0,-23299000.0,
2024-03-31,1153286000.0,220075000.0,933211000.0,212781000.0,,634943000.0,298268000.0,-2224000.0,231344000.0,50512000.0,180832000.0,1.52,1.5,119587000.0,120712000.0,248971000.0,,705493000.0,,,,60951000.0,1152808000.0,,81811000.0,3446373000.0,931471000.0,348334000.0,6205263000.0,19637000.0,,708839000.0,1515016000.0,,,,41798000.0,3262131000.0,1154109000.0,-113283000.0,2943132000.0,6205263000.0,54144000.0,113204000.0,,-107507000.0,,,,,40971000.0,,438071000.0,,,,0.0,93457000.0,8202000.0,,,-103883000.0,12709000.0,,-374341000.0,-39324000.0,
2024-06-30,1671925000.0,331991000.0,1339934000.0,323034000.0,,945845000.0,394089000.0,-667000.0,298717000.0,48907000.0,249810000.0,2.09,2.07,119893000.0,120822000.0,247749000.0,,674959000.0,,,,59690000.0,1091771000.0,,77535000.0,3442245000.0,910505000.0,323133000.0,6128145000.0,47153000.0,,671209000.0,1569249000.0,,,,40487000.0,3113466000.0,1223087000.0,-120223000.0,3014679000.0,6128145000.0,81272000.0,161242000.0,,-131422000.0,,,,,8393000.0,,651870000.0,,,,0.0,93457000.0,9841000.0,,,-99472000.0,12709000.0,,-590871000.0,-40476000.0,
2024-09-30,2298472000.0,444816000.0,1853656000.0,433047000.0,,1265594000.0,588062000.0,553000.0,468962000.0,92629000.0,376333000.0,3.14,3.12,119679000.0,120742000.0,265808000.0,,861953000.0,,127188000.0,,68013000.0,1298705000.0,,75187000.0,3461891000.0,897476000.0,357562000.0,6383542000.0,24198000.0,,754039000.0,1667193000.0,,,,63827000.0,3169144000.0,1349610000.0,-101721000.0,3214398000.0,6383542000.0,108119000.0,223500000.0,-39040000.0,34629000.0,,,,,81399000.0,,749984000.0,,,,0.0,93457000.0,14378000.0,3990000.0,-89000.0,-124814000.0,25674000.0,,-650725000.0,-22332000.0,68600000.0
,,,,,,,,,,,,,,,,,,,,,,,,,,,,,,,,,,,,,,,,,,,,,,,,,,,,,,,,,,,,,,,,,,,
,,,,,,,,,,,,,,,,,,,,,,,,,,,,,,,,,,,,,,,,,,,,,,,,,,,,,,,,,,,,,,,,,,,
