Date,Net sales,Cost of sales,Gross margin,Research and development,"Selling, general and administrative",Total operating expenses,Operating income,"Other income/(expense), net",Income before provision for income taxes,Provision for income taxes,Net income,Earnings per share basic,Earnings per share diluted,Weighted-average basic,Weighted-average diluted,Cash and cash equivalents,Short-term marketable securities,"Accounts receivable, net",Inventories,Deferred tax assets,Vendor non-trade receivables,Other current assets,Total current assets,Long-term marketable securities,"Property, Plant and Equipment, Net",Goodwill,"Acquired intangible assets, net","Other Assets, Noncurrent",Total assets,accounts payable,Accrued expenses,Deferred revenue,Total current liabilities,Deferred revenue - non-current,deferred tax liabilities,long term taxes payable,Total other non-current liabilities,Total liabilities,Retained Earnings (Accumulated Deficit),Accumulated other comprehensive (loss)/income,Total shareholders equity,Total liabilities and shareholders' equity,"Depreciation, amortization and accretion",Stock-based compensation expense,Deferred income tax expense,"Increase (Decrease) in Accounts receivable, net",Increase (Decrease) in Inventories,Increase (Decrease) in Other Receivables,Increase (Decrease) in Other Operating Assets,Increase (Decrease) in Accounts Payable,Increase (Decrease) in Deferred Revenue,Increase (Decrease) Other liabilities,Cash generated by operating activities,Purchases of marketable securities,Proceeds from maturities of marketable securities,Proceeds from sales of marketable securities,Purchases of other long-term investments,"Business acquisitions, net of cash acquired",Cash payments for capital asset purchases,Payments for acquisition of intangible assets,Payments for (Proceeds from) Other Investing Activities,Cash used in investing activities,Proceeds from issuance of common stock,Excess tax benefits from stock-based compensation,Cash generated/used in financing activities,Increase/(decrease) in cash and cash equivalents,"Cash paid for income taxes, net"
2009-12-31,,,593488000.0,,312414000.0,,242122000.0,,233730000.0,70195000.0,,0.81,0.81,200733000.0,201311000.0,699629000.0,,688260000.0,33451000.0,,,100213000.0,1582792000.0,,854437000.0,1449558000.0,184822000.0,45345000.0,4116954000.0,,,,495688000.0,,167575000.0,,216522000.0,1006393000.0,75836000.0,3502000.0,3109183000.0,4116954000.0,,19875000.0,26911000.0,,7536000.0,,,,,1055000.0,376898000.0,,,,,-36234000.0,164980000.0,,,-119682000.0,0.0,-1509000.0,1481000.0,261728000.0,
2010-03-31,,,129142000.0,,81004000.0,,42290000.0,,40166000.0,16066000.0,,0.11,0.11,208673000.0,210342000.0,659824000.0,,672586000.0,33176000.0,,,83224000.0,1505484000.0,,870260000.0,1449658000.0,178994000.0,44756000.0,4049152000.0,,,,402457000.0,,163172000.0,,217744000.0,911118000.0,99580000.0,6624000.0,3136300000.0,4049152000.0,,6002000.0,11930000.0,,348000.0,,,,,793000.0,3626000.0,,,,,,43799000.0,,,-42867000.0,,1969000.0,-1135000.0,-39805000.0,
2010-06-30,,,285179000.0,,163126000.0,,107115000.0,,96257000.0,38834000.0,,0.27,0.27,209399000.0,211082000.0,519818000.0,,671792000.0,40690000.0,,,65089000.0,1425373000.0,,875981000.0,1449531000.0,169885000.0,39532000.0,3960302000.0,,,,420355000.0,,156256000.0,,216973000.0,793584000.0,132566000.0,3812000.0,3164647000.0,3960302000.0,,11762000.0,-6007000.0,,7583000.0,,,,,-2375000.0,33375000.0,,,,,,82370000.0,,,-68263000.0,,1987000.0,-144699000.0,-179811000.0,
2010-09-30,,,475173000.0,,245163000.0,,201676000.0,,191446000.0,70323000.0,,0.57,0.57,209428000.0,211096000.0,441247000.0,,787580000.0,46445000.0,,,79958000.0,1621262000.0,,864279000.0,1449603000.0,156501000.0,39317000.0,4130962000.0,,,,504397000.0,,176879000.0,,211611000.0,892887000.0,195346000.0,5775000.0,3235084000.0,4130962000.0,,17465000.0,27052000.0,,12928000.0,,,,,-1378000.0,-54707000.0,,,,,0.0,114044000.0,,,-92790000.0,,1970000.0,-144721000.0,-258382000.0,
2010-12-31,,,634423000.0,,339672000.0,,256183000.0,,246255000.0,90698000.0,,0.73,0.72,210046000.0,211796000.0,539221000.0,,766387000.0,51754000.0,,,103527000.0,1596364000.0,,900768000.0,1561155000.0,194067000.0,88858000.0,4341212000.0,,,,500395000.0,,212200000.0,,261698000.0,974293000.0,229012000.0,14122000.0,3365555000.0,4341212000.0,,23048000.0,36430000.0,,17127000.0,,,,,-3235000.0,240258000.0,,,,,130251000.0,149653000.0,,,-254253000.0,,2161000.0,-145705000.0,-160408000.0,
2011-03-31,,,70891000.0,,91541000.0,,-26916000.0,,-26950000.0,-10645000.0,,-0.08,-0.08,214167000.0,214167000.0,503019000.0,,767126000.0,53091000.0,,,128149000.0,1562324000.0,,910530000.0,1564393000.0,189086000.0,98229000.0,4324562000.0,,,,482711000.0,,214187000.0,,267886000.0,964784000.0,211418000.0,25300000.0,3357125000.0,4324562000.0,,5541000.0,11483000.0,,1145000.0,,,,,53000.0,-4188000.0,,,,,,37488000.0,,,-34295000.0,,2014000.0,2324000.0,-36202000.0,
2011-06-30,,,224981000.0,,181030000.0,,57730000.0,,57923000.0,23610000.0,,0.15,0.15,214827000.0,215606000.0,380382000.0,,813057000.0,62216000.0,,,111621000.0,1476580000.0,,938567000.0,1563871000.0,186477000.0,127360000.0,4292855000.0,,,,503960000.0,37600000.0,211070000.0,,274544000.0,989574000.0,243219000.0,23117000.0,3298587000.0,4292855000.0,,11494000.0,10092000.0,,10295000.0,,,,,-2206000.0,56158000.0,,,,,,89692000.0,,,-120109000.0,,1530000.0,-95387000.0,-158839000.0,
2011-09-30,,,419671000.0,,273444000.0,,124795000.0,,123914000.0,50306000.0,,0.31,0.31,213400000.0,214055000.0,257838000.0,,1008936000.0,74024000.0,,,102731000.0,1576877000.0,,956604000.0,1586253000.0,199583000.0,144638000.0,4463955000.0,,,,651708000.0,37300000.0,231662000.0,,277588000.0,1160958000.0,295213000.0,-5528000.0,3294697000.0,4463955000.0,,16210000.0,21775000.0,,21445000.0,,,,,-3557000.0,92755000.0,,,,,53933000.0,132769000.0,,,-216777000.0,,1227000.0,-153544000.0,-281383000.0,
2011-12-31,,,620599000.0,,372963000.0,,217683000.0,,216370000.0,71954000.0,,0.62,0.62,212648000.0,213168000.0,315349000.0,,1066273000.0,71416000.0,-200102000.0,,105957000.0,1765154000.0,,971696000.0,1601210000.0,207224000.0,153830000.0,4699114000.0,,,16945000.0,781076000.0,38300000.0,312274000.0,,295131000.0,1309851000.0,361527000.0,710000.0,3381952000.0,4699114000.0,,21618000.0,7017000.0,,18529000.0,,,,,-5764000.0,218030000.0,,,,,79660000.0,172005000.0,,,-281217000.0,,1365000.0,-158733000.0,-223872000.0,
2012-03-31,,,195515000.0,,106646000.0,,79475000.0,,79464000.0,29470000.0,,0.22,0.22,211481000.0,211592000.0,177367000.0,,1114246000.0,72263000.0,,,98091000.0,1770113000.0,,985672000.0,1646623000.0,209140000.0,143786000.0,4755334000.0,,,,762656000.0,38500000.0,,,290100000.0,1284620000.0,407234000.0,12033000.0,3461606000.0,4755334000.0,,6481000.0,1621000.0,,-1365000.0,,,,,-3117000.0,-60218000.0,,,,,41904000.0,35344000.0,,,-80955000.0,,2910000.0,899000.0,-137982000.0,
2012-06-30,,,430922000.0,,221357000.0,,190622000.0,,189729000.0,69938000.0,,0.52,0.52,212987000.0,213087000.0,172868000.0,,1138720000.0,57649000.0,,,102407000.0,1824501000.0,,1016737000.0,1664962000.0,206019000.0,185084000.0,4897303000.0,,,,783971000.0,37700000.0,,,285952000.0,1351149000.0,472772000.0,-2522000.0,3536534000.0,4897303000.0,,14575000.0,2919000.0,,-15800000.0,,,,,-2491000.0,86299000.0,,,,,68727000.0,85319000.0,,,-200341000.0,,-2868000.0,33696000.0,-142481000.0,
2012-09-30,,,711356000.0,,345633000.0,,336276000.0,,335938000.0,115291000.0,,0.98,0.98,213150000.0,213242000.0,128210000.0,,1441021000.0,55916000.0,,,132322000.0,2136427000.0,,1057046000.0,1670816000.0,199085000.0,191896000.0,5255270000.0,,,,925352000.0,36900000.0,,,284323000.0,1585026000.0,569170000.0,19771000.0,3662899000.0,5255270000.0,,21713000.0,12037000.0,,-17803000.0,,,,,-3823000.0,-59770000.0,,,,,68727000.0,160355000.0,,,-274592000.0,,-66000.0,113532000.0,-187139000.0,
2012-12-31,,,937707000.0,,434894000.0,,465122000.0,,464580000.0,158859000.0,,1.44,1.44,212777000.0,212835000.0,394701000.0,,1328081000.0,38261000.0,-214908000.0,,97907000.0,2201727000.0,,1045983000.0,1537645000.0,183836000.0,171566000.0,5140757000.0,,,22499000.0,881179000.0,37700000.0,314179000.0,,262612000.0,1368841000.0,668156000.0,14453000.0,3766548000.0,5140757000.0,,25990000.0,22533000.0,,-26435000.0,,,,,-8479000.0,166839000.0,,,,,68727000.0,209445000.0,,,-321101000.0,,297000.0,-15344000.0,79352000.0,
2013-03-31,,,238273000.0,,113681000.0,,119291000.0,,118798000.0,41941000.0,,,,213453000.0,213512000.0,366619000.0,,1283739000.0,37666000.0,,,90561000.0,2185665000.0,,1071972000.0,1535795000.0,178515000.0,182871000.0,5154818000.0,,,,829886000.0,37100000.0,,,266419000.0,1323997000.0,740237000.0,710000.0,3826131000.0,5154818000.0,,8036000.0,-1122000.0,,-497000.0,,,,,2019000.0,44132000.0,,,,,977000.0,57637000.0,,,-65615000.0,,,-4957000.0,-28082000.0,
2013-06-30,,,479557000.0,,232712000.0,,236465000.0,,235685000.0,84102000.0,,,,214314000.0,214368000.0,363113000.0,,1282949000.0,40852000.0,,,84881000.0,2176827000.0,,1103212000.0,1530138000.0,171871000.0,205883000.0,5187931000.0,,,,800415000.0,38300000.0,,,266210000.0,1300092000.0,810474000.0,-24439000.0,3882518000.0,5187931000.0,,20078000.0,6096000.0,,3393000.0,,,,,1162000.0,161908000.0,,,,,977000.0,139380000.0,,,-181840000.0,,2568000.0,-5921000.0,-31588000.0,
2013-09-30,,,752610000.0,,357661000.0,,377543000.0,,376603000.0,126611000.0,,,,214866000.0,214916000.0,309153000.0,,1434701000.0,35590000.0,,,125651000.0,2137387000.0,,1153629000.0,1650012000.0,190749000.0,363191000.0,5494968000.0,,,,964787000.0,38800000.0,,,265533000.0,1470714000.0,903380000.0,-11319000.0,4015933000.0,5494968000.0,,27747000.0,-15481000.0,,-5396000.0,,,,,8654000.0,245100000.0,,,,,124736000.0,213240000.0,,,-316396000.0,,2797000.0,-8373000.0,-85548000.0,
2013-12-31,,,1055453000.0,,501010000.0,,526928000.0,,639249000.0,217940000.0,,,,214929000.0,214978000.0,488777000.0,,1439115000.0,31877000.0,44839000.0,,140071000.0,2313318000.0,,1205608000.0,1780717000.0,207877000.0,285725000.0,5793245000.0,,,22764000.0,1043520000.0,40200000.0,331345000.0,,264150000.0,1551926000.0,1070077000.0,-37236000.0,4234188000.0,5793245000.0,,35876000.0,-16470000.0,,-5986000.0,,,,,3881000.0,446592000.0,,,,,283837000.0,263558000.0,,-186185000.0,-319966000.0,,3723000.0,-16651000.0,94076000.0,
2014-03-31,,,272071000.0,,173331000.0,,90495000.0,,91701000.0,33053000.0,,,,219033000.0,219075000.0,273340000.0,,1501857000.0,35604000.0,,,128690000.0,2214457000.0,,1269656000.0,1832047000.0,219573000.0,290887000.0,5826620000.0,,,,982475000.0,41600000.0,,,273196000.0,1509944000.0,1124485000.0,-55219000.0,4305805000.0,5826620000.0,,10298000.0,8086000.0,,1923000.0,,,,,3272000.0,-60533000.0,,,,,76368000.0,71418000.0,,,-145034000.0,,123000.0,-10246000.0,-215437000.0,
2014-06-30,,,553519000.0,,312771000.0,,223888000.0,,223332000.0,79240000.0,,,,219612000.0,219642000.0,188948000.0,,1589927000.0,40772000.0,,,184842000.0,2242928000.0,,1311859000.0,1842989000.0,214039000.0,297244000.0,5909059000.0,,,,967196000.0,44300000.0,,,283235000.0,1507972000.0,1205567000.0,-23875000.0,4385860000.0,5909059000.0,,20682000.0,5748000.0,,6781000.0,,,,,4146000.0,32756000.0,,,,,79583000.0,146822000.0,,3044000.0,-220629000.0,,244000.0,-55055000.0,-299829000.0,
2014-09-30,,,906490000.0,,513292000.0,,366800000.0,,365447000.0,121340000.0,,,,219492000.0,219517000.0,144159000.0,,1873241000.0,39411000.0,,,162879000.0,2536467000.0,,1388134000.0,1880090000.0,229460000.0,195138000.0,6229289000.0,,,,1128127000.0,45600000.0,,,278194000.0,1740658000.0,1300215000.0,-73944000.0,4471037000.0,6229289000.0,,28454000.0,-10613000.0,,5723000.0,,,,,6072000.0,64119000.0,,,,,161411000.0,226679000.0,,2868000.0,-379826000.0,,1429000.0,56326000.0,-344618000.0,
2014-12-31,,,1233520000.0,,722038000.0,,475575000.0,,473117000.0,157408000.0,,,,219668000.0,219690000.0,190515000.0,,1812539000.0,38921000.0,27258000.0,,221554000.0,2553976000.0,,1480128000.0,1931485000.0,260593000.0,85842000.0,6312024000.0,,,21309000.0,1137325000.0,48200000.0,297114000.0,,276154000.0,1786484000.0,1366791000.0,-123290000.0,4514473000.0,6312024000.0,,39030000.0,33664000.0,,4025000.0,,,,,-5129000.0,310824000.0,,,,,262218000.0,301476000.0,,3127000.0,-542866000.0,,1563000.0,-58347000.0,-298262000.0,
2015-03-31,,,252661000.0,,150238000.0,,93717000.0,,92560000.0,34375000.0,,,,215473000.0,215490000.0,135534000.0,,1642675000.0,45824000.0,,,222417000.0,2387640000.0,,1480097000.0,1922485000.0,252055000.0,98557000.0,6140834000.0,,,,1124310000.0,48900000.0,,,290960000.0,1830081000.0,1420275000.0,-212244000.0,4297488000.0,6140834000.0,,9960000.0,3495000.0,,3122000.0,,,,,-7008000.0,189227000.0,,,,,34733000.0,66168000.0,,809000.0,-99892000.0,,1000.0,-142235000.0,-54981000.0,
2015-06-30,,,465411000.0,,295386000.0,,153001000.0,,150038000.0,62185000.0,,,,214257000.0,214269000.0,65427000.0,,1626833000.0,55815000.0,,,210909000.0,2315567000.0,,1129597000.0,1598654000.0,234303000.0,99790000.0,6130510000.0,,,,1179148000.0,,,,249906000.0,1920792000.0,1466384000.0,-197339000.0,4196244000.0,6130510000.0,,19185000.0,992000.0,,12991000.0,,,,,-7086000.0,285752000.0,,,,,72669000.0,120997000.0,,2593000.0,-184048000.0,,4000.0,-225395000.0,-125088000.0,
2015-09-30,,,700626000.0,,441073000.0,,233879000.0,,228171000.0,94574000.0,,,,206181000.0,206193000.0,49194000.0,,1700314000.0,64690000.0,,,196445000.0,2362664000.0,,1125501000.0,1596931000.0,225413000.0,62915000.0,5373424000.0,,,,1340538000.0,,,,254685000.0,2169510000.0,1682772000.0,-264844000.0,3189372000.0,5373424000.0,,28708000.0,-7544000.0,,22596000.0,,,,,-9003000.0,394650000.0,,,,,102039000.0,168967000.0,,3644000.0,-254928000.0,,669000.0,-1259897000.0,-141321000.0,
2015-12-31,,,923665000.0,,592863000.0,,237503000.0,,228675000.0,97472000.0,,,,195113000.0,195120000.0,128771000.0,,1621133000.0,75285000.0,174678000.0,,,2277519000.0,,1101959000.0,1552658000.0,205074000.0,76333000.0,5213543000.0,,,8010000.0,1203744000.0,,,,260129000.0,2125728000.0,1677698000.0,-294689000.0,3085494000.0,5213543000.0,,36939000.0,-19403000.0,,33524000.0,,,,,-11707000.0,618183000.0,,,,,112914000.0,209968000.0,,4338000.0,-307113000.0,,669000.0,-1217378000.0,-61744000.0,
2016-03-31,,,203313000.0,,158524000.0,,37294000.0,,34302000.0,13443000.0,,,,162803000.0,162806000.0,155315000.0,,1493255000.0,72643000.0,,,,2248374000.0,,1153884000.0,1595400000.0,211303000.0,86558000.0,5295519000.0,,,,1235911000.0,,,,276376000.0,2122290000.0,1698194000.0,-234103000.0,3170545000.0,5295519000.0,,13719000.0,2716000.0,,-4537000.0,,,,,-4874000.0,199739000.0,,,,,39675000.0,47695000.0,,-577000.0,-83929000.0,,,-84702000.0,26544000.0,
2016-06-30,,,403530000.0,,315131000.0,,72763000.0,,65726000.0,28138000.0,,,,159577000.0,159579000.0,162344000.0,,1384554000.0,74976000.0,,,,2244387000.0,,1160870000.0,1595555000.0,203256000.0,93033000.0,5297101000.0,,,,1208089000.0,,,,284036000.0,2093927000.0,1714756000.0,-231020000.0,3200323000.0,5297101000.0,,23222000.0,-7858000.0,,-2281000.0,,,,,3875000.0,266267000.0,,,,,39710000.0,108550000.0,,-1080000.0,-142272000.0,,122000.0,-85205000.0,33573000.0,
2016-09-30,,,706112000.0,,479456000.0,,202926000.0,,193789000.0,82654000.0,,,,158090000.0,158090000.0,117366000.0,,1565080000.0,89109000.0,,,,2405351000.0,,1165687000.0,1612238000.0,197556000.0,95636000.0,5476468000.0,,,,1245908000.0,,,,287235000.0,2199883000.0,1788498000.0,-242825000.0,3273936000.0,5476468000.0,,32968000.0,-22238000.0,,12405000.0,,,,,-7485000.0,196932000.0,,,,,67958000.0,144424000.0,,-1882000.0,-201927000.0,,671000.0,82907000.0,-44978000.0,
2016-12-31,,,1013800000.0,,653338000.0,,320813000.0,,307686000.0,107246000.0,,,,157287000.0,157288000.0,112183000.0,,1500115000.0,88548000.0,189972000.0,,,2288745000.0,,1174094000.0,1603169000.0,187023000.0,101028000.0,5354059000.0,,,15512000.0,1205228000.0,,,,259733000.0,2011357000.0,1876081000.0,-271673000.0,3339427000.0,5354059000.0,,42843000.0,-15695000.0,,9905000.0,,,,,-13743000.0,381176000.0,,,,,68788000.0,212555000.0,,-4752000.0,-266044000.0,,671000.0,-124825000.0,-16588000.0,
2017-03-31,,,266188000.0,,184552000.0,,75074000.0,,71032000.0,22592000.0,,,,155168000.0,155168000.0,106514000.0,,1589257000.0,89973000.0,,,,2474913000.0,,1161603000.0,1608384000.0,181934000.0,116219000.0,5543053000.0,,,,1264738000.0,,,,262482000.0,2144242000.0,1924348000.0,-257852000.0,3396343000.0,5543053000.0,,11866000.0,-36000.0,,1269000.0,,,,,6218000.0,-3811000.0,,,,,1527000.0,47024000.0,,1701000.0,-47264000.0,,,44311000.0,-5669000.0,
2017-06-30,,,568353000.0,,370432000.0,,184865000.0,,175637000.0,62837000.0,,,,155090000.0,156165000.0,99565000.0,,1614113000.0,94152000.0,,,,2617199000.0,,1190333000.0,1616317000.0,184375000.0,145120000.0,5753344000.0,,,,1286016000.0,,,,267491000.0,2244013000.0,1988185000.0,-231167000.0,3506723000.0,5753344000.0,,23423000.0,3666000.0,,4798000.0,,,,,18842000.0,4945000.0,,,,,7635000.0,105281000.0,,1086000.0,-114731000.0,,,99901000.0,-12618000.0,
2017-09-30,,,918984000.0,,571656000.0,,325293000.0,,307832000.0,105183000.0,,1.29,1.28,157484000.0,158620000.0,91532000.0,,1980245000.0,86391000.0,,,,2948239000.0,,1256458000.0,1937045000.0,275018000.0,223486000.0,6640246000.0,,,,1592492000.0,,,,345332000.0,2910015000.0,2077498000.0,-192187000.0,3727530000.0,6640246000.0,,34352000.0,-1980000.0,,-13525000.0,,,,,12221000.0,174837000.0,,,,,360522000.0,168278000.0,,-676000.0,-567075000.0,,,370034000.0,-20651000.0,
2017-12-31,,,1241860000.0,,777920000.0,,378849000.0,,353757000.0,35532000.0,,2.02,2.0,156124000.0,157155000.0,138285000.0,,1985077000.0,80890000.0,135955000.0,,,2869907000.0,,1288602000.0,1868600000.0,263179000.0,189866000.0,6480154000.0,,,15967000.0,1492067000.0,,,,342356000.0,2684525000.0,2191059000.0,-203395000.0,3791571000.0,6480154000.0,,46448000.0,-32130000.0,,-14110000.0,,,,,17267000.0,372475000.0,,,,,361217000.0,244651000.0,,-275000.0,-575825000.0,,,227764000.0,26102000.0,
2018-03-31,2417576000.0,,301048000.0,,215422000.0,,75221000.0,,56614000.0,18003000.0,,,,156546000.0,157556000.0,101736000.0,,2088682000.0,94548000.0,,,,2957069000.0,,1301545000.0,1902871000.0,270826000.0,221091000.0,6653402000.0,,,,1549639000.0,,,,377111000.0,3006437000.0,2226916000.0,-228409000.0,3643352000.0,6653402000.0,,14687000.0,16377000.0,,13682000.0,,,,,,25993000.0,,,,,30728000.0,66807000.0,,-706000.0,-91898000.0,,,26719000.0,-38495000.0,
2018-06-30,5073924000.0,,634419000.0,,421526000.0,,198260000.0,,160709000.0,47392000.0,,0.72,0.72,154906000.0,156112000.0,120400000.0,,2108317000.0,85859000.0,,,,3074836000.0,,1325128000.0,1897664000.0,261820000.0,230934000.0,6790382000.0,,,,1690565000.0,,,,369089000.0,3096917000.0,2301281000.0,-248532000.0,3690660000.0,6790382000.0,,28172000.0,13505000.0,,-8277000.0,,,,,,182513000.0,,,,,46234000.0,148591000.0,3000000.0,-784000.0,-185252000.0,,,-44822000.0,19457000.0,
2018-09-30,8059205000.0,6998956000.0,1060249000.0,,645566000.0,,390821000.0,,328875000.0,90659000.0,,1.54,1.52,154087000.0,155198000.0,113524000.0,,2291608000.0,94670000.0,,,,3378122000.0,,1350894000.0,1912139000.0,284411000.0,265608000.0,7191174000.0,,,,1816184000.0,,,,388395000.0,3366940000.0,2425832000.0,-237694000.0,3822818000.0,7191174000.0,,39803000.0,-7391000.0,,13841000.0,,,,-48386000.0,,221617000.0,,,,,94917000.0,222735000.0,3000000.0,18510000.0,-321683000.0,,,90963000.0,-25601000.0,
2018-12-31,11171423000.0,9691459000.0,1479964000.0,,857574000.0,,540269000.0,,457666000.0,161659000.0,,1.92,1.9,152963000.0,154226000.0,78687000.0,,2354737000.0,107732000.0,108673000.0,,,3326104000.0,,1276032000.0,1899879000.0,280180000.0,293592000.0,7075787000.0,,,425961000.0,1806127000.0,,,,404560000.0,3470334000.0,2477291000.0,-286048000.0,3604159000.0,7075787000.0,,52484000.0,61974000.0,,28131000.0,,,,-23000.0,,358789000.0,,,,,94917000.0,293595000.0,14448000.0,,-402670000.0,,,-16570000.0,-60519000.0,
2019-03-31,2807259000.0,2443278000.0,363981000.0,,231908000.0,,119487000.0,,164879000.0,43844000.0,,0.83,0.82,145110000.0,146458000.0,85423000.0,,2580665000.0,81117000.0,,,,3554544000.0,,1317014000.0,1927028000.0,276070000.0,292092000.0,7652516000.0,,,403372000.0,1778737000.0,,,,357084000.0,3927459000.0,2591883000.0,-267201000.0,3723744000.0,7652516000.0,,13012000.0,24558000.0,,-28996000.0,,,,-23380000.0,,-82750000.0,,,,,51553000.0,68626000.0,25000.0,,-147156000.0,,,236260000.0,6236000.0,
2019-06-30,5646458000.0,4962972000.0,683486000.0,,455852000.0,,198067000.0,,234426000.0,84932000.0,,1.02,1.01,145935000.0,147241000.0,73356000.0,,2632003000.0,68400000.0,,,,3751932000.0,,1354467000.0,1932300000.0,264284000.0,433872000.0,8021817000.0,,,471214000.0,1906233000.0,,,,353282000.0,4245558000.0,2612994000.0,-251329000.0,3774923000.0,8021817000.0,,27496000.0,44131000.0,,-42087000.0,,,,67390000.0,,-191414000.0,,,,,55333000.0,141401000.0,67000.0,,-215327000.0,,,401638000.0,-11375000.0,
2019-09-30,8999353000.0,7842422000.0,1156931000.0,,700862000.0,,407461000.0,,426354000.0,139838000.0,283900000.0,1.95,1.93,145913000.0,147438000.0,80044000.0,,3188328000.0,67039000.0,,,,4301927000.0,,1390209000.0,2002909000.0,431563000.0,449218000.0,8865093000.0,,,540187000.0,2357523000.0,,,,310129000.0,4955886000.0,2743498000.0,-264113000.0,3907406000.0,8865093000.0,,41080000.0,48298000.0,,-43598000.0,,,,112545000.0,,-100247000.0,,,,,385165000.0,207645000.0,67000.0,,-607124000.0,,,708749000.0,6394000.0,
2019-12-31,12112153000.0,10511901000.0,1600252000.0,,955991000.0,,554874000.0,,572287000.0,165472000.0,402044000.0,2.76,2.73,145710000.0,147534000.0,164798000.0,,2747911000.0,55719000.0,177689000.0,,,3830986000.0,,,2022675000.0,413734000.0,393264000.0,8331682000.0,,,606146000.0,2263049000.0,,,,311307000.0,4277851000.0,2854271000.0,-241818000.0,4050292000.0,8331682000.0,,52013000.0,-7919000.0,,-52168000.0,,,,174230000.0,,526551000.0,,,,,387966000.0,261762000.0,508000.0,,-617596000.0,,,177687000.0,86489000.0,
2020-03-31,2764095000.0,2431899000.0,332196000.0,,230793000.0,,80737000.0,,57663000.0,16160000.0,38686000.0,0.27,0.26,144454000.0,146787000.0,377205000.0,,2593285000.0,50365000.0,,,,3758600000.0,,,2006465000.0,395638000.0,392648000.0,8228944000.0,,,591087000.0,2115909000.0,,,,309944000.0,4433766000.0,2881416000.0,-324786000.0,3790492000.0,8228944000.0,,14912000.0,4210000.0,,4368000.0,,,,-12886000.0,,227549000.0,,,,,22794000.0,68109000.0,0.0,,-89133000.0,,,73926000.0,211893000.0,
2020-06-30,5270326000.0,4582866000.0,687460000.0,,458645000.0,,193653000.0,,165447000.0,49149000.0,112632000.0,0.79,0.78,142154000.0,145213000.0,530670000.0,,2370286000.0,48274000.0,,,,3644755000.0,,,2022995000.0,380309000.0,386068000.0,8089630000.0,,,613188000.0,2093359000.0,,,,349724000.0,4171628000.0,2948180000.0,-290049000.0,3914429000.0,8089630000.0,,36892000.0,-5993000.0,,-2500000.0,,,,19283000.0,,725028000.0,,,,,24437000.0,116257000.0,0.0,,-125747000.0,,,-310636000.0,363108000.0,
2020-09-30,8290487000.0,7095513000.0,1194974000.0,,709299000.0,,435868000.0,,399624000.0,119626000.0,275545000.0,1.95,1.9,141610000.0,144985000.0,216935000.0,,2750268000.0,39821000.0,,,,3677008000.0,,,2097645000.0,434922000.0,412490000.0,8325487000.0,,,537048000.0,2178273000.0,,,,397940000.0,4169921000.0,3103849000.0,-274342000.0,4151950000.0,8325487000.0,,58323000.0,-19226000.0,,-8655000.0,,,,-79964000.0,,839887000.0,,,,,212092000.0,167037000.0,0.0,,-356302000.0,,,-435214000.0,-313751000.0,
2020-12-31,11202672000.0,9541825000.0,1660847000.0,,975074000.0,,611371000.0,,571346000.0,119387000.0,445596000.0,3.15,3.07,141380000.0,145247000.0,184620000.0,,2716083000.0,50472000.0,285240000.0,,,3588389000.0,,,2121014000.0,435655000.0,435713000.0,8398272000.0,,,528864000.0,2138556000.0,,,,391221000.0,4049300000.0,3264967000.0,-232997000.0,4344181000.0,8398272000.0,,91641000.0,-60016000.0,,-9860000.0,,,,-84370000.0,,1115977000.0,,,,,292573000.0,260052000.0,522000.0,,-499323000.0,,,-601365000.0,17063000.0,
2021-03-31,2703581000.0,2330691000.0,372890000.0,,243352000.0,,113729000.0,,105043000.0,13724000.0,89761000.0,0.64,0.62,140121000.0,144447000.0,200218000.0,,2666983000.0,51009000.0,,,,3605571000.0,,,2124089000.0,415122000.0,576975000.0,8557414000.0,,,499527000.0,2100060000.0,,,,383564000.0,4177251000.0,3346299000.0,-224458000.0,4374943000.0,8557414000.0,,18687000.0,2494000.0,,435000.0,,,,-29225000.0,,125613000.0,,,,,32778000.0,83486000.0,,,-222806000.0,,,112989000.0,15807000.0,
2021-06-30,5703397000.0,4882796000.0,820601000.0,,513462000.0,,275380000.0,,264965000.0,54675000.0,206794000.0,1.48,1.43,140276000.0,144607000.0,212473000.0,,2570457000.0,62154000.0,,,,3733935000.0,,,2136133000.0,403931000.0,600819000.0,8720596000.0,,,503219000.0,2131133000.0,,,,392265000.0,4230802000.0,3454682000.0,-216563000.0,4486732000.0,8720596000.0,,42610000.0,16747000.0,,6144000.0,,,,-25630000.0,,314561000.0,,,,,68112000.0,158384000.0,324000.0,,-319177000.0,,,-81753000.0,27907000.0,
2021-09-30,9056675000.0,7701398000.0,1355277000.0,,788308000.0,,523457000.0,,501944000.0,116256000.0,381159000.0,2.72,2.64,140134000.0,144448000.0,1696210000.0,,3002172000.0,61959000.0,,,,5704134000.0,,,2145963000.0,388999000.0,602838000.0,10675716000.0,,,501142000.0,2364548000.0,,,,400284000.0,6041884000.0,3620409000.0,-242986000.0,4630710000.0,10675716000.0,,64252000.0,14245000.0,,6139000.0,,,,-27027000.0,,332437000.0,,,,,101373000.0,232996000.0,524000.0,,-415713000.0,,,1594826000.0,1512288000.0,
2021-12-31,12980213000.0,11026954000.0,1953259000.0,,1155956000.0,,663521000.0,,622901000.0,130918000.0,485956000.0,3.45,3.34,140824000.0,145373000.0,229097000.0,,3400318000.0,84659000.0,307432000.0,,,4732577000.0,,,3528886000.0,1801180000.0,632244000.0,12855189000.0,,,802872000.0,3164960000.0,,,,487309000.0,7738268000.0,3714843000.0,-237689000.0,5112301000.0,12855189000.0,,88259000.0,26071000.0,,-1418000.0,,,,47163000.0,,582390000.0,,,,,2451703000.0,385852000.0,867000.0,,-2898613000.0,,,2360877000.0,45079000.0,
2022-03-31,3965525000.0,3417354000.0,548171000.0,,324887000.0,,117516000.0,,91584000.0,6556000.0,84641000.0,0.59,0.57,143541000.0,148082000.0,238258000.0,,3356566000.0,94264000.0,,,,4865615000.0,,,3593315000.0,1685260000.0,656133000.0,13015101000.0,,,800578000.0,3217815000.0,,,,489458000.0,7873113000.0,3789025000.0,-224414000.0,5137519000.0,13015101000.0,,22992000.0,-8098000.0,,9488000.0,,,,-2797000.0,,85090000.0,,,,,0.0,109937000.0,274000.0,,-93069000.0,,,16550000.0,8949000.0,
2022-06-30,8197528000.0,7024767000.0,1172761000.0,,648132000.0,,325872000.0,,228996000.0,47808000.0,172661000.0,1.2,1.16,143851000.0,148327000.0,150653000.0,,3518576000.0,96306000.0,,,,5020860000.0,,,3587220000.0,1575714000.0,615119000.0,13049645000.0,,,751326000.0,3219553000.0,,,,462158000.0,7909870000.0,3866762000.0,-255309000.0,5127019000.0,13049645000.0,,51082000.0,8493000.0,,11864000.0,,,,-50404000.0,,203821000.0,,,,,4809000.0,231511000.0,336000.0,,-211018000.0,,,-87466000.0,-87470000.0,
2022-09-30,12657285000.0,10795694000.0,1861591000.0,,995581000.0,,612663000.0,,458202000.0,120698000.0,328617000.0,2.29,2.22,143581000.0,148096000.0,215395000.0,,3638357000.0,98121000.0,,,,5347823000.0,,,3578575000.0,1519371000.0,597946000.0,13296646000.0,,,830351000.0,3346221000.0,,,,466164000.0,8095078000.0,4012396000.0,-335177000.0,5196053000.0,13296646000.0,,77730000.0,39610000.0,,14445000.0,,,,77682000.0,,547183000.0,,,,,177766000.0,337469000.0,397000.0,,-475746000.0,,,-83722000.0,64972000.0,
2022-12-31,17073903000.0,14544748000.0,2529155000.0,,1336711000.0,,872058000.0,,703886000.0,192243000.0,491189000.0,3.42,3.32,143488000.0,147992000.0,428505000.0,,3674525000.0,103265000.0,314558000.0,,,5536070000.0,,,3586745000.0,1458631000.0,622736000.0,13464337000.0,,,1141518000.0,3406194000.0,,,,567519000.0,8065518000.0,4163212000.0,-310677000.0,5383464000.0,13464337000.0,,105600000.0,42053000.0,,19333000.0,,,,336113000.0,,1130312000.0,,,,,195087000.0,427630000.0,1152000.0,,-617191000.0,,,-311071000.0,201327000.0,
2023-03-31,4428826000.0,3855631000.0,573195000.0,,384552000.0,,125860000.0,,93549000.0,-3421000.0,95046000.0,0.66,0.64,144467000.0,148661000.0,217115000.0,,3644623000.0,159164000.0,,,,5570586000.0,,,3873098000.0,1499574000.0,663954000.0,14039135000.0,,,1143041000.0,3427316000.0,,,,587721000.0,8517181000.0,4246158000.0,-309577000.0,5513416000.0,14039135000.0,,27451000.0,-11997000.0,,-1061000.0,,,,320000.0,,38409000.0,,,,,452252000.0,80319000.0,381000.0,,-488624000.0,,,242687000.0,-209090000.0,
2023-06-30,9477436000.0,8180142000.0,1297294000.0,,768723000.0,,405133000.0,,329500000.0,69367000.0,260945000.0,1.8,1.75,145422000.0,148773000.0,361966000.0,,4075206000.0,156505000.0,,,,6322392000.0,,,3885099000.0,1424366000.0,633569000.0,14740850000.0,,,1128864000.0,3763669000.0,,,,595022000.0,9011871000.0,4400164000.0,-285660000.0,5720933000.0,14740850000.0,,62058000.0,,,,,,,-13625000.0,,165822000.0,,,,,452252000.0,185597000.0,,1132000.0,-567367000.0,,,336294000.0,-64902000.0,
2023-09-30,15098258000.0,12953640000.0,2144618000.0,,1155261000.0,,805462000.0,,680547000.0,143468000.0,533781000.0,3.68,3.59,145455000.0,148792000.0,305355000.0,,4332499000.0,163879000.0,,,,6735367000.0,,,3900499000.0,1362078000.0,650586000.0,15188449000.0,,,1100928000.0,4192239000.0,,,,610496000.0,9192598000.0,4660570000.0,-317655000.0,5987311000.0,15188449000.0,,94658000.0,14302000.0,,,,,,-38764000.0,,572414000.0,,,,,472643000.0,325397000.0,,8039000.0,-722324000.0,,,31051000.0,-123325000.0,
2023-12-31,20882206000.0,17945120000.0,2937086000.0,,1555137000.0,,1127976000.0,,969956000.0,219267000.0,744689000.0,5.13,5.0,145222000.0,148823000.0,1290248000.0,,4410829000.0,175658000.0,401453000.0,,,7676897000.0,,,4045905000.0,1362412000.0,565625000.0,16237225000.0,,,1538677000.0,5213116000.0,,,,636250000.0,9953870000.0,4858066000.0,-282945000.0,6272241000.0,16237225000.0,,126762000.0,3816000.0,,,,,,293106000.0,,1575952000.0,,,,,651623000.0,434803000.0,,7311000.0,-989650000.0,,,268500000.0,861827000.0,
2024-03-31,5031819000.0,4408325000.0,623494000.0,,402340000.0,,155354000.0,,147187000.0,21096000.0,118360000.0,0.81,0.79,145936000.0,149350000.0,531056000.0,,4094914000.0,224341000.0,,,,6583469000.0,,,4283804000.0,1408315000.0,569708000.0,15542352000.0,,,1443125000.0,4831182000.0,,,,669812000.0,9175083000.0,4962949000.0,-313685000.0,6356623000.0,15542352000.0,,35331000.0,-4765000.0,,,,,,-89702000.0,,237955000.0,,,,,384071000.0,83139000.0,,-27613000.0,-386608000.0,,,-603044000.0,-761660000.0,
2024-06-30,10626206000.0,9191381000.0,1434825000.0,,834696000.0,,462584000.0,,414270000.0,96295000.0,306519000.0,2.1,2.05,146580000.0,149788000.0,518140000.0,,4430757000.0,235102000.0,,,,6887553000.0,,,4314072000.0,1386987000.0,597629000.0,15929150000.0,,,1483134000.0,5315993000.0,,,,536328000.0,9348076000.0,5137587000.0,-322743000.0,6567637000.0,15929150000.0,,72581000.0,-5366000.0,,,,,,-52281000.0,,629267000.0,,,,,450798000.0,244595000.0,,-21718000.0,-589260000.0,,,-806298000.0,-773294000.0,
2024-09-30,17119373000.0,14671978000.0,2447395000.0,,1318574000.0,,893745000.0,,795712000.0,178716000.0,599704000.0,4.09,4.0,147394000.0,150556000.0,764067000.0,,5149915000.0,275852000.0,,,,8046049000.0,,,5282170000.0,1966689000.0,619139000.0,18866300000.0,,,1875388000.0,6525338000.0,,,,558787000.0,11777275000.0,5417240000.0,-305049000.0,7070617000.0,18866300000.0,,110815000.0,-1847000.0,,50732000.0,,,,77205000.0,,1369181000.0,,,,,1724440000.0,457093000.0,,-30525000.0,-2127148000.0,,,227427000.0,-526273000.0,
