Date,Net sales,Cost of sales,Gross margin,Research and development,"Selling, general and administrative",Total operating expenses,Operating income,"Other income/(expense), net",Income before provision for income taxes,Provision for income taxes,Net income,Earnings per share basic,Earnings per share diluted,Weighted-average basic,Weighted-average diluted,Cash and cash equivalents,Short-term marketable securities,"Accounts receivable, net",Inventories,Deferred tax assets,Vendor non-trade receivables,Other current assets,Total current assets,Long-term marketable securities,"Property, Plant and Equipment, Net",Goodwill,"Acquired intangible assets, net","Other Assets, Noncurrent",Total assets,accounts payable,Accrued expenses,Deferred revenue,Total current liabilities,Deferred revenue - non-current,deferred tax liabilities,long term taxes payable,Total other non-current liabilities,Total liabilities,Retained Earnings (Accumulated Deficit),Accumulated other comprehensive (loss)/income,Total shareholders equity,Total liabilities and shareholders' equity,"Depreciation, amortization and accretion",Stock-based compensation expense,Deferred income tax expense,"Increase (Decrease) in Accounts receivable, net",Increase (Decrease) in Inventories,Increase (Decrease) in Other Receivables,Increase (Decrease) in Other Operating Assets,Increase (Decrease) in Accounts Payable,Increase (Decrease) in Deferred Revenue,Increase (Decrease) Other liabilities,Cash generated by operating activities,Purchases of marketable securities,Proceeds from maturities of marketable securities,Proceeds from sales of marketable securities,Purchases of other long-term investments,"Business acquisitions, net of cash acquired",Cash payments for capital asset purchases,Payments for acquisition of intangible assets,Payments for (Proceeds from) Other Investing Activities,Cash used in investing activities,Proceeds from issuance of common stock,Excess tax benefits from stock-based compensation,Cash generated/used in financing activities,Increase/(decrease) in cash and cash equivalents,"Cash paid for income taxes, net"
2009-12-27,2670000000.0,816000000.0,,596000000.0,379000000.0,,879000000.0,,,211000000.0,841000000.0,0.5,0.5,1672000000.0,1691000000.0,3660000000.0,8504000000.0,616000000.0,350000000.0,199000000.0,,245000000.0,13574000000.0,6764000000.0,2384000000.0,1490000000.0,3142000000.0,431000000.0,28903000000.0,415000000.0,1123000000.0,567000000.0,2948000000.0,3775000000.0,,,827000000.0,7550000000.0,11792000000.0,744000000.0,21353000000.0,28903000000.0,,151000000.0,32000000.0,87000000.0,101000000.0,,-32000000.0,,338000000.0,,1239000000.0,2098000000.0,,2013000000.0,,,88000000.0,,1000000.0,-172000000.0,152000000.0,13000000.0,-120000000.0,943000000.0,
2010-03-28,5333000000.0,1624000000.0,,1244000000.0,810000000.0,,1655000000.0,,,401000000.0,1615000000.0,0.97,0.96,1667000000.0,1685000000.0,2553000000.0,8603000000.0,680000000.0,402000000.0,204000000.0,,210000000.0,12652000000.0,7057000000.0,2374000000.0,1483000000.0,3093000000.0,462000000.0,28497000000.0,545000000.0,1061000000.0,592000000.0,3330000000.0,3687000000.0,,,760000000.0,7777000000.0,12287000000.0,820000000.0,20720000000.0,28497000000.0,,304000000.0,,35000000.0,52000000.0,,-70000000.0,,305000000.0,,2032000000.0,4480000000.0,,4241000000.0,,,196000000.0,,-3000000.0,-427000000.0,484000000.0,31000000.0,-1764000000.0,-164000000.0,
2010-06-27,8039000000.0,2529000000.0,,1892000000.0,1171000000.0,,2447000000.0,,,606000000.0,,1.44,1.43,1654000000.0,1670000000.0,2541000000.0,7427000000.0,798000000.0,446000000.0,213000000.0,,189000000.0,11614000000.0,7618000000.0,2382000000.0,1476000000.0,3040000000.0,1497000000.0,29401000000.0,640000000.0,1320000000.0,601000000.0,5190000000.0,3587000000.0,,,738000000.0,9515000000.0,12746000000.0,529000000.0,19886000000.0,29401000000.0,,453000000.0,,-91000000.0,7000000.0,,-71000000.0,,241000000.0,,2983000000.0,7049000000.0,,7354000000.0,,,313000000.0,,-88000000.0,-996000000.0,519000000.0,34000000.0,-2150000000.0,-176000000.0,
2010-09-26,10991000000.0,3517000000.0,,2549000000.0,1642000000.0,,3283000000.0,,,787000000.0,3247000000.0,1.98,1.96,1643000000.0,1658000000.0,3547000000.0,6332000000.0,730000000.0,528000000.0,2243000000.0,,275000000.0,12133000000.0,7656000000.0,2373000000.0,1488000000.0,3022000000.0,1511000000.0,30572000000.0,764000000.0,1085000000.0,623000000.0,5468000000.0,3485000000.0,0.0,,761000000.0,9714000000.0,13305000000.0,697000000.0,20858000000.0,30572000000.0,,612000000.0,-1159000000.0,-18000000.0,-80000000.0,,-60000000.0,,193000000.0,,4076000000.0,8973000000.0,,10440000000.0,,,426000000.0,,-94000000.0,-839000000.0,689000000.0,45000000.0,-2405000000.0,830000000.0,671000000.0
2010-12-26,3348000000.0,1130000000.0,,671000000.0,437000000.0,,1110000000.0,,,159000000.0,,0.72,0.71,1623000000.0,1648000000.0,4711000000.0,5798000000.0,657000000.0,574000000.0,336000000.0,,255000000.0,12331000000.0,8127000000.0,2361000000.0,1519000000.0,2983000000.0,1520000000.0,31291000000.0,522000000.0,1211000000.0,631000000.0,3943000000.0,3821000000.0,,,791000000.0,8555000000.0,14161000000.0,757000000.0,22736000000.0,31291000000.0,,174000000.0,,76000000.0,-45000000.0,,-23000000.0,,376000000.0,,48000000.0,2309000000.0,,3024000000.0,,,102000000.0,,-7000000.0,554000000.0,791000000.0,45000000.0,561000000.0,1164000000.0,
2011-12-25,4681000000.0,1754000000.0,,873000000.0,503000000.0,,1551000000.0,,1721000000.0,321000000.0,1401000000.0,0.83,0.81,1684000000.0,1721000000.0,4964000000.0,6080000000.0,1035000000.0,714000000.0,509000000.0,,236000000.0,14034000000.0,9447000000.0,2607000000.0,3624000000.0,3093000000.0,1438000000.0,37606000000.0,974000000.0,1967000000.0,543000000.0,4994000000.0,3535000000.0,,,580000000.0,9109000000.0,17237000000.0,495000000.0,28481000000.0,37606000000.0,,247000000.0,,38000000.0,-50000000.0,,24000000.0,,-43000000.0,,1779000000.0,2027000000.0,,1603000000.0,,,359000000.0,,-4000000.0,-2068000000.0,228000000.0,23000000.0,-191000000.0,-498000000.0,
2012-03-25,9625000000.0,3537000000.0,,1827000000.0,1098000000.0,,3066000000.0,,3455000000.0,617000000.0,3631000000.0,2.15,2.1,1698000000.0,1743000000.0,5998000000.0,8579000000.0,1189000000.0,781000000.0,485000000.0,,327000000.0,17861000000.0,10489000000.0,2760000000.0,3607000000.0,3002000000.0,1494000000.0,41531000000.0,1250000000.0,1580000000.0,558000000.0,5178000000.0,3894000000.0,,,589000000.0,9661000000.0,19090000000.0,809000000.0,31882000000.0,41531000000.0,,488000000.0,,195000000.0,21000000.0,,10000000.0,,360000000.0,,3667000000.0,7036000000.0,,3543000000.0,,,635000000.0,,53000000.0,-3573000000.0,1135000000.0,98000000.0,447000000.0,536000000.0,
2012-06-24,14251000000.0,5255000000.0,,2801000000.0,1643000000.0,,4448000000.0,,5037000000.0,993000000.0,4838000000.0,2.85,2.78,1715000000.0,1758000000.0,3412000000.0,9483000000.0,1250000000.0,820000000.0,512000000.0,,400000000.0,16377000000.0,12047000000.0,2888000000.0,3843000000.0,3845000000.0,663000000.0,42445000000.0,1116000000.0,2277000000.0,547000000.0,5516000000.0,3809000000.0,,,515000000.0,9840000000.0,19868000000.0,620000000.0,32584000000.0,42445000000.0,,752000000.0,,249000000.0,53000000.0,,31000000.0,,295000000.0,,4589000000.0,11804000000.0,,5774000000.0,,,1034000000.0,,76000000.0,-6875000000.0,1358000000.0,127000000.0,260000000.0,-2050000000.0,
2012-09-30,19121000000.0,7096000000.0,,3915000000.0,2324000000.0,,5682000000.0,,6562000000.0,1279000000.0,6109000000.0,3.59,3.51,1700000000.0,1741000000.0,3807000000.0,8088000000.0,1459000000.0,1030000000.0,1713000000.0,,473000000.0,15645000000.0,13393000000.0,2851000000.0,3917000000.0,2938000000.0,677000000.0,43012000000.0,1298000000.0,1723000000.0,545000000.0,5302000000.0,3739000000.0,7000000.0,,426000000.0,9467000000.0,20701000000.0,866000000.0,33523000000.0,43012000000.0,,1035000000.0,204000000.0,-456000000.0,-252000000.0,,-240000000.0,,253000000.0,,5998000000.0,15511000000.0,,9858000000.0,,,1284000000.0,,83000000.0,-6877000000.0,1714000000.0,168000000.0,-757000000.0,-1655000000.0,1300000000.0
2012-12-30,6018000000.0,2237000000.0,,1106000000.0,587000000.0,,2088000000.0,,2327000000.0,424000000.0,1906000000.0,1.12,1.09,1709000000.0,1751000000.0,4293000000.0,8478000000.0,1647000000.0,1277000000.0,309000000.0,,595000000.0,17103000000.0,14134000000.0,2874000000.0,3929000000.0,2826000000.0,649000000.0,44841000000.0,1657000000.0,1473000000.0,733000000.0,5005000000.0,3516000000.0,,,440000000.0,9487000000.0,22172000000.0,880000000.0,35334000000.0,44841000000.0,,283000000.0,,185000000.0,247000000.0,,51000000.0,,-4000000.0,,1975000000.0,3289000000.0,,2226000000.0,,,205000000.0,,-26000000.0,-1227000000.0,340000000.0,61000000.0,-275000000.0,486000000.0,
2013-03-31,12143000000.0,4609000000.0,,2320000000.0,1248000000.0,,3966000000.0,,4463000000.0,697000000.0,3772000000.0,2.2,2.15,1722000000.0,1763000000.0,4093000000.0,8894000000.0,1889000000.0,1484000000.0,318000000.0,,582000000.0,17766000000.0,15833000000.0,2971000000.0,3975000000.0,2735000000.0,807000000.0,47599000000.0,1628000000.0,1904000000.0,514000000.0,5263000000.0,3697000000.0,,,480000000.0,9971000000.0,23599000000.0,1021000000.0,37611000000.0,47599000000.0,,550000000.0,,424000000.0,454000000.0,,201000000.0,,-11000000.0,,4191000000.0,7449000000.0,,4532000000.0,,,494000000.0,,-70000000.0,-3671000000.0,747000000.0,103000000.0,-261000000.0,286000000.0,
2013-06-30,18385000000.0,7106000000.0,,3618000000.0,1861000000.0,,5642000000.0,,6372000000.0,1028000000.0,5352000000.0,3.11,3.04,1727000000.0,1765000000.0,2533000000.0,8427000000.0,1949000000.0,1727000000.0,329000000.0,,506000000.0,15972000000.0,17676000000.0,2974000000.0,3995000000.0,2690000000.0,791000000.0,46809000000.0,1850000000.0,1983000000.0,482000000.0,5028000000.0,3679000000.0,,,519000000.0,9226000000.0,24564000000.0,698000000.0,37578000000.0,46809000000.0,,831000000.0,,445000000.0,699000000.0,,111000000.0,,-30000000.0,,6268000000.0,12112000000.0,,7337000000.0,,,808000000.0,,-68000000.0,-5987000000.0,964000000.0,178000000.0,-1533000000.0,-1274000000.0,
2013-09-29,24866000000.0,9820000000.0,,4967000000.0,2518000000.0,,7230000000.0,,8194000000.0,1349000000.0,6853000000.0,3.99,3.91,1715000000.0,1754000000.0,6142000000.0,8314000000.0,2142000000.0,1302000000.0,1632000000.0,,572000000.0,19555000000.0,13494000000.0,2995000000.0,3976000000.0,2553000000.0,866000000.0,45516000000.0,1554000000.0,2276000000.0,501000000.0,5213000000.0,3666000000.0,2000000.0,,550000000.0,9429000000.0,25461000000.0,753000000.0,36088000000.0,45516000000.0,,1105000000.0,-58000000.0,680000000.0,300000000.0,,209000000.0,,15000000.0,,8778000000.0,13951000000.0,,13494000000.0,,,1048000000.0,,-64000000.0,-1578000000.0,1525000000.0,231000000.0,-4845000000.0,2335000000.0,1100000000.0
2013-12-29,6622000000.0,2706000000.0,,1328000000.0,623000000.0,,1493000000.0,,1757000000.0,313000000.0,1875000000.0,1.11,1.09,1688000000.0,1722000000.0,8292000000.0,8479000000.0,1327000000.0,1064000000.0,404000000.0,,510000000.0,20585000000.0,13385000000.0,2562000000.0,4212000000.0,2490000000.0,757000000.0,46282000000.0,1375000000.0,2762000000.0,470000000.0,5313000000.0,3566000000.0,,,376000000.0,9255000000.0,26737000000.0,784000000.0,37027000000.0,46282000000.0,,282000000.0,,-788000000.0,-237000000.0,,-69000000.0,,-99000000.0,,2781000000.0,2055000000.0,,2168000000.0,,,210000000.0,,-81000000.0,445000000.0,441000000.0,99000000.0,-1073000000.0,2150000000.0,
2014-03-30,12989000000.0,5189000000.0,,2683000000.0,1162000000.0,9506000000.0,3483000000.0,,4029000000.0,626000000.0,3835000000.0,2.27,2.23,1688000000.0,1721000000.0,6337000000.0,9783000000.0,,1147000000.0,495000000.0,,521000000.0,21008000000.0,14460000000.0,2573000000.0,4226000000.0,2699000000.0,783000000.0,47875000000.0,1551000000.0,2986000000.0,625000000.0,5901000000.0,3367000000.0,,,354000000.0,9622000000.0,28097000000.0,810000000.0,38254000000.0,47875000000.0,,532000000.0,,96000000.0,-153000000.0,,-127000000.0,,-112000000.0,,4595000000.0,7827000000.0,,5684000000.0,,,797000000.0,,-62000000.0,-2458000000.0,953000000.0,169000000.0,-1941000000.0,195000000.0,
2014-06-29,19795000000.0,7929000000.0,,4113000000.0,1745000000.0,14237000000.0,5558000000.0,,6526000000.0,886000000.0,6073000000.0,3.6,3.53,1686000000.0,1718000000.0,7944000000.0,9697000000.0,,1185000000.0,451000000.0,,535000000.0,22408000000.0,13134000000.0,2555000000.0,4183000000.0,2608000000.0,843000000.0,48355000000.0,1900000000.0,2676000000.0,705000000.0,6021000000.0,3168000000.0,,,379000000.0,9568000000.0,29618000000.0,825000000.0,38789000000.0,48355000000.0,,806000000.0,,-43000000.0,-116000000.0,,-136000000.0,,-202000000.0,,7268000000.0,10315000000.0,,,220000000.0,,955000000.0,,-102000000.0,-1552000000.0,1147000000.0,239000000.0,-3917000000.0,1802000000.0,
2014-09-28,26487000000.0,10686000000.0,,5477000000.0,2290000000.0,18937000000.0,7550000000.0,,8778000000.0,1244000000.0,7967000000.0,4.73,4.65,1683000000.0,1714000000.0,7907000000.0,9147000000.0,,1458000000.0,1745000000.0,,401000000.0,22413000000.0,13025000000.0,2487000000.0,4488000000.0,2580000000.0,975000000.0,48574000000.0,2183000000.0,2243000000.0,785000000.0,6013000000.0,2967000000.0,6000000.0,,428000000.0,9408000000.0,30799000000.0,634000000.0,39169000000.0,48574000000.0,,1059000000.0,-54000000.0,281000000.0,155000000.0,,-108000000.0,,-292000000.0,,8887000000.0,13581000000.0,,,220000000.0,,1185000000.0,,-106000000.0,-1639000000.0,1439000000.0,280000000.0,-5480000000.0,1765000000.0,1200000000.0
2014-12-28,7099000000.0,3047000000.0,,1352000000.0,567000000.0,5035000000.0,2064000000.0,,2298000000.0,327000000.0,1972000000.0,1.19,1.17,1661000000.0,1686000000.0,6325000000.0,10954000000.0,,1761000000.0,445000000.0,,528000000.0,22761000000.0,12410000000.0,2531000000.0,4413000000.0,2497000000.0,1101000000.0,48447000000.0,2482000000.0,2252000000.0,885000000.0,6405000000.0,2763000000.0,,,460000000.0,9628000000.0,32061000000.0,428000000.0,38823000000.0,48447000000.0,,273000000.0,,-173000000.0,303000000.0,,140000000.0,,-73000000.0,,2364000000.0,5966000000.0,,,,,253000000.0,,-9000000.0,-1736000000.0,116000000.0,48000000.0,-2203000000.0,-1582000000.0,
2015-03-29,13993000000.0,5676000000.0,,2726000000.0,1112000000.0,10593000000.0,3400000000.0,,3837000000.0,814000000.0,3025000000.0,1.83,1.8,1653000000.0,1677000000.0,5492000000.0,9548000000.0,,1861000000.0,533000000.0,,733000000.0,20740000000.0,12659000000.0,2523000000.0,4388000000.0,2482000000.0,1936000000.0,47173000000.0,1683000000.0,1868000000.0,778000000.0,6169000000.0,2667000000.0,,,503000000.0,9339000000.0,32411000000.0,472000000.0,37839000000.0,47173000000.0,,522000000.0,,-338000000.0,403000000.0,,1138000000.0,,-246000000.0,,1706000000.0,8758000000.0,,,,,449000000.0,,-49000000.0,-690000000.0,417000000.0,78000000.0,-3416000000.0,-2415000000.0,
2015-06-28,19825000000.0,8126000000.0,,4133000000.0,1689000000.0,15189000000.0,4636000000.0,,5236000000.0,1029000000.0,4209000000.0,2.57,2.53,1638000000.0,1661000000.0,9987000000.0,10828000000.0,,1583000000.0,472000000.0,,581000000.0,25928000000.0,12468000000.0,2574000000.0,4259000000.0,2405000000.0,1960000000.0,52295000000.0,1412000000.0,2294000000.0,680000000.0,6083000000.0,2576000000.0,,,527000000.0,19099000000.0,32699000000.0,503000000.0,33202000000.0,52295000000.0,,793000000.0,,-438000000.0,122000000.0,,897000000.0,,-408000000.0,,3822000000.0,13118000000.0,,,0.0,,815000000.0,,11000000.0,-2220000000.0,571000000.0,98000000.0,488000000.0,2080000000.0,
2015-09-27,25281000000.0,10378000000.0,,5490000000.0,2344000000.0,19505000000.0,5776000000.0,,6487000000.0,1219000000.0,5271000000.0,3.26,3.22,1618000000.0,1639000000.0,7560000000.0,9761000000.0,1941000000.0,1492000000.0,635000000.0,,687000000.0,22099000000.0,12228000000.0,2534000000.0,5479000000.0,3742000000.0,1863000000.0,50796000000.0,1300000000.0,2356000000.0,583000000.0,6100000000.0,2496000000.0,270000000.0,,817000000.0,19382000000.0,31226000000.0,195000000.0,31421000000.0,50796000000.0,,1026000000.0,-25000000.0,-550000000.0,-93000000.0,,793000000.0,,-561000000.0,,5506000000.0,15400000000.0,,,0.0,,994000000.0,,25000000.0,-3572000000.0,787000000.0,103000000.0,-2261000000.0,-347000000.0,1200000000.0
2015-12-27,5775000000.0,2534000000.0,,1352000000.0,578000000.0,4090000000.0,1685000000.0,,1710000000.0,214000000.0,1498000000.0,1.0,0.99,1502000000.0,1517000000.0,6913000000.0,9615000000.0,1302000000.0,1216000000.0,607000000.0,,664000000.0,20338000000.0,12840000000.0,2484000000.0,5669000000.0,4068000000.0,1991000000.0,50229000000.0,1359000000.0,2610000000.0,639000000.0,6503000000.0,2630000000.0,,,913000000.0,19996000000.0,30172000000.0,69000000.0,30241000000.0,50229000000.0,,247000000.0,,-646000000.0,-291000000.0,,-66000000.0,,-37000000.0,,2739000000.0,3737000000.0,,,,,128000000.0,,-82000000.0,-716000000.0,99000000.0,2000000.0,-2665000000.0,-647000000.0,
2016-03-27,11326000000.0,4675000000.0,,2653000000.0,1198000000.0,8227000000.0,3099000000.0,,3180000000.0,520000000.0,2662000000.0,1.78,1.77,1495000000.0,1507000000.0,5775000000.0,10627000000.0,1697000000.0,1427000000.0,0.0,,590000000.0,20157000000.0,13559000000.0,2391000000.0,5657000000.0,3896000000.0,2174000000.0,50060000000.0,1452000000.0,2049000000.0,791000000.0,7026000000.0,2526000000.0,,,878000000.0,20423000000.0,29485000000.0,160000000.0,29645000000.0,50060000000.0,,494000000.0,,-254000000.0,-79000000.0,,-121000000.0,,49000000.0,,3476000000.0,7775000000.0,,,,,253000000.0,,-149000000.0,-1435000000.0,271000000.0,2000000.0,-3822000000.0,-1785000000.0,
2016-06-26,17370000000.0,7210000000.0,,3922000000.0,1817000000.0,12679000000.0,4691000000.0,,4873000000.0,770000000.0,4106000000.0,2.76,2.74,1487000000.0,1500000000.0,5885000000.0,11225000000.0,,1338000000.0,0.0,,592000000.0,20979000000.0,13922000000.0,2341000000.0,5657000000.0,3669000000.0,2143000000.0,50786000000.0,1572000000.0,2113000000.0,535000000.0,6843000000.0,2426000000.0,,,855000000.0,20148000000.0,30134000000.0,344000000.0,30647000000.0,50786000000.0,1092000000.0,730000000.0,,-39000000.0,-169000000.0,,-153000000.0,,-270000000.0,,5316000000.0,12960000000.0,,,,,389000000.0,,-181000000.0,-2229000000.0,422000000.0,3000000.0,-4765000000.0,-1675000000.0,
2016-09-25,23554000000.0,9749000000.0,,5151000000.0,2385000000.0,17059000000.0,6495000000.0,,6833000000.0,1131000000.0,5705000000.0,3.84,3.81,1484000000.0,1498000000.0,5946000000.0,12702000000.0,2194000000.0,1556000000.0,0.0,,558000000.0,22981000000.0,13702000000.0,2306000000.0,5679000000.0,3500000000.0,2161000000.0,52359000000.0,1858000000.0,2261000000.0,509000000.0,7311000000.0,2377000000.0,169000000.0,,895000000.0,20591000000.0,30936000000.0,428000000.0,31778000000.0,52359000000.0,1428000000.0,943000000.0,-288000000.0,232000000.0,49000000.0,,-246000000.0,,-307000000.0,,7400000000.0,18015000000.0,,,0.0,,539000000.0,,-192000000.0,-3488000000.0,668000000.0,8000000.0,-5522000000.0,-1614000000.0,1300000000.0
2016-12-25,5999000000.0,2443000000.0,,1311000000.0,591000000.0,5221000000.0,778000000.0,,870000000.0,189000000.0,682000000.0,0.46,0.46,1478000000.0,1495000000.0,6885000000.0,3927000000.0,,1910000000.0,,,972000000.0,15779000000.0,18973000000.0,2270000000.0,5686000000.0,3338000000.0,4008000000.0,52366000000.0,1648000000.0,3245000000.0,487000000.0,7994000000.0,2278000000.0,,,953000000.0,21160000000.0,30815000000.0,186000000.0,31215000000.0,52366000000.0,329000000.0,239000000.0,,-131000000.0,354000000.0,,16000000.0,,-84000000.0,,1379000000.0,4117000000.0,,,,,129000000.0,,-43000000.0,681000000.0,131000000.0,35000000.0,-1104000000.0,939000000.0,
2017-03-26,11015000000.0,4651000000.0,,2697000000.0,1206000000.0,9508000000.0,1507000000.0,,1727000000.0,296000000.0,1431000000.0,0.97,0.96,1478000000.0,1492000000.0,7124000000.0,2858000000.0,4177000000.0,2066000000.0,,,659000000.0,16908000000.0,18876000000.0,3065000000.0,6497000000.0,4084000000.0,4191000000.0,56079000000.0,1289000000.0,5450000000.0,513000000.0,10145000000.0,2220000000.0,,,2441000000.0,24745000000.0,30768000000.0,230000000.0,31344000000.0,56079000000.0,671000000.0,485000000.0,,1691000000.0,245000000.0,,-107000000.0,,-80000000.0,,2194000000.0,8802000000.0,,,,,251000000.0,,-49000000.0,760000000.0,290000000.0,37000000.0,-1770000000.0,1178000000.0,
2017-06-25,16387000000.0,7140000000.0,,4087000000.0,1917000000.0,14106000000.0,2281000000.0,,2586000000.0,290000000.0,2297000000.0,1.55,1.54,1478000000.0,1491000000.0,14909000000.0,5749000000.0,3500000000.0,2002000000.0,,,624000000.0,27021000000.0,16389000000.0,3164000000.0,6523000000.0,3880000000.0,4155000000.0,64379000000.0,1508000000.0,3558000000.0,513000000.0,9163000000.0,2111000000.0,,,2419000000.0,33096000000.0,30778000000.0,291000000.0,31294000000.0,64379000000.0,1064000000.0,712000000.0,,1021000000.0,182000000.0,,-111000000.0,,-149000000.0,,2276000000.0,15509000000.0,,,705000000.0,,428000000.0,,-58000000.0,-342000000.0,331000000.0,38000000.0,7001000000.0,8963000000.0,
2017-09-24,22291000000.0,9792000000.0,,5485000000.0,2658000000.0,19677000000.0,2614000000.0,,3020000000.0,555000000.0,2466000000.0,1.67,1.65,1477000000.0,1490000000.0,35029000000.0,2275000000.0,3576000000.0,2035000000.0,3330000000.0,,618000000.0,43593000000.0,1270000000.0,3216000000.0,6623000000.0,3737000000.0,4147000000.0,65486000000.0,1971000000.0,4756000000.0,502000000.0,10907000000.0,2003000000.0,233000000.0,,2432000000.0,34740000000.0,30088000000.0,384000000.0,30746000000.0,65486000000.0,1461000000.0,914000000.0,-776000000.0,1104000000.0,200000000.0,,-169000000.0,,-231000000.0,,4693000000.0,19062000000.0,,,710000000.0,,690000000.0,,-20000000.0,18463000000.0,497000000.0,40000000.0,5879000000.0,29083000000.0,1000000000.0
2017-12-24,6068000000.0,2663000000.0,,1420000000.0,773000000.0,6039000000.0,29000000.0,,-27000000.0,5926000000.0,-5953000000.0,-4.03,-4.03,1477000000.0,1477000000.0,33362000000.0,2038000000.0,,1872000000.0,,,638000000.0,40966000000.0,4447000000.0,3224000000.0,6638000000.0,3548000000.0,4287000000.0,64351000000.0,1685000000.0,5349000000.0,487000000.0,12027000000.0,1906000000.0,,3867000000.0,3246000000.0,40427000000.0,23273000000.0,386000000.0,,64351000000.0,363000000.0,248000000.0,,-581000000.0,-162000000.0,,56000000.0,,-75000000.0,,1762000000.0,5627000000.0,,,,,226000000.0,,-10000000.0,-3261000000.0,134000000.0,,-165000000.0,-1667000000.0,
2018-03-25,11329000000.0,4902000000.0,,2822000000.0,1641000000.0,10858000000.0,471000000.0,,358000000.0,5922000000.0,-5590000000.0,-3.78,-3.78,1482000000.0,1494000000.0,37946000000.0,1623000000.0,,1797000000.0,,,641000000.0,45544000000.0,35000000.0,3224000000.0,6676000000.0,3435000000.0,4086000000.0,64126000000.0,1454000000.0,5709000000.0,502000000.0,12660000000.0,1803000000.0,,3277000000.0,3206000000.0,40307000000.0,22779000000.0,545000000.0,23819000000.0,64126000000.0,751000000.0,470000000.0,,-94000000.0,-243000000.0,,-70000000.0,,-125000000.0,,2278000000.0,5758000000.0,,,,,411000000.0,,-2000000.0,1481000000.0,335000000.0,,-874000000.0,2917000000.0,
2018-06-24,16928000000.0,7394000000.0,,4237000000.0,2297000000.0,15533000000.0,1395000000.0,,1288000000.0,5659000000.0,-4371000000.0,-2.96,-2.96,1479000000.0,1487000000.0,35619000000.0,247000000.0,,1785000000.0,,,3460000000.0,44318000000.0,35000000.0,3073000000.0,6630000000.0,3174000000.0,4016000000.0,62090000000.0,1644000000.0,5579000000.0,507000000.0,16212000000.0,1708000000.0,,2659000000.0,3065000000.0,39022000000.0,22745000000.0,323000000.0,23068000000.0,62090000000.0,1165000000.0,659000000.0,,-470000000.0,-245000000.0,,-90000000.0,,-178000000.0,,4331000000.0,5835000000.0,,,49000000.0,,625000000.0,,-4000000.0,2615000000.0,387000000.0,,-6337000000.0,590000000.0,
2018-09-30,22732000000.0,10244000000.0,,5625000000.0,2986000000.0,21990000000.0,742000000.0,,513000000.0,5377000000.0,-4864000000.0,-3.32,-3.32,1463000000.0,1463000000.0,11777000000.0,311000000.0,2848000000.0,1693000000.0,1302000000.0,,699000000.0,17384000000.0,35000000.0,2975000000.0,6498000000.0,2955000000.0,1935000000.0,32686000000.0,1825000000.0,6825000000.0,500000000.0,11236000000.0,1620000000.0,291000000.0,2312000000.0,1225000000.0,31758000000.0,663000000.0,265000000.0,,32686000000.0,1561000000.0,883000000.0,2042000000.0,-734000000.0,-337000000.0,,-30000000.0,,-234000000.0,,3895000000.0,5936000000.0,,,49000000.0,,784000000.0,,-16000000.0,4381000000.0,603000000.0,,-31487000000.0,-23252000000.0,877000000.0
2018-12-30,4842000000.0,2188000000.0,,1269000000.0,526000000.0,4132000000.0,710000000.0,,559000000.0,-509000000.0,1068000000.0,0.88,0.87,1213000000.0,1223000000.0,10066000000.0,108000000.0,2330000000.0,1698000000.0,,,855000000.0,16294000000.0,35000000.0,2932000000.0,6295000000.0,2746000000.0,2056000000.0,34246000000.0,1422000000.0,6831000000.0,484000000.0,10556000000.0,1420000000.0,,2174000000.0,1091000000.0,30629000000.0,3415000000.0,202000000.0,3617000000.0,34246000000.0,353000000.0,230000000.0,,-415000000.0,18000000.0,,148000000.0,,-62000000.0,,356000000.0,,,,,,152000000.0,,2000000.0,-152000000.0,28000000.0,,-1887000000.0,-1711000000.0,
2019-03-31,9824000000.0,4367000000.0,,2577000000.0,1100000000.0,8174000000.0,1650000000.0,,1366000000.0,-365000000.0,1731000000.0,1.43,1.42,1213000000.0,1220000000.0,10135000000.0,51000000.0,2430000000.0,1725000000.0,,,631000000.0,16324000000.0,35000000.0,2945000000.0,6299000000.0,2510000000.0,2113000000.0,34023000000.0,1667000000.0,6741000000.0,478000000.0,10517000000.0,1330000000.0,,1849000000.0,1056000000.0,30157000000.0,3309000000.0,173000000.0,,34023000000.0,698000000.0,452000000.0,,-200000000.0,49000000.0,,-25000000.0,,-122000000.0,,1150000000.0,,,,,,322000000.0,,-48000000.0,-261000000.0,177000000.0,,-2531000000.0,-1642000000.0,
2019-06-30,19459000000.0,6481000000.0,,3957000000.0,1646000000.0,12492000000.0,6967000000.0,,6867000000.0,3352000000.0,3880000000.0,3.2,3.17,1217000000.0,1231000000.0,13923000000.0,19000000.0,1036000000.0,1774000000.0,,,682000000.0,19204000000.0,35000000.0,3037000000.0,6308000000.0,2350000000.0,2062000000.0,34133000000.0,1587000000.0,4725000000.0,527000000.0,10853000000.0,1251000000.0,,2114000000.0,1026000000.0,28670000000.0,4687000000.0,195000000.0,,34133000000.0,1051000000.0,698000000.0,,-1451000000.0,95000000.0,,-15000000.0,,-113000000.0,,6059000000.0,,,,,,570000000.0,,-117000000.0,-469000000.0,264000000.0,,-3446000000.0,2146000000.0,
2019-09-29,24273000000.0,8599000000.0,,5398000000.0,2195000000.0,16606000000.0,7667000000.0,,7481000000.0,3095000000.0,4386000000.0,3.63,3.59,1210000000.0,1220000000.0,11839000000.0,421000000.0,1046000000.0,1400000000.0,1531000000.0,,634000000.0,16765000000.0,,3081000000.0,6282000000.0,2172000000.0,3461000000.0,32957000000.0,1368000000.0,3458000000.0,565000000.0,8935000000.0,1160000000.0,103000000.0,2088000000.0,,28048000000.0,4466000000.0,100000000.0,4909000000.0,32957000000.0,1401000000.0,1037000000.0,1937000000.0,1373000000.0,273000000.0,,78000000.0,,-129000000.0,,7286000000.0,,,,0.0,,887000000.0,,-126000000.0,-806000000.0,414000000.0,,-6386000000.0,62000000.0,1100000000.0
2019-12-29,5077000000.0,2113000000.0,,1406000000.0,528000000.0,4047000000.0,1030000000.0,,947000000.0,22000000.0,925000000.0,0.81,0.8,1144000000.0,1159000000.0,11109000000.0,314000000.0,,1420000000.0,,,625000000.0,16205000000.0,,3171000000.0,6297000000.0,2045000000.0,4139000000.0,33111000000.0,1718000000.0,3528000000.0,511000000.0,9194000000.0,1061000000.0,,2054000000.0,,28598000000.0,4376000000.0,137000000.0,,33111000000.0,351000000.0,294000000.0,,262000000.0,17000000.0,,119000000.0,,-115000000.0,,1118000000.0,,,,,,296000000.0,,-13000000.0,-203000000.0,23000000.0,,-1659000000.0,-730000000.0,
2020-03-29,10292000000.0,4410000000.0,,2873000000.0,1011000000.0,8271000000.0,2021000000.0,,1545000000.0,152000000.0,1393000000.0,1.22,1.21,1142000000.0,1155000000.0,8403000000.0,1304000000.0,,1700000000.0,,,586000000.0,15313000000.0,33000000.0,3358000000.0,6294000000.0,1889000000.0,3835000000.0,31938000000.0,2061000000.0,3986000000.0,529000000.0,9774000000.0,968000000.0,,1879000000.0,,28893000000.0,2990000000.0,55000000.0,,31938000000.0,691000000.0,603000000.0,,607000000.0,297000000.0,,71000000.0,,-153000000.0,,2201000000.0,,,,,,641000000.0,,-56000000.0,-1769000000.0,174000000.0,,-3868000000.0,-3436000000.0,
2020-06-28,15185000000.0,6489000000.0,,4393000000.0,1523000000.0,12382000000.0,2803000000.0,,2413000000.0,175000000.0,2238000000.0,1.97,1.95,1137000000.0,1150000000.0,6120000000.0,4095000000.0,928000000.0,2343000000.0,,,768000000.0,15558000000.0,34000000.0,3487000000.0,6299000000.0,1749000000.0,3890000000.0,32328000000.0,2046000000.0,3798000000.0,550000000.0,7914000000.0,864000000.0,,1872000000.0,,29022000000.0,3081000000.0,112000000.0,,32328000000.0,1054000000.0,899000000.0,,-622000000.0,938000000.0,,139000000.0,,-198000000.0,,4073000000.0,,,,,,1059000000.0,,-130000000.0,-4925000000.0,176000000.0,,-4871000000.0,-5719000000.0,
2020-09-27,23531000000.0,9255000000.0,,5975000000.0,2074000000.0,17276000000.0,6255000000.0,,5719000000.0,521000000.0,5198000000.0,4.58,4.52,1135000000.0,1149000000.0,6707000000.0,4125000000.0,2687000000.0,2598000000.0,1295000000.0,,704000000.0,18519000000.0,35000000.0,3711000000.0,6323000000.0,1653000000.0,4037000000.0,35594000000.0,2248000000.0,4303000000.0,568000000.0,8672000000.0,761000000.0,,1872000000.0,,29517000000.0,5284000000.0,207000000.0,,35594000000.0,1393000000.0,1212000000.0,-216000000.0,1529000000.0,1157000000.0,,110000000.0,,-246000000.0,,5814000000.0,,,,,,1407000000.0,,-43000000.0,-5263000000.0,329000000.0,,-5707000000.0,-5132000000.0,830000000.0
2020-12-27,8235000000.0,3489000000.0,,1653000000.0,567000000.0,5709000000.0,2526000000.0,,2604000000.0,149000000.0,2455000000.0,2.16,2.12,1134000000.0,1156000000.0,7076000000.0,4797000000.0,,2552000000.0,,,794000000.0,19792000000.0,35000000.0,4033000000.0,6358000000.0,1541000000.0,4436000000.0,37479000000.0,2429000000.0,4605000000.0,540000000.0,9223000000.0,644000000.0,,1855000000.0,,30099000000.0,6974000000.0,293000000.0,,37479000000.0,364000000.0,392000000.0,,141000000.0,-62000000.0,,97000000.0,,-107000000.0,,3175000000.0,,,,,,469000000.0,,-41000000.0,-1202000000.0,,,-1645000000.0,369000000.0,
2021-03-28,16170000000.0,6921000000.0,,3433000000.0,1124000000.0,11478000000.0,4692000000.0,,4732000000.0,515000000.0,4217000000.0,3.72,3.66,1134000000.0,1154000000.0,6000000000.0,5190000000.0,,2668000000.0,,,759000000.0,18299000000.0,35000000.0,4186000000.0,7220000000.0,1662000000.0,4476000000.0,37168000000.0,2548000000.0,4442000000.0,586000000.0,9070000000.0,563000000.0,,1715000000.0,,29744000000.0,7143000000.0,281000000.0,,37168000000.0,751000000.0,814000000.0,,-658000000.0,60000000.0,,60000000.0,,-105000000.0,,6086000000.0,,,,,,952000000.0,,-32000000.0,-3034000000.0,174000000.0,,-3788000000.0,-707000000.0,
2021-06-27,24230000000.0,10325000000.0,,5297000000.0,1721000000.0,17343000000.0,6887000000.0,,6989000000.0,744000000.0,6245000000.0,5.52,5.43,1132000000.0,1151000000.0,7399000000.0,5205000000.0,,3133000000.0,,,701000000.0,19693000000.0,0.0,4424000000.0,7229000000.0,1542000000.0,4431000000.0,38769000000.0,2709000000.0,4585000000.0,618000000.0,11460000000.0,475000000.0,,1714000000.0,,30592000000.0,7993000000.0,184000000.0,,38769000000.0,1157000000.0,1238000000.0,,-1052000000.0,509000000.0,,-39000000.0,,-123000000.0,,9459000000.0,,,,,,1458000000.0,,-78000000.0,-3406000000.0,174000000.0,,-5396000000.0,692000000.0,
2021-09-26,33566000000.0,14262000000.0,,7176000000.0,2339000000.0,23777000000.0,9789000000.0,,10274000000.0,1231000000.0,9043000000.0,7.99,7.87,1131000000.0,1149000000.0,7116000000.0,4616000000.0,2214000000.0,3228000000.0,1527000000.0,,854000000.0,20075000000.0,0.0,4559000000.0,7246000000.0,1458000000.0,6311000000.0,41240000000.0,2750000000.0,5014000000.0,612000000.0,11951000000.0,364000000.0,,1713000000.0,,31290000000.0,9822000000.0,128000000.0,,41240000000.0,1582000000.0,1663000000.0,-237000000.0,-426000000.0,622000000.0,,1649000000.0,,-202000000.0,,10536000000.0,,,,,,1888000000.0,,59000000.0,-3356000000.0,347000000.0,,-6798000000.0,409000000.0,1500000000.0
2021-12-26,10705000000.0,4303000000.0,,1930000000.0,608000000.0,6841000000.0,3864000000.0,,3865000000.0,466000000.0,3399000000.0,3.02,2.98,1124000000.0,1142000000.0,6607000000.0,4003000000.0,,3861000000.0,,,1019000000.0,20222000000.0,,4723000000.0,7264000000.0,1373000000.0,7784000000.0,42820000000.0,3526000000.0,4661000000.0,604000000.0,12273000000.0,257000000.0,,1687000000.0,,31487000000.0,11275000000.0,58000000.0,,42820000000.0,406000000.0,496000000.0,,454000000.0,638000000.0,,1504000000.0,,-78000000.0,,2057000000.0,,,,,,583000000.0,,0.0,-112000000.0,,,-2446000000.0,-509000000.0,
2022-03-27,21868000000.0,8951000000.0,,3963000000.0,1232000000.0,14146000000.0,7722000000.0,,7289000000.0,956000000.0,6333000000.0,5.63,5.55,1125000000.0,1141000000.0,7173000000.0,3969000000.0,,4555000000.0,,,1425000000.0,21610000000.0,,4893000000.0,7261000000.0,1258000000.0,7735000000.0,44302000000.0,3724000000.0,4565000000.0,534000000.0,13432000000.0,228000000.0,,1479000000.0,,30974000000.0,13113000000.0,215000000.0,,44302000000.0,834000000.0,994000000.0,,501000000.0,1337000000.0,,1812000000.0,,-139000000.0,,4755000000.0,,,,,,1074000000.0,,0.0,-638000000.0,187000000.0,,-4044000000.0,57000000.0,
2022-06-26,32805000000.0,13767000000.0,,6016000000.0,1887000000.0,20611000000.0,12194000000.0,,11528000000.0,1465000000.0,10063000000.0,8.96,8.84,1124000000.0,1139000000.0,2676000000.0,3926000000.0,,5418000000.0,,,1979000000.0,18999000000.0,,5038000000.0,10719000000.0,1954000000.0,7616000000.0,47020000000.0,3752000000.0,3414000000.0,463000000.0,11829000000.0,180000000.0,,1480000000.0,,30972000000.0,15830000000.0,218000000.0,,47020000000.0,1272000000.0,1510000000.0,,216000000.0,2201000000.0,,2360000000.0,,-232000000.0,,7650000000.0,,,,,,1628000000.0,,-41000000.0,-5514000000.0,188000000.0,,-6004000000.0,-3918000000.0,
2022-09-25,44200000000.0,18635000000.0,,8194000000.0,2570000000.0,28340000000.0,15860000000.0,,14998000000.0,2012000000.0,12936000000.0,11.52,11.37,1123000000.0,1137000000.0,2773000000.0,3445000000.0,4175000000.0,6341000000.0,1636000000.0,,1625000000.0,20724000000.0,,5168000000.0,10508000000.0,1882000000.0,7729000000.0,49014000000.0,3796000000.0,3689000000.0,369000000.0,11866000000.0,144000000.0,,1472000000.0,,31001000000.0,17840000000.0,-22000000.0,,49014000000.0,1762000000.0,2031000000.0,-9000000.0,2066000000.0,3137000000.0,,2266000000.0,,-324000000.0,,9096000000.0,,,,,,2262000000.0,,-30000000.0,-5804000000.0,356000000.0,,-7196000000.0,-4017000000.0,2100000000.0
2022-12-25,9463000000.0,4044000000.0,,2251000000.0,623000000.0,6998000000.0,2465000000.0,,2371000000.0,98000000.0,2235000000.0,1.99,1.98,1122000000.0,1131000000.0,4808000000.0,3291000000.0,,6932000000.0,,,1247000000.0,21098000000.0,,5215000000.0,10566000000.0,1796000000.0,8048000000.0,50014000000.0,2562000000.0,3678000000.0,289000000.0,10081000000.0,105000000.0,,1472000000.0,,31204000000.0,18517000000.0,293000000.0,,50014000000.0,398000000.0,634000000.0,,-1694000000.0,476000000.0,,-409000000.0,,-81000000.0,,3095000000.0,,,,,,398000000.0,,18000000.0,-133000000.0,,,-1015000000.0,1974000000.0,
2023-03-26,18738000000.0,8197000000.0,,4461000000.0,1238000000.0,14184000000.0,4554000000.0,60000000.0,4266000000.0,291000000.0,3939000000.0,3.52,3.49,1119000000.0,1127000000.0,3488000000.0,3188000000.0,,6858000000.0,,,1032000000.0,19073000000.0,,5281000000.0,10579000000.0,1727000000.0,7974000000.0,48362000000.0,1430000000.0,3785000000.0,277000000.0,7866000000.0,104000000.0,,1084000000.0,,28664000000.0,19280000000.0,418000000.0,,48362000000.0,868000000.0,1262000000.0,,-1964000000.0,396000000.0,,-615000000.0,,-86000000.0,,4552000000.0,,,,,,851000000.0,,4000000.0,-357000000.0,232000000.0,,-3558000000.0,683000000.0,
2023-06-25,27189000000.0,11989000000.0,,6683000000.0,1854000000.0,20811000000.0,6378000000.0,166000000.0,6023000000.0,313000000.0,5742000000.0,5.14,5.1,1117000000.0,1126000000.0,6087000000.0,2544000000.0,,6628000000.0,,,1050000000.0,20476000000.0,,5216000000.0,10591000000.0,1618000000.0,8110000000.0,49002000000.0,1744000000.0,3710000000.0,249000000.0,8463000000.0,92000000.0,,1098000000.0,,28332000000.0,20163000000.0,430000000.0,,49002000000.0,1347000000.0,1876000000.0,,-1807000000.0,192000000.0,,-604000000.0,,-116000000.0,,7209000000.0,,,,,,1157000000.0,,-18000000.0,1380000000.0,233000000.0,,-5546000000.0,3078000000.0,
2023-09-24,35820000000.0,15869000000.0,,8818000000.0,2483000000.0,28032000000.0,7788000000.0,349000000.0,7443000000.0,104000000.0,7232000000.0,6.47,6.42,1117000000.0,1126000000.0,8450000000.0,2874000000.0,1923000000.0,6422000000.0,3199000000.0,,1194000000.0,22464000000.0,,5042000000.0,10642000000.0,1408000000.0,8086000000.0,51040000000.0,1912000000.0,4491000000.0,293000000.0,9628000000.0,99000000.0,,1080000000.0,,29459000000.0,20733000000.0,358000000.0,,51040000000.0,1809000000.0,2484000000.0,-1626000000.0,-2472000000.0,-8000000.0,,-603000000.0,,-56000000.0,,11299000000.0,,,,,,1450000000.0,,-19000000.0,762000000.0,434000000.0,,-6663000000.0,5428000000.0,1400000000.0
2023-12-24,9935000000.0,4312000000.0,,2096000000.0,627000000.0,7007000000.0,2928000000.0,212000000.0,2962000000.0,151000000.0,2767000000.0,2.48,2.46,1116000000.0,1127000000.0,8133000000.0,3921000000.0,,6247000000.0,,,1288000000.0,23439000000.0,,4907000000.0,10722000000.0,1387000000.0,8032000000.0,52135000000.0,2147000000.0,3805000000.0,210000000.0,9169000000.0,93000000.0,,1056000000.0,,29077000000.0,22565000000.0,493000000.0,,52135000000.0,437000000.0,602000000.0,,325000000.0,-165000000.0,,-115000000.0,,-81000000.0,,2949000000.0,,,,,,214000000.0,,-2000000.0,-1256000000.0,,,-2041000000.0,-333000000.0,
2024-03-24,19325000000.0,8418000000.0,,4332000000.0,1335000000.0,14057000000.0,5268000000.0,542000000.0,5460000000.0,373000000.0,5093000000.0,4.56,4.51,1117000000.0,1130000000.0,9219000000.0,4632000000.0,,6087000000.0,,,1240000000.0,24232000000.0,,4724000000.0,10760000000.0,1331000000.0,8142000000.0,53167000000.0,2314000000.0,4409000000.0,253000000.0,9143000000.0,135000000.0,,526000000.0,,28698000000.0,23965000000.0,438000000.0,,53167000000.0,848000000.0,1307000000.0,,-92000000.0,-328000000.0,,-221000000.0,,10000000.0,,6503000000.0,,,,,,398000000.0,,38000000.0,-2195000000.0,195000000.0,,-3621000000.0,692000000.0,
2024-06-23,28718000000.0,12593000000.0,,6591000000.0,1998000000.0,21229000000.0,7489000000.0,768000000.0,7740000000.0,545000000.0,7222000000.0,6.47,6.39,1116000000.0,1134000000.0,7770000000.0,5262000000.0,,6020000000.0,,,1332000000.0,23332000000.0,,4744000000.0,10770000000.0,1296000000.0,8179000000.0,52741000000.0,2586000000.0,3754000000.0,263000000.0,9747000000.0,108000000.0,,526000000.0,,28071000000.0,24273000000.0,397000000.0,,52741000000.0,1267000000.0,1951000000.0,,-221000000.0,-397000000.0,,-120000000.0,,-1000000.0,,9555000000.0,,,,,,785000000.0,,36000000.0,-3238000000.0,196000000.0,,-7070000000.0,-757000000.0,
2024-09-29,38962000000.0,17060000000.0,,8893000000.0,2759000000.0,28891000000.0,10071000000.0,962000000.0,10336000000.0,226000000.0,10142000000.0,9.09,8.97,1116000000.0,1130000000.0,7849000000.0,5451000000.0,2347000000.0,6423000000.0,5048000000.0,,1579000000.0,25231000000.0,,4665000000.0,10799000000.0,1244000000.0,8053000000.0,55154000000.0,2584000000.0,4425000000.0,297000000.0,10504000000.0,88000000.0,,,,28880000000.0,25687000000.0,587000000.0,,55154000000.0,1706000000.0,2648000000.0,-1888000000.0,768000000.0,-13000000.0,,-230000000.0,,20000000.0,,12202000000.0,,,,,,1041000000.0,,36000000.0,-3623000000.0,383000000.0,,-9269000000.0,-678000000.0,3300000000.0
