Date,Net sales,Cost of sales,Gross margin,Research and development,"Selling, general and administrative",Total operating expenses,Operating income,"Other income/(expense), net",Income before provision for income taxes,Provision for income taxes,Net income,Earnings per share basic,Earnings per share diluted,Weighted-average basic,Weighted-average diluted,Cash and cash equivalents,Short-term marketable securities,"Accounts receivable, net",Inventories,Deferred tax assets,Vendor non-trade receivables,Other current assets,Total current assets,Long-term marketable securities,"Property, Plant and Equipment, Net",Goodwill,"Acquired intangible assets, net","Other Assets, Noncurrent",Total assets,accounts payable,Accrued expenses,Deferred revenue,Total current liabilities,Deferred revenue - non-current,deferred tax liabilities,long term taxes payable,Total other non-current liabilities,Total liabilities,Retained Earnings (Accumulated Deficit),Accumulated other comprehensive (loss)/income,Total shareholders equity,Total liabilities and shareholders' equity,"Depreciation, amortization and accretion",Stock-based compensation expense,Deferred income tax expense,"Increase (Decrease) in Accounts receivable, net",Increase (Decrease) in Inventories,Increase (Decrease) in Other Receivables,Increase (Decrease) in Other Operating Assets,Increase (Decrease) in Accounts Payable,Increase (Decrease) in Deferred Revenue,Increase (Decrease) Other liabilities,Cash generated by operating activities,Purchases of marketable securities,Proceeds from maturities of marketable securities,Proceeds from sales of marketable securities,Purchases of other long-term investments,"Business acquisitions, net of cash acquired",Cash payments for capital asset purchases,Payments for acquisition of intangible assets,Payments for (Proceeds from) Other Investing Activities,Cash used in investing activities,Proceeds from issuance of common stock,Excess tax benefits from stock-based compensation,Cash generated/used in financing activities,Increase/(decrease) in cash and cash equivalents,"Cash paid for income taxes, net"
2010-03-31,1485650000.0,1025275000.0,,,211048000.0,,91752000.0,-4305000.0,,,87447000.0,0.41,0.4,214314000.0,216975000.0,278104000.0,,,111349000.0,,,,917228000.0,,15229627000.0,763554000.0,,1126737000.0,18037146000.0,242350000.0,529818000.0,,3372180000.0,,,,351845000.0,,4842397000.0,40451000.0,7465402000.0,18037146000.0,,,,-89135000.0,4625000.0,,,-21437000.0,,-15922000.0,412924000.0,,,,,,166397000.0,,3076000.0,-168727000.0,,,-250625000.0,-6515000.0,
2010-06-30,3087347000.0,2111462000.0,,,422843000.0,,235436000.0,-87443000.0,,,147993000.0,0.69,0.68,215043000.0,217561000.0,318820000.0,,,110695000.0,,,,911148000.0,,15683297000.0,718399000.0,,990170000.0,18303014000.0,292047000.0,658389000.0,,3454829000.0,,,,491405000.0,,4902943000.0,-245832000.0,7247767000.0,18303014000.0,,,,-127131000.0,5607000.0,,,23622000.0,,-13514000.0,1010902000.0,,,,,,847541000.0,,8266000.0,-862928000.0,,,-112663000.0,34201000.0,
2010-09-30,5148006000.0,3351087000.0,,,636143000.0,,680938000.0,-176178000.0,,,504760000.0,2.35,2.32,215150000.0,217512000.0,441930000.0,,,113061000.0,,,,1043307000.0,,15684378000.0,768048000.0,,1110075000.0,18605808000.0,281051000.0,645569000.0,,3452826000.0,,,,321484000.0,,5259710000.0,-4820000.0,7851244000.0,18605808000.0,,,,-91196000.0,6255000.0,,,16894000.0,,58700000.0,1435907000.0,,,,,,925826000.0,,12057000.0,-939404000.0,,,-341318000.0,157311000.0,
2010-12-31,6752504000.0,4458076000.0,,,848079000.0,5949871000.0,802633000.0,-255166000.0,,,547467000.0,2.55,2.51,,,419929000.0,,,126797000.0,,,,1015071000.0,,16769181000.0,759328000.0,,1151324000.0,19694904000.0,249047000.0,552543000.0,,3444498000.0,,,,356717000.0,,5301748000.0,25066000.0,7942502000.0,19694904000.0,,,,-146498000.0,20274000.0,,,-15507000.0,,72161000.0,1663019000.0,,,,,,2187189000.0,,9404000.0,-2287918000.0,,,756960000.0,135310000.0,
2011-03-31,1671995000.0,1101071000.0,,,248138000.0,,149534000.0,-57982000.0,,,91552000.0,0.42,0.42,216511000.0,219626000.0,470258000.0,,,140557000.0,,,,1214686000.0,,16401579000.0,786725000.0,,1372502000.0,19775492000.0,334985000.0,454719000.0,,3010876000.0,,,,409840000.0,,5393300000.0,247220000.0,8277983000.0,19775492000.0,,,,-35648000.0,12658000.0,,,85050000.0,,-51399000.0,285419000.0,,,,,,66304000.0,,4413000.0,217751000.0,,,-452668000.0,50329000.0,
2011-06-30,3439868000.0,2286446000.0,,,490396000.0,,317724000.0,-145823000.0,,,171901000.0,0.79,0.78,217028000.0,219516000.0,551460000.0,,,145547000.0,,,,1326876000.0,,16440866000.0,800436000.0,,1380320000.0,19948498000.0,343162000.0,480656000.0,,3287930000.0,,,,410643000.0,,5431899000.0,273014000.0,8348279000.0,19948498000.0,,,,-63803000.0,17316000.0,,,92619000.0,,-21931000.0,766742000.0,,,,,,251565000.0,,3044000.0,45959000.0,,,-684324000.0,131531000.0,
2011-09-30,5761862000.0,3691746000.0,,,722157000.0,,825466000.0,-254607000.0,,,570859000.0,2.63,2.6,217105000.0,219315000.0,451460000.0,,,152273000.0,,,,1223118000.0,,16988832000.0,760769000.0,,1197307000.0,20170026000.0,323082000.0,526158000.0,,3115241000.0,,,,480483000.0,,5809150000.0,-25787000.0,8438096000.0,20170026000.0,,,,-55062000.0,25490000.0,,,74498000.0,,34380000.0,1272718000.0,,,,,,1030102000.0,,-352000.0,-775238000.0,,,-451012000.0,31531000.0,
2011-12-31,7537263000.0,4942607000.0,,,960602000.0,6605635000.0,931628000.0,-324207000.0,,-20700000.0,607421000.0,2.8,2.77,216983000.0,219229000.0,262186000.0,,,144553000.0,,,,969288000.0,,16934817000.0,746537000.0,,1153763000.0,19804405000.0,304623000.0,564272000.0,,3067642000.0,,,,471978000.0,,5823430000.0,-75938000.0,8407823000.0,19804405000.0,,,,-87872000.0,18423000.0,,,56755000.0,,25318000.0,1455739000.0,,,,,,1173626000.0,,1586000.0,-924565000.0,,,-676515000.0,-157743000.0,
2012-03-31,1834480000.0,1255112000.0,,,264601000.0,,135375000.0,-88411000.0,,,46964000.0,0.22,0.21,217584000.0,219230000.0,277533000.0,,,147898000.0,,,,1123497000.0,,16949764000.0,758445000.0,,1197253000.0,20028959000.0,291034000.0,520361000.0,,3099874000.0,,,,437693000.0,,5848616000.0,74872000.0,8592570000.0,20028959000.0,,,,-21069000.0,3141000.0,,,-14263000.0,,-21938000.0,215215000.0,,,,,,177235000.0,,-10765000.0,-158443000.0,,,-44595000.0,15347000.0,
2012-06-30,3655484000.0,2551126000.0,,,512172000.0,,232280000.0,-188969000.0,,,43311000.0,0.2,0.2,217866000.0,219217000.0,212209000.0,,,146711000.0,,,,954148000.0,,16887693000.0,736280000.0,,1117983000.0,19696104000.0,316409000.0,544549000.0,,3809112000.0,,,,546416000.0,,5823175000.0,-225741000.0,8271674000.0,19696104000.0,,,,-56651000.0,2451000.0,,,12348000.0,,-28505000.0,583519000.0,,,,,,322751000.0,,-4936000.0,-313169000.0,,,-315066000.0,-49977000.0,
2012-09-30,5881874000.0,3899451000.0,,,756049000.0,,684417000.0,-273327000.0,,,411090000.0,1.89,1.87,217940000.0,219296000.0,241237000.0,,,143954000.0,,,,1033180000.0,,16820816000.0,742466000.0,,1071760000.0,19668222000.0,361094000.0,605699000.0,,3826185000.0,,,,515456000.0,,6163842000.0,-143087000.0,8702661000.0,19668222000.0,,,,-42484000.0,-423000.0,,,46836000.0,,11688000.0,1172256000.0,,,,,,429309000.0,,6395000.0,-383323000.0,,,-801471000.0,-20949000.0,
2012-12-31,7688024000.0,5157434000.0,,,1011543000.0,7284914000.0,403110000.0,-384823000.0,,55500000.0,18287000.0,0.08,0.08,217930000.0,219457000.0,194855000.0,,,146295000.0,,,,888060000.0,,17451034000.0,432975000.0,,1055861000.0,19827930000.0,351587000.0,541722000.0,,4066151000.0,,,,482566000.0,,5744791000.0,-134516000.0,8308749000.0,19827930000.0,,,,-8026000.0,1645000.0,,,36602000.0,,33060000.0,1381734000.0,,,,,,1291499000.0,,-5739000.0,-1263323000.0,,,-179617000.0,-67331000.0,
2013-03-31,1911220000.0,1282190000.0,,,274034000.0,,165632000.0,-89406000.0,,,76226000.0,0.35,0.35,219097000.0,220484000.0,215888000.0,,,145922000.0,,,,958614000.0,,17473793000.0,429198000.0,,1004496000.0,19866101000.0,337441000.0,493788000.0,,5060504000.0,,,,491172000.0,,5794167000.0,-161360000.0,8338535000.0,19866101000.0,,,,-2257000.0,-152000.0,,,-13043000.0,,-45953000.0,241257000.0,,,,,,178376000.0,,-1104000.0,-193513000.0,,,-25672000.0,21033000.0,
2013-06-30,3793987000.0,2605809000.0,,,533660000.0,,278970000.0,-177997000.0,,,100973000.0,0.46,0.46,219502000.0,220648000.0,205174000.0,,,141440000.0,,,,953094000.0,,17511913000.0,430666000.0,,1055121000.0,19950794000.0,314197000.0,541699000.0,,4712175000.0,,,,524720000.0,,5792568000.0,-140076000.0,8366259000.0,19950794000.0,,,,-21084000.0,-4679000.0,,,-36265000.0,,-6513000.0,672788000.0,,,,,,396073000.0,,-781000.0,-444899000.0,,,-217776000.0,10319000.0,
2013-09-30,6105736000.0,4022610000.0,,,781936000.0,,723179000.0,-256505000.0,,,466674000.0,2.13,2.11,219744000.0,221004000.0,209567000.0,,,160225000.0,,,,1018675000.0,,17494039000.0,436647000.0,,1136884000.0,20086245000.0,396482000.0,623664000.0,,4844565000.0,,,,498684000.0,,6103290000.0,-66916000.0,8762084000.0,20086245000.0,,,,-14278000.0,13541000.0,,,43415000.0,,29496000.0,1230104000.0,,,,,,534046000.0,,-1147000.0,-578404000.0,,,-637614000.0,14712000.0,
2013-12-31,7959894000.0,5305270000.0,,,1044819000.0,7161746000.0,798148000.0,-324456000.0,,,473692000.0,2.16,2.14,219638000.0,220941000.0,204687000.0,,,151244000.0,,,,956374000.0,,17517752000.0,439231000.0,,1159590000.0,20072947000.0,372226000.0,563702000.0,,4267010000.0,,,,486246000.0,,6054952000.0,5671000.0,8808265000.0,20072947000.0,,,,-95401000.0,4321000.0,,,18957000.0,,-6714000.0,1412068000.0,,,,,,763777000.0,,-3831000.0,-824538000.0,,,-576626000.0,9832000.0,
2014-03-31,1887224000.0,1303980000.0,,,290307000.0,,97466000.0,-71009000.0,,,26457000.0,0.12,0.12,221295000.0,222671000.0,216508000.0,,,145155000.0,,,,1010933000.0,,17504257000.0,439345000.0,,1171605000.0,20126140000.0,359518000.0,559823000.0,,3382779000.0,,,,504899000.0,,6026036000.0,-46805000.0,8776932000.0,20126140000.0,,,,36332000.0,-6104000.0,,,-13323000.0,,7579000.0,315786000.0,,,,,,177791000.0,,1165000.0,-197370000.0,,,-107505000.0,11821000.0,
2014-06-30,3867267000.0,2634654000.0,,,551295000.0,,293053000.0,-128923000.0,,,164130000.0,0.74,0.74,222189000.0,223381000.0,185262000.0,,,143375000.0,,,,978340000.0,,17474143000.0,438367000.0,,1121361000.0,20012211000.0,331462000.0,576233000.0,,3549420000.0,,,,514282000.0,,6108116000.0,-71330000.0,8849240000.0,20012211000.0,,,,-15903000.0,-7777000.0,,,-41228000.0,,45730000.0,880929000.0,,,,,,342472000.0,,-1280000.0,-325843000.0,,,-574966000.0,-19425000.0,
2014-09-30,6256029000.0,4061536000.0,,,790957000.0,,822515000.0,-168137000.0,,,654378000.0,2.95,2.93,222523000.0,223859000.0,183181000.0,,,136162000.0,,,,860226000.0,,17211775000.0,426538000.0,,1101371000.0,19599910000.0,340702000.0,719349000.0,,3737740000.0,,,,627313000.0,,6531569000.0,-340889000.0,9021028000.0,19599910000.0,,,,-69833000.0,-13900000.0,,,-33668000.0,,48600000.0,1459564000.0,,,,,,559018000.0,,-2592000.0,-344815000.0,,,-1132233000.0,-21506000.0,
2014-12-31,8073855000.0,5306281000.0,,,1048952000.0,7131996000.0,941859000.0,-177713000.0,,,764146000.0,3.45,3.43,221658000.0,223044000.0,189241000.0,,,123490000.0,,,,801083000.0,,18235568000.0,420542000.0,,1255997000.0,20713190000.0,331505000.0,635138000.0,,3849247000.0,,,,935266000.0,,6575248000.0,-896994000.0,8284359000.0,20713190000.0,,,,-100095000.0,-26254000.0,,,-40651000.0,,70565000.0,1743759000.0,,,,,,1811398000.0,,-1546000.0,-1770378000.0,,,17480000.0,-15446000.0,
2015-03-31,1815599000.0,1222617000.0,,,286832000.0,,105682000.0,-60452000.0,,,45230000.0,0.21,0.2,219626000.0,220842000.0,229705000.0,,,125063000.0,,,,951203000.0,,18232115000.0,405422000.0,,1280853000.0,20869593000.0,336869000.0,521408000.0,,4336291000.0,,,,1089132000.0,,6554522000.0,-1190980000.0,7973910000.0,20869593000.0,,,,-18095000.0,2615000.0,,,9341000.0,,-53681000.0,426427000.0,,,,,,304644000.0,,3780000.0,-399576000.0,,,19653000.0,40464000.0,
2015-06-30,3873921000.0,2539026000.0,,,560980000.0,,366979000.0,-136782000.0,,,230197000.0,1.05,1.04,219913000.0,220902000.0,159360000.0,,,140228000.0,,,,913391000.0,,18890338000.0,409836000.0,,1181629000.0,21395194000.0,343981000.0,519080000.0,,4791538000.0,,,,691086000.0,,6673516000.0,-973024000.0,8320240000.0,21395194000.0,,,,-54272000.0,17523000.0,,,14668000.0,,-39474000.0,1040345000.0,,,,,,1151616000.0,,12482000.0,-1216572000.0,,,151103000.0,-29881000.0,
2015-09-30,6397021000.0,3926052000.0,,,817040000.0,,624984000.0,-166000000.0,,,458984000.0,2.09,2.08,219963000.0,221137000.0,147419000.0,,,131108000.0,,,,900826000.0,,18776782000.0,286707000.0,,994533000.0,20958848000.0,305747000.0,630455000.0,,4360491000.0,,,,757763000.0,,6819809000.0,-1196389000.0,8255786000.0,20958848000.0,,,-12000000.0,-24130000.0,8377000.0,,,-22915000.0,,11558000.0,1607936000.0,,,,,,1360637000.0,,18642000.0,-1469709000.0,,,-170920000.0,-41822000.0,
2015-12-31,8299074000.0,5099393000.0,,,1086504000.0,7424172000.0,874902000.0,-209119000.0,,,665783000.0,3.03,3.02,219537000.0,220689000.0,121565000.0,,,121332000.0,,,,837022000.0,,18777778000.0,286764000.0,,1020291000.0,20921855000.0,302072000.0,658601000.0,,4292827000.0,,,,798611000.0,,6944862000.0,-1328433000.0,8063039000.0,20921855000.0,,,,-63102000.0,-1197000.0,,,-25278000.0,,41754000.0,1946366000.0,,,,,,1613340000.0,,19128000.0,-1742975000.0,,,-253512000.0,-67676000.0,
2016-03-31,1917795000.0,1241578000.0,,,302021000.0,,163127000.0,-63987000.0,,,99140000.0,0.46,0.46,216914000.0,217869000.0,117360000.0,,,121392000.0,,,,892286000.0,,18828743000.0,286852000.0,,955532000.0,20963413000.0,371854000.0,525551000.0,,4397944000.0,,,,871010000.0,,6962858000.0,-1322560000.0,7887769000.0,20963413000.0,,,,-10094000.0,-274000.0,,,68515000.0,,-53108000.0,477896000.0,,,,,,249840000.0,,7111000.0,-236746000.0,,,-246762000.0,-4205000.0,
2016-06-30,4023057000.0,2552165000.0,,,588378000.0,,445400000.0,-116355000.0,,,329045000.0,1.52,1.52,216089000.0,217040000.0,,,,112380000.0,,,,857938000.0,,20185878000.0,288399000.0,,1139278000.0,22471493000.0,319606000.0,551293000.0,,4373631000.0,,,,798698000.0,,7112096000.0,-1172062000.0,8145665000.0,22471493000.0,,,,-33929000.0,-1394000.0,,,41173000.0,,21839000.0,1270912000.0,,,,,,2047195000.0,,18871000.0,-2212450000.0,,,1000463000.0,68120000.0,
2016-09-30,6586798000.0,3892288000.0,,,845808000.0,,1180363000.0,-158061000.0,,,1022302000.0,4.74,4.72,215663000.0,216575000.0,,,,118849000.0,,,,803069000.0,,20230803000.0,288461000.0,,1127929000.0,22450262000.0,259027000.0,678874000.0,,4500570000.0,,,,739693000.0,,7702260000.0,-1077534000.0,8790149000.0,22450262000.0,,,,-9823000.0,6379000.0,,,-17313000.0,,23216000.0,2000952000.0,,,,,,2313831000.0,,44709000.0,-2517559000.0,,,596950000.0,56863000.0,
2016-12-31,8496401000.0,5015539000.0,,,1100290000.0,7019196000.0,1477205000.0,-193817000.0,,,1283388000.0,5.96,5.93,215393000.0,216316000.0,132603000.0,,,114087000.0,,,,748305000.0,,20161427000.0,288386000.0,,1112206000.0,22310324000.0,305313000.0,692322000.0,,4441601000.0,,,,645610000.0,,7860341000.0,-916484000.0,9121412000.0,22310324000.0,,32659000.0,,-4759000.0,1679000.0,,,29564000.0,,20718000.0,2516690000.0,,,,,,2494363000.0,,46385000.0,-2724892000.0,,,243809000.0,11038000.0,
2017-03-31,2008560000.0,1175824000.0,,,317465000.0,,279522000.0,-64796000.0,,,214726000.0,1.0,0.99,214870000.0,215813000.0,109309000.0,,,108427000.0,,,,756689000.0,,19860696000.0,288470000.0,,1111402000.0,22017257000.0,362992000.0,634009000.0,,5271742000.0,,,,637282000.0,,7971840000.0,-892322000.0,9266830000.0,22017257000.0,,17262000.0,,828000.0,-5391000.0,,,56373000.0,,-57344000.0,796526000.0,,,,,,122783000.0,,2440000.0,123600000.0,,,-944394000.0,-23294000.0,
2017-06-30,4203834000.0,2432609000.0,,,601320000.0,,699219000.0,-114967000.0,,,584252000.0,2.72,2.71,215085000.0,216062000.0,,,,109136000.0,,,,767641000.0,,19798542000.0,288479000.0,,1169506000.0,22024168000.0,376508000.0,655480000.0,,5285953000.0,,,,576001000.0,,8238055000.0,-761038000.0,9683408000.0,22024168000.0,,35379000.0,,-33045000.0,-4682000.0,,,69634000.0,,-47189000.0,1659280000.0,,,,,,271541000.0,,9144000.0,7668000.0,,,-1669493000.0,-2126000.0,
2017-09-30,6773378000.0,3750878000.0,,,874957000.0,,1436707000.0,-99613000.0,,,1337094000.0,6.22,6.19,214882000.0,215905000.0,,,,119949000.0,,,,798152000.0,,19688872000.0,288517000.0,,1323773000.0,22099314000.0,384536000.0,748442000.0,,5057112000.0,,,,530215000.0,,8862369000.0,-526894000.0,10435488000.0,22099314000.0,,52469000.0,,-16245000.0,6131000.0,,,77436000.0,,12870000.0,2454601000.0,,,,,,387335000.0,,9313000.0,-78011000.0,,,-2369710000.0,7347000.0,
2017-12-31,8777845000.0,4896579000.0,,,1186016000.0,7033789000.0,1744056000.0,-118923000.0,,,1625133000.0,7.57,7.53,214617000.0,215694000.0,120112000.0,,,111393000.0,,,,843028000.0,,19735180000.0,288512000.0,,1429597000.0,22296317000.0,360113000.0,903022000.0,,4790264000.0,,,,452813000.0,,9022405000.0,-334265000.0,10702303000.0,22296317000.0,,69459000.0,,32043000.0,-2424000.0,,,36780000.0,,34215000.0,2874566000.0,,,,,,564138000.0,,-5415000.0,-213592000.0,,,-2675796000.0,-12491000.0,
2018-03-31,2027756000.0,1176019000.0,,,337361000.0,,274146000.0,-55493000.0,,,218653000.0,1.03,1.02,212610000.0,213602000.0,111245000.0,,,110826000.0,,,,1034526000.0,,21207786000.0,288479000.0,,1440181000.0,23970972000.0,454576000.0,680397000.0,,5195154000.0,,,,464300000.0,,9090544000.0,-182815000.0,10646796000.0,23970972000.0,,20164000.0,,10181000.0,-567000.0,,,110467000.0,,-109136000.0,924122000.0,,,,,,1720232000.0,,3353000.0,-1645145000.0,,,711853000.0,-8867000.0,
2018-06-30,4365361000.0,2490430000.0,,,650284000.0,,731041000.0,-46093000.0,,,684948000.0,3.23,3.21,212139000.0,213079000.0,108998000.0,,,121879000.0,,,,1099896000.0,,21429719000.0,288418000.0,,1239003000.0,24057036000.0,418616000.0,751585000.0,3049145000.0,5502350000.0,,,,439525000.0,,9429784000.0,-265200000.0,10773698000.0,24057036000.0,,31819000.0,,-16162000.0,10485000.0,,,58842000.0,740420000.0,-71254000.0,1931586000.0,,,,,,2212880000.0,,13220000.0,-2140981000.0,,,213957000.0,-11114000.0,
2018-09-30,7161548000.0,3901794000.0,,,975451000.0,,1530774000.0,-35435000.0,,,1495339000.0,7.08,7.05,211099000.0,211973000.0,254821000.0,,,152157000.0,,,,1359000000.0,,22599589000.0,1374923000.0,,1760028000.0,27093540000.0,432086000.0,859948000.0,3111682000.0,7072942000.0,,,,497705000.0,15217635000.0,10093892000.0,-230580000.0,11338135000.0,27093540000.0,,63420000.0,,17141000.0,21760000.0,,,35433000.0,349230000.0,-15856000.0,2746984000.0,,,,,916135000.0,2509127000.0,,3989000.0,-3358612000.0,,,765754000.0,134709000.0,
2018-12-31,9493849000.0,5262207000.0,,,1303144000.0,,1894801000.0,-79009000.0,,,1811042000.0,8.6,8.56,210570000.0,211554000.0,287852000.0,,,153573000.0,,,,1242044000.0,,23466163000.0,1378353000.0,502103000.0,1611710000.0,27698270000.0,488212000.0,899761000.0,3148837000.0,7112165000.0,,,,583254000.0,16050789000.0,10263282000.0,-627734000.0,11105461000.0,27698270000.0,,46061000.0,,9573000.0,23849000.0,,,91737000.0,385990000.0,42937000.0,3479139000.0,,,,,916135000.0,3660028000.0,,1731000.0,-4489158000.0,,,1198073000.0,167740000.0,
2019-03-31,2439767000.0,1413704000.0,,,414947000.0,,318831000.0,-62025000.0,,,249681000.0,1.19,1.19,209322000.0,209874000.0,248197000.0,,,157939000.0,,,,1333122000.0,,23641251000.0,1378362000.0,498687000.0,1589763000.0,28720049000.0,497180000.0,823097000.0,3729661000.0,8105943000.0,,,,560690000.0,16901334000.0,10366612000.0,-578980000.0,11269070000.0,28720049000.0,,27322000.0,,44382000.0,4366000.0,,,8843000.0,580735000.0,-68688000.0,1078454000.0,,,,,,470116000.0,,-2719000.0,-450448000.0,,,-667681000.0,-39655000.0,
2019-06-30,5246398000.0,2958208000.0,,,791821000.0,,892484000.0,-155723000.0,,,722511000.0,3.45,3.44,209531000.0,210052000.0,235001000.0,,,168009000.0,,,,1282967000.0,,24855174000.0,1373124000.0,495123000.0,1576843000.0,29808962000.0,531788000.0,946530000.0,3909454000.0,7586140000.0,,,,561550000.0,17713789000.0,10692890000.0,-653173000.0,11538403000.0,29808962000.0,,41974000.0,,14262000.0,14436000.0,,,43594000.0,760435000.0,34056000.0,2195527000.0,,,,,,1866141000.0,,173000.0,-1899405000.0,,,-348897000.0,-52851000.0,
2019-09-30,8433248000.0,4581246000.0,,,1144546000.0,,1783276000.0,-156150000.0,,,1605751000.0,7.67,7.65,209575000.0,210121000.0,276730000.0,,,167213000.0,,,,1203957000.0,,25005404000.0,1373065000.0,491634000.0,1545574000.0,29825461000.0,538949000.0,979939000.0,3410205000.0,7113534000.0,,,,731844000.0,17285160000.0,11412773000.0,-946363000.0,11976907000.0,29825461000.0,,51256000.0,,36682000.0,13640000.0,,,51011000.0,261335000.0,81026000.0,3107068000.0,,,,,0.0,2341895000.0,,1028000.0,-2402344000.0,,,-714909000.0,-11122000.0,
2019-12-31,10950661000.0,6062765000.0,,,1559253000.0,,2082701000.0,-175101000.0,,,1878887000.0,8.97,8.95,209405000.0,209930000.0,243738000.0,,,162107000.0,,,,1162628000.0,,25466808000.0,1385644000.0,488575000.0,1617649000.0,30320284000.0,563706000.0,1078345000.0,3428138000.0,7952896000.0,,,,617810000.0,17586457000.0,11523326000.0,-797713000.0,12163846000.0,30320284000.0,,75930000.0,,9898000.0,8533000.0,,,75281000.0,280139000.0,96490000.0,3716366000.0,,,,,0.0,3024663000.0,,12829000.0,-3091406000.0,,,-670371000.0,-44114000.0,
2020-03-31,2032750000.0,1510819000.0,,,395890000.0,,-1306407000.0,-130628000.0,,,-1444479000.0,-6.91,-6.91,209097000.0,209097000.0,3890811000.0,,,177705000.0,,,,4594201000.0,,25857215000.0,809216000.0,454211000.0,1564982000.0,33445053000.0,1414394000.0,1022405000.0,2373092000.0,8982370000.0,,,,796182000.0,22635853000.0,9915758000.0,-1095617000.0,10231775000.0,33445053000.0,,-7428000.0,,-84578000.0,15598000.0,,,851342000.0,-959555000.0,110440000.0,198710000.0,,,,,,1252554000.0,,1596000.0,-1341177000.0,,,4790212000.0,3647073000.0,
2020-06-30,2208355000.0,2191239000.0,,,697308000.0,,-2588894000.0,-479989000.0,,,-3083771000.0,-14.74,-14.74,209385000.0,209385000.0,4146691000.0,,,152596000.0,,,,4684440000.0,,25647715000.0,809384000.0,450722000.0,1555582000.0,33306543000.0,661427000.0,810536000.0,1805874000.0,4736908000.0,,,,698045000.0,23757769000.0,8276463000.0,-951227000.0,8963905000.0,33306543000.0,,8764000.0,,-94873000.0,-9511000.0,,,118398000.0,-1622721000.0,-17110000.0,-2048823000.0,,,,,,1391891000.0,,5924000.0,-1591477000.0,,,7544206000.0,3902953000.0,
2020-09-30,2174667000.0,2499848000.0,,,944087000.0,,-3585008000.0,-823187000.0,,,-4430527000.0,-21.01,-21.01,214163000.0,214163000.0,3016788000.0,,,142432000.0,,,,3531795000.0,,25362549000.0,809471000.0,447306000.0,1540518000.0,31828810000.0,421023000.0,677594000.0,1820038000.0,4625465000.0,,,,694520000.0,23500216000.0,6929710000.0,-869107000.0,8328594000.0,31828810000.0,,29871000.0,,-133769000.0,-19675000.0,,,-90306000.0,-1608355000.0,-87936000.0,-2906255000.0,,,,,,1573241000.0,,6921000.0,-1788693000.0,,,7469762000.0,2773050000.0,
2020-12-31,2208805000.0,2765108000.0,,,1199620000.0,,-4601557000.0,-1173573000.0,,,-5797462000.0,-27.05,-27.05,214335000.0,214335000.0,3700000000.0,,,118703000.0,,,,4311747000.0,,25246595000.0,809480000.0,444854000.0,1497380000.0,32465187000.0,353422000.0,615750000.0,1784832000.0,4537121000.0,,,,645565000.0,23704518000.0,5562775000.0,-739341000.0,8760669000.0,32465187000.0,,39779000.0,,-121055000.0,-27077000.0,,,-133815000.0,-1643560000.0,-180479000.0,-3731653000.0,,,,,0.0,1965131000.0,,16247000.0,-2178566000.0,,,9349788000.0,3440736000.0,
2021-03-31,42014000.0,283487000.0,,,258041000.0,,-809231000.0,-322491000.0,,,-1131722000.0,-4.66,-4.66,243004000.0,243004000.0,5100000000.0,,,119405000.0,,,,5649969000.0,,25794798000.0,809459000.0,,1513306000.0,34347073000.0,340872000.0,534744000.0,1830144000.0,3314830000.0,,,,598158000.0,25174691000.0,4431053000.0,-708854000.0,9172382000.0,34347073000.0,,18834000.0,,72397000.0,3708000.0,,,-7499000.0,95923000.0,-134113000.0,-809183000.0,,,,,,1061691000.0,,-146000.0,-967560000.0,,,3183924000.0,1406989000.0,
2021-06-30,92928000.0,708317000.0,,,543599000.0,,-1832765000.0,-646212000.0,,,-2478977000.0,-9.96,-9.96,254577000.0,254577000.0,4300000000.0,,,132888000.0,,,,5009230000.0,,25872907000.0,809435000.0,,1440882000.0,33691962000.0,384683000.0,552992000.0,2363505000.0,4679715000.0,,,,515892000.0,25807947000.0,3083798000.0,-663955000.0,7884015000.0,33691962000.0,,35562000.0,,180562000.0,17191000.0,,,38073000.0,629285000.0,-123028000.0,-1269554000.0,,,,,,1286175000.0,,13627000.0,-1183675000.0,,,3018992000.0,565895000.0,
2021-09-30,549886000.0,1522008000.0,,,867021000.0,,-2838589000.0,-1064942000.0,,,-3903531000.0,-15.56,-15.56,254713000.0,254713000.0,3300000000.0,,,142408000.0,,,,4167381000.0,,25699712000.0,809373000.0,,1428876000.0,32665566000.0,461411000.0,658987000.0,2766150000.0,5242920000.0,,,,523289000.0,26198068000.0,1659244000.0,-675824000.0,6467498000.0,32665566000.0,,55435000.0,,225535000.0,26711000.0,,,107215000.0,1031930000.0,-5911000.0,-1672769000.0,,,,,,1654271000.0,,9546000.0,-1560234000.0,,,2838559000.0,-395148000.0,
2021-12-31,1532133000.0,2657512000.0,,,1370076000.0,,-3870334000.0,-1390165000.0,,,-5260499000.0,-20.89,-20.89,251812000.0,251812000.0,2701770000.0,,,150224000.0,,,,3600271000.0,,25907949000.0,809383000.0,434556000.0,1398624000.0,32258355000.0,545978000.0,887575000.0,3160867000.0,7285683000.0,,,,505181000.0,27172799000.0,302276000.0,-710885000.0,5085556000.0,32258355000.0,,63638000.0,,181707000.0,34527000.0,,,188518000.0,1426647000.0,235446000.0,-1877815000.0,,,,,,2229704000.0,,22423000.0,-2144739000.0,,,3040577000.0,-982704000.0,
2022-03-31,1059231000.0,1184769000.0,,,394030000.0,,-859208000.0,-307934000.0,,,-1167142000.0,-4.58,-4.58,254821000.0,254821000.0,2000000000.0,,,179466000.0,,,,3176939000.0,,,809435000.0,,1477225000.0,32939998000.0,668158000.0,774007000.0,3567401000.0,8007164000.0,,,,476469000.0,28951070000.0,-718609000.0,-494609000.0,3988928000.0,32939998000.0,,22839000.0,,32236000.0,29242000.0,,,112426000.0,406534000.0,-130441000.0,-528847000.0,,,,,,1363086000.0,,12361000.0,-1443141000.0,,,1237731000.0,-733266000.0,
2022-06-30,3243473000.0,2875631000.0,,,765455000.0,,-1077852000.0,-610872000.0,,,-1688724000.0,-6.63,-6.63,254964000.0,254964000.0,2102205000.0,,,229108000.0,,,,3560888000.0,,,809298000.0,,1447175000.0,33943245000.0,760864000.0,862825000.0,4168743000.0,11719382000.0,,,,517884000.0,30545147000.0,-1240191000.0,-551252000.0,3398098000.0,33943245000.0,,10134000.0,,201605000.0,78884000.0,,,221746000.0,1007876000.0,-32837000.0,-50207000.0,,,,,,2317747000.0,,-11013000.0,-2527547000.0,,,1979763000.0,-599565000.0,
2022-09-30,6236548000.0,4831894000.0,,,1138571000.0,,-779427000.0,-876329000.0,,,-1655756000.0,-6.49,-6.49,255071000.0,255378000.0,1600000000.0,,,237186000.0,,,,2837046000.0,,,809201000.0,,1570279000.0,33464190000.0,623565000.0,858936000.0,3774499000.0,9793994000.0,,,,537970000.0,30258766000.0,-1207223000.0,-792477000.0,3205424000.0,33464190000.0,,24285000.0,,173555000.0,86962000.0,,,79249000.0,613632000.0,-18973000.0,-94741000.0,,,,,,2543266000.0,,-5262000.0,-2870951000.0,,,1832900000.0,-1135557000.0,
2022-12-31,8840540000.0,6614336000.0,,,1582929000.0,,-763976000.0,-1391986000.0,,,-2155962000.0,-8.45,-8.45,255011000.0,255011000.0,1935005000.0,,,224016000.0,,,,3205006000.0,,27546445000.0,809277000.0,426378000.0,1678074000.0,33776361000.0,646727000.0,1071129000.0,4167997000.0,8573464000.0,,,,507599000.0,30907549000.0,-1707429000.0,-643214000.0,2868812000.0,33776361000.0,,36116000.0,,234348000.0,73792000.0,,,74657000.0,1007129000.0,215981000.0,481857000.0,,,,,,2710063000.0,,-6585000.0,-2987766000.0,,,1740973000.0,-766765000.0,
2023-03-31,2885146000.0,1792905000.0,,,460855000.0,,271613000.0,-319523000.0,,,-47910000.0,-0.19,-0.19,255465000.0,255465000.0,1226871000.0,,,221299000.0,,,,2413597000.0,,,809258000.0,,1660090000.0,32870487000.0,714837000.0,1200590000.0,5270589000.0,9441544000.0,,,,489188000.0,29845066000.0,-1755339000.0,-677944000.0,2851618000.0,32870487000.0,,26270000.0,,-122940000.0,-2716000.0,,,56682000.0,1102592000.0,-258713000.0,1309918000.0,,,,,,251933000.0,,-12694000.0,-234100000.0,,,-1784175000.0,-708134000.0,
2023-06-30,6408128000.0,3747781000.0,,,895703000.0,,1043194000.0,-628794000.0,,,458761000.0,1.79,1.7,255805000.0,281913000.0,726424000.0,,,215915000.0,,,,1968835000.0,,,809250000.0,,1657807000.0,32923348000.0,692011000.0,1391553000.0,5676341000.0,9666865000.0,,,,492127000.0,29382266000.0,-1296578000.0,-680004000.0,3363648000.0,32923348000.0,,65721000.0,,-131865000.0,-8101000.0,,,30287000.0,1508345000.0,,2701265000.0,,,,,,1048389000.0,,-11680000.0,-1022149000.0,,,-2888142000.0,-1208581000.0,
2023-09-30,10568581000.0,5884641000.0,,,1288719000.0,,2308298000.0,-883220000.0,,,1419927000.0,5.55,5.24,256188000.0,283847000.0,600117000.0,,,241522000.0,,,,1780709000.0,,,809206000.0,,1794412000.0,32768672000.0,715386000.0,1210858000.0,5032328000.0,9241685000.0,,,,488534000.0,28172483000.0,-287502000.0,-644976000.0,4422976000.0,32768672000.0,,79315000.0,,-131199000.0,17506000.0,,,62007000.0,864332000.0,,3361005000.0,,,,,,1328643000.0,,-9021000.0,-1349212000.0,,,-3345434000.0,-1334888000.0,
2023-12-31,13900000000.0,7775000000.0,,,1792000000.0,,2878000000.0,-1174000000.0,,6000000.0,1697000000.0,6.63,6.31,256000000.0,283000000.0,497000000.0,,,248000000.0,,,,1792000000.0,,30114000000.0,809000000.0,418000000.0,1805000000.0,35131000000.0,792000000.0,1478000000.0,5311000000.0,9401000000.0,,,,486000000.0,30232000000.0,-10000000.0,-674000000.0,4724000000.0,35131000000.0,,126000000.0,,-99000000.0,24000000.0,,,124000000.0,1143000000.0,,4477000000.0,,,,,,3897000000.0,,-3000000.0,-3923000000.0,,,-1993000000.0,-1438000000.0,
2024-03-31,3728000000.0,2056000000.0,,,535000000.0,,750000000.0,-386000000.0,,,360000000.0,1.4,1.35,257000000.0,281000000.0,437000000.0,,,236000000.0,,,,1870000000.0,,,809000000.0,,1887000000.0,35190000000.0,876000000.0,1236000000.0,6040000000.0,9905000000.0,,,,481000000.0,29865000000.0,350000000.0,-617000000.0,5151000000.0,35190000000.0,,45000000.0,,57000000.0,-12000000.0,,,78000000.0,729000000.0,,1328000000.0,,,,,,242000000.0,,15000000.0,-296000000.0,,,-1091000000.0,-60000000.0,
2024-06-30,7838000000.0,4209000000.0,,,1001000000.0,,1848000000.0,-626000000.0,,,1214000000.0,4.72,4.46,257000000.0,281000000.0,391000000.0,,,242000000.0,,,,1886000000.0,,,809000000.0,,1931000000.0,36974000000.0,821000000.0,1410000000.0,6245000000.0,9894000000.0,,,,522000000.0,30792000000.0,1204000000.0,-654000000.0,6008000000.0,36974000000.0,,83000000.0,,16000000.0,-6000000.0,,,18000000.0,934000000.0,,2901000000.0,,,,,,2382000000.0,,21000000.0,-2494000000.0,,,-511000000.0,-106000000.0,
2024-09-30,12724000000.0,6600000000.0,,,1452000000.0,,3482000000.0,-1145000000.0,,,2325000000.0,8.98,8.91,263000000.0,280000000.0,418000000.0,,,265000000.0,,,,1831000000.0,,,809000000.0,,2072000000.0,37067000000.0,851000000.0,1476000000.0,5324000000.0,9631000000.0,,,,592000000.0,29843000000.0,2207000000.0,-753000000.0,7045000000.0,37067000000.0,,109000000.0,,13000000.0,17000000.0,,,53000000.0,13000000.0,,3798000000.0,,,,,,2716000000.0,,8000000.0,-2805000000.0,,,-1070000000.0,-79000000.0,
,,,,,,,,,,,,,,,,,,,,,,,,,,,,,,,,,,,,,,,,,,,,,,,,,,,,,,,,,,,,,,,,,,,
