Date,Net sales,Cost of sales,Gross margin,Research and development,"Selling, general and administrative",Total operating expenses,Operating income,"Other income/(expense), net",Income before provision for income taxes,Provision for income taxes,Net income,Earnings per share basic,Earnings per share diluted,Weighted-average basic,Weighted-average diluted,Cash and cash equivalents,Short-term marketable securities,"Accounts receivable, net",Inventories,Deferred tax assets,Vendor non-trade receivables,Other current assets,Total current assets,Long-term marketable securities,"Property, Plant and Equipment, Net",Goodwill,"Acquired intangible assets, net","Other Assets, Noncurrent",Total assets,accounts payable,Accrued expenses,Deferred revenue,Total current liabilities,Deferred revenue - non-current,deferred tax liabilities,long term taxes payable,Total other non-current liabilities,Total liabilities,Retained Earnings (Accumulated Deficit),Accumulated other comprehensive (loss)/income,Total shareholders equity,Total liabilities and shareholders' equity,"Depreciation, amortization and accretion",Stock-based compensation expense,Deferred income tax expense,"Increase (Decrease) in Accounts receivable, net",Increase (Decrease) in Inventories,Increase (Decrease) in Other Receivables,Increase (Decrease) in Other Operating Assets,Increase (Decrease) in Accounts Payable,Increase (Decrease) in Deferred Revenue,Increase (Decrease) Other liabilities,Cash generated by operating activities,Purchases of marketable securities,Proceeds from maturities of marketable securities,Proceeds from sales of marketable securities,Purchases of other long-term investments,"Business acquisitions, net of cash acquired",Cash payments for capital asset purchases,Payments for acquisition of intangible assets,Payments for (Proceeds from) Other Investing Activities,Cash used in investing activities,Proceeds from issuance of common stock,Excess tax benefits from stock-based compensation,Cash generated/used in financing activities,Increase/(decrease) in cash and cash equivalents,"Cash paid for income taxes, net"
2009-12-31,,,,,,,,,-1202000000.0,-171000000.0,-1031000000.0,-1.27,-1.27,989000000.0,989000000.0,8011000000.0,,,,,,,,,2668000000.0,5557000000.0,503000000.0,,142318000000.0,,,,,,,,,124437000000.0,-3235000000.0,130000000.0,17881000000.0,142318000000.0,,,245000000.0,,,,-462000000.0,,,-90000000.0,1994000000.0,15646000000.0,5405000000.0,5451000000.0,,,,,,-1615000000.0,1769000000.0,4000000.0,-3341000000.0,-2962000000.0,
2010-03-31,,,,,,,,,-357000000.0,-161000000.0,-196000000.0,-0.21,-0.21,1194000000.0,1194000000.0,6871000000.0,,,,,,,,,2637000000.0,5559000000.0,472000000.0,,137230000000.0,,,,,,,,,119592000000.0,-3502000000.0,144000000.0,17638000000.0,137230000000.0,,,-113000000.0,,,,445000000.0,,,-726000000.0,1725000000.0,3381000000.0,1853000000.0,1443000000.0,,,,,,1397000000.0,,1000000.0,-4262000000.0,-1140000000.0,
2010-06-30,,,,,,,,,-722000000.0,-249000000.0,-473000000.0,-0.49,-0.49,1200000000.0,1200000000.0,7411000000.0,,,,,,,,,2588000000.0,5561000000.0,443000000.0,,135340000000.0,,,,,,,,,117877000000.0,-3849000000.0,306000000.0,17463000000.0,135340000000.0,,,-146000000.0,,,,58000000.0,,,-365000000.0,2800000000.0,4899000000.0,3686000000.0,1460000000.0,,,,,,3018000000.0,,,-6418000000.0,-600000000.0,
2010-09-30,,,,,,,,,-1027000000.0,-399000000.0,-628000000.0,-0.66,-0.66,1257000000.0,1257000000.0,6887000000.0,,,,,,,,,2564000000.0,5561000000.0,414000000.0,,133498000000.0,,,,,,,,,116335000000.0,-4070000000.0,208000000.0,17163000000.0,133498000000.0,,,-216000000.0,,,,-51000000.0,,,-244000000.0,3334000000.0,6572000000.0,5617000000.0,1610000000.0,,,,,,3675000000.0,,,-8133000000.0,-1124000000.0,
2011-03-31,,,,,,,,,57000000.0,-12000000.0,69000000.0,0.01,0.01,1257000000.0,1259000000.0,7320000000.0,,,,,,,,,2528000000.0,5561000000.0,358000000.0,,131756000000.0,,,,,,,,,115137000000.0,-4043000000.0,-387000000.0,16619000000.0,131756000000.0,,,-14000000.0,,,,-1272000000.0,,,-483000000.0,1332000000.0,5323000000.0,1363000000.0,2419000000.0,,,,,,-925000000.0,,,-6000000.0,401000000.0,
2011-06-30,,,,,,,,,106000000.0,-72000000.0,178000000.0,0.06,0.06,1258000000.0,1260000000.0,7974000000.0,,,,,,,,,2481000000.0,5561000000.0,420000000.0,,130908000000.0,,,,,,,,,114020000000.0,-4000000000.0,-177000000.0,16888000000.0,130908000000.0,,,-81000000.0,,,,-1246000000.0,,,-543000000.0,2842000000.0,9178000000.0,2291000000.0,6479000000.0,,,,,,-676000000.0,,,-1111000000.0,1055000000.0,
2011-09-30,,,,,,,,,288000000.0,-45000000.0,333000000.0,0.14,0.14,1259000000.0,1261000000.0,8263000000.0,,,,,,,,,2399000000.0,5561000000.0,478000000.0,,129762000000.0,,,,,,,,,112499000000.0,-3913000000.0,92000000.0,17263000000.0,129762000000.0,,,-57000000.0,,,,-1931000000.0,,,-379000000.0,4616000000.0,11156000000.0,3630000000.0,6531000000.0,,,,,,-430000000.0,,,-2842000000.0,1344000000.0,
2011-12-31,,,,,,,,,161000000.0,-28000000.0,-215000000.0,-0.34,-0.34,1258000000.0,1258000000.0,7245000000.0,,,,1286000000.0,,,,,2375000000.0,4816000000.0,449000000.0,,127050000000.0,,,,,,,,,110551000000.0,-4527000000.0,-69000000.0,16499000000.0,127050000000.0,,14000000.0,-31000000.0,,,,-1107000000.0,,,-366000000.0,4753000000.0,14592000000.0,5848000000.0,7859000000.0,,,,,,659000000.0,,,-5086000000.0,326000000.0,-98000000.0
2012-03-31,,,,,,,,,321000000.0,82000000.0,199000000.0,0.11,0.11,1282000000.0,1283000000.0,7473000000.0,,,,,,,,,2350000000.0,4816000000.0,420000000.0,,128282000000.0,,,,,,,,,110748000000.0,-4395000000.0,-60000000.0,17534000000.0,128282000000.0,,,55000000.0,,,,-48000000.0,,,-218000000.0,755000000.0,5075000000.0,1594000000.0,1398000000.0,,,,,,-1797000000.0,875000000.0,,1270000000.0,228000000.0,
2012-06-30,,,,,,,,,798000000.0,208000000.0,554000000.0,0.32,0.32,1414000000.0,1418000000.0,3766000000.0,,,,1000000000.0,,,,,2300000000.0,4816000000.0,391000000.0,,122345000000.0,,,,,,,,,107890000000.0,-4136000000.0,54000000.0,14455000000.0,122345000000.0,,,201000000.0,,,,102000000.0,,,39000000.0,1037000000.0,6970000000.0,3209000000.0,1670000000.0,,,,,,-562000000.0,875000000.0,1000000.0,-3954000000.0,-3479000000.0,
2012-09-30,,,,,,,,,1246000000.0,344000000.0,855000000.0,0.53,0.53,1414000000.0,1423000000.0,3930000000.0,,,,800000000.0,,,,,2274000000.0,4816000000.0,365000000.0,,121798000000.0,,,,,,,,,106897000000.0,-3849000000.0,202000000.0,14901000000.0,121798000000.0,530000000.0,,299000000.0,,,,-42000000.0,,,628000000.0,2215000000.0,8812000000.0,4923000000.0,1745000000.0,,,,,,25000000.0,875000000.0,1000000.0,-5555000000.0,-3315000000.0,
2012-12-31,,,,,,,,,1661000000.0,482000000.0,1120000000.0,0.72,0.71,1381000000.0,1387000000.0,5489000000.0,,,,763000000.0,,,,,2279000000.0,4816000000.0,345000000.0,,121347000000.0,,,,,,,,,105848000000.0,-3338000000.0,65000000.0,15499000000.0,121347000000.0,717000000.0,21000000.0,486000000.0,,,,-809000000.0,,,-353000000.0,2441000000.0,11571000000.0,6844000000.0,2571000000.0,,,,,,1007000000.0,875000000.0,,-5204000000.0,-1756000000.0,80000000.0
2013-03-31,,,,,,,,,447000000.0,114000000.0,335000000.0,0.23,0.23,1413000000.0,1423000000.0,4933000000.0,,,,,,,,,2252000000.0,4816000000.0,331000000.0,,119718000000.0,,,,,,,,,103978000000.0,-3003000000.0,-12000000.0,15740000000.0,119718000000.0,171000000.0,,121000000.0,,,,-226000000.0,,,-758000000.0,1130000000.0,2527000000.0,1765000000.0,388000000.0,,,,,,-579000000.0,0.0,,-1107000000.0,-556000000.0,
2013-06-30,,,,,,,,,837000000.0,236000000.0,602000000.0,0.42,0.41,1407000000.0,1421000000.0,4280000000.0,,,,,,,,,2228000000.0,4816000000.0,318000000.0,,118707000000.0,,,,,,,,,103378000000.0,-2736000000.0,-478000000.0,15329000000.0,118707000000.0,342000000.0,,216000000.0,,,,-343000000.0,,,-720000000.0,2167000000.0,4654000000.0,3377000000.0,1372000000.0,,,,,,-1465000000.0,0.0,,-1911000000.0,-1209000000.0,
2013-09-30,,,,,,,,,1254000000.0,360000000.0,895000000.0,0.62,0.62,1401000000.0,1415000000.0,3859000000.0,,,,,,,,,2218000000.0,4816000000.0,307000000.0,,116864000000.0,,,,,,,,,101375000000.0,-2443000000.0,-411000000.0,15489000000.0,116864000000.0,497000000.0,,310000000.0,,,,-331000000.0,,,-451000000.0,3146000000.0,5888000000.0,4611000000.0,3543000000.0,,,,,,-394000000.0,0.0,,-4382000000.0,-1630000000.0,
2013-12-31,,,,,,,,,1587000000.0,452000000.0,1122000000.0,0.78,0.77,1395000000.0,1410000000.0,5273000000.0,,,,612000000.0,,,,,2216000000.0,4816000000.0,295000000.0,,117396000000.0,,,,,,,,,101628000000.0,-2216000000.0,-319000000.0,15768000000.0,117396000000.0,645000000.0,25000000.0,345000000.0,,,,-681000000.0,,,-915000000.0,3799000000.0,7050000000.0,5406000000.0,3828000000.0,,,,,,-125000000.0,0.0,,-3890000000.0,-216000000.0,54000000.0
2014-03-31,,,,,,,,,435000000.0,128000000.0,319000000.0,0.23,0.22,1378000000.0,1390000000.0,5196000000.0,,,,,,,,,2194000000.0,4816000000.0,294000000.0,,117933000000.0,,,,,,,,,101801000000.0,-1897000000.0,-229000000.0,16132000000.0,117933000000.0,122000000.0,,,,,,250000000.0,,,36000000.0,421000000.0,846000000.0,711000000.0,185000000.0,,,,,,-580000000.0,,,82000000.0,-77000000.0,
2014-06-30,,,,,,,,,859000000.0,253000000.0,619000000.0,0.44,0.43,1378000000.0,1390000000.0,4819000000.0,,,,,,,,,2194000000.0,4816000000.0,281000000.0,,118719000000.0,,,,,,,,,101690000000.0,-1597000000.0,-52000000.0,17029000000.0,118719000000.0,248000000.0,,,,,,367000000.0,,,60000000.0,743000000.0,2452000000.0,1481000000.0,1004000000.0,,,,,,-1552000000.0,,,355000000.0,-454000000.0,
2014-09-30,,,,,,,,,1308000000.0,380000000.0,944000000.0,0.66,0.65,1378000000.0,1390000000.0,4783000000.0,,,,,,,,,2192000000.0,4816000000.0,287000000.0,,119226000000.0,,,,,,,,,102066000000.0,-1272000000.0,-174000000.0,17160000000.0,119226000000.0,391000000.0,,,,,,69000000.0,,,64000000.0,1518000000.0,4524000000.0,2350000000.0,1384000000.0,,,,,,-2663000000.0,,,655000000.0,-490000000.0,
2014-12-31,,,,,,,,,1599000000.0,457000000.0,1155000000.0,0.8,0.8,1375000000.0,1387000000.0,4004000000.0,,,,367000000.0,,,,,2193000000.0,4816000000.0,275000000.0,,119679000000.0,,,,,,,,,102690000000.0,-1061000000.0,-238000000.0,16989000000.0,119679000000.0,523000000.0,30000000.0,173000000.0,,,,187000000.0,,,421000000.0,2096000000.0,5965000000.0,3207000000.0,1741000000.0,,,,,,-3770000000.0,0.0,,405000000.0,-1269000000.0,296000000.0
2015-03-31,,,,,,,,,331000000.0,95000000.0,234000000.0,0.16,0.16,1346000000.0,1358000000.0,6026000000.0,,,,,,,,,2174000000.0,4816000000.0,272000000.0,,122447000000.0,,,,,,,,,105396000000.0,-943000000.0,-115000000.0,17051000000.0,122447000000.0,123000000.0,,,,,,112000000.0,,,-121000000.0,294000000.0,1232000000.0,863000000.0,516000000.0,,,,,,-904000000.0,,,2632000000.0,2022000000.0,
2015-06-30,,,,,,,,,744000000.0,219000000.0,519000000.0,0.36,0.36,1340000000.0,1352000000.0,3755000000.0,,,,,,,,,2147000000.0,4816000000.0,268000000.0,,121855000000.0,,,,,,,,,104956000000.0,-658000000.0,-287000000.0,16899000000.0,121855000000.0,252000000.0,,,,,,-91000000.0,,,-347000000.0,767000000.0,2860000000.0,1911000000.0,828000000.0,,,,,,-3149000000.0,,,2133000000.0,-249000000.0,
2015-09-30,,,,,,,,,1122000000.0,335000000.0,777000000.0,0.55,0.54,1333000000.0,1343000000.0,5008000000.0,,,,,,,,,2122000000.0,4831000000.0,263000000.0,,124789000000.0,,,,,,,,,107837000000.0,-400000000.0,-139000000.0,16952000000.0,124789000000.0,384000000.0,,,,,,-116000000.0,,,-95000000.0,1565000000.0,4382000000.0,2958000000.0,1201000000.0,,,,,,-4335000000.0,,,3774000000.0,1004000000.0,
2015-12-31,,,,,,,,,1530000000.0,455000000.0,1062000000.0,0.75,0.75,1325000000.0,1334000000.0,5314000000.0,,,,254000000.0,,,,,2152000000.0,4878000000.0,259000000.0,,126050000000.0,,,,,,,,,109206000000.0,-115000000.0,-380000000.0,16844000000.0,126050000000.0,523000000.0,,155000000.0,,,,-12000000.0,,,-449000000.0,1572000000.0,7819000000.0,3890000000.0,3138000000.0,,,,,,-6124000000.0,,,5862000000.0,1310000000.0,129000000.0
2016-03-31,,,,,,,,,386000000.0,113000000.0,273000000.0,0.2,0.2,1286000000.0,1291000000.0,4390000000.0,,,,,,,,,2134000000.0,4878000000.0,246000000.0,,125539000000.0,,,,,,,,,108328000000.0,62000000.0,-23000000.0,17211000000.0,125539000000.0,130000000.0,,,,,,-108000000.0,,,-35000000.0,790000000.0,1954000000.0,774000000.0,1056000000.0,,,,,,-656000000.0,,,-1058000000.0,-924000000.0,
2016-06-30,,,,,,,,,773000000.0,228000000.0,548000000.0,0.4,0.4,1275000000.0,1279000000.0,4237000000.0,,,,,,,,,2091000000.0,4882000000.0,240000000.0,,126212000000.0,,,,,,,,,108827000000.0,242000000.0,148000000.0,17385000000.0,126212000000.0,267000000.0,,,,,,126000000.0,,,197000000.0,1130000000.0,4092000000.0,1983000000.0,1527000000.0,,,,,,-1076000000.0,,,-1131000000.0,-1077000000.0,
2016-09-30,,,,,,,,,1244000000.0,380000000.0,868000000.0,0.65,0.65,1266000000.0,1270000000.0,4238000000.0,,,,,,,,,2075000000.0,4882000000.0,228000000.0,,125177000000.0,,,,,,,,,107812000000.0,465000000.0,105000000.0,17365000000.0,125177000000.0,425000000.0,,,,,,-28000000.0,,,157000000.0,1740000000.0,6108000000.0,3325000000.0,1873000000.0,,,,,,-503000000.0,,,-2313000000.0,-1076000000.0,
2016-12-31,,,,,,,,,1672000000.0,514000000.0,1163000000.0,0.87,0.87,1255000000.0,1261000000.0,5451000000.0,,,,308000000.0,,,,,2096000000.0,4904000000.0,221000000.0,,125968000000.0,,,,,,,,,109304000000.0,666000000.0,-550000000.0,16664000000.0,125968000000.0,574000000.0,,49000000.0,,,,219000000.0,,,189000000.0,1954000000.0,7874000000.0,4420000000.0,1965000000.0,,,,,,-631000000.0,,,-1186000000.0,137000000.0,314000000.0
2017-03-31,,,,,,,,,422000000.0,128000000.0,301000000.0,0.24,0.23,1209000000.0,1224000000.0,4374000000.0,,,,,,,,,2088000000.0,4904000000.0,209000000.0,,124545000000.0,,,,,,,,,107823000000.0,873000000.0,-565000000.0,16722000000.0,124545000000.0,140000000.0,,,,,,30000000.0,,,-79000000.0,736000000.0,1149000000.0,889000000.0,434000000.0,,,,,,-129000000.0,,,-1684000000.0,-1077000000.0,
2017-06-30,,,,,,,,,872000000.0,261000000.0,617000000.0,0.49,0.48,1205000000.0,1218000000.0,4131000000.0,,,,,,,,,2060000000.0,4904000000.0,198000000.0,,124643000000.0,,,,,,,,,107750000000.0,1089000000.0,-479000000.0,16893000000.0,124643000000.0,274000000.0,,,,,,21000000.0,,,-88000000.0,1155000000.0,2208000000.0,1755000000.0,592000000.0,,,,,,-561000000.0,,,-1914000000.0,-1320000000.0,
2017-09-30,,,,,,,,,1323000000.0,400000000.0,928000000.0,0.74,0.73,1197000000.0,1209000000.0,3761000000.0,,,,,,,,,2057000000.0,4904000000.0,187000000.0,,123271000000.0,,,,,,,,,106647000000.0,1279000000.0,-454000000.0,16624000000.0,123271000000.0,410000000.0,,,,,,85000000.0,,,-9000000.0,1967000000.0,3395000000.0,2747000000.0,722000000.0,,,,,,38000000.0,,,-3695000000.0,-1690000000.0,
2017-12-31,,,,,,,,,1871000000.0,614000000.0,1263000000.0,1.01,1.0,1186000000.0,1198000000.0,3981000000.0,,,,163000000.0,,,,,2064000000.0,4904000000.0,177000000.0,,124294000000.0,,,,,,,,,108102000000.0,1628000000.0,-749000000.0,16192000000.0,124294000000.0,537000000.0,,208000000.0,,,,405000000.0,,,110000000.0,2281000000.0,4580000000.0,3649000000.0,882000000.0,,,,,,-785000000.0,,,-2966000000.0,-1470000000.0,181000000.0
2018-03-31,,,,,,,,,542000000.0,128000000.0,414000000.0,0.35,0.35,1127000000.0,1141000000.0,3185000000.0,,,,,,,,,2065000000.0,4904000000.0,167000000.0,,122913000000.0,,,,,,,,,107047000000.0,1923000000.0,-1151000000.0,15866000000.0,122913000000.0,121000000.0,,,,,,61000000.0,,,-529000000.0,154000000.0,876000000.0,798000000.0,7000000.0,,,,,,-44000000.0,,,-906000000.0,-796000000.0,
2018-06-30,,,,,,,,,1009000000.0,217000000.0,789000000.0,0.67,0.67,1123000000.0,1135000000.0,4286000000.0,,,,,,,,,2050000000.0,4904000000.0,156000000.0,,124557000000.0,,,,,,,,,108780000000.0,2182000000.0,-1255000000.0,15777000000.0,124557000000.0,239000000.0,,,,,,92000000.0,,,-439000000.0,660000000.0,1774000000.0,1680000000.0,67000000.0,,,,,,-714000000.0,,,359000000.0,305000000.0,
2018-09-30,,,,,,,,,1464000000.0,302000000.0,1353000000.0,1.18,1.16,1111000000.0,1121000000.0,3495000000.0,,,,,,,,,2051000000.0,4829000000.0,122000000.0,,124578000000.0,,,,,,,,,109808000000.0,2582000000.0,-1394000000.0,14770000000.0,124578000000.0,355000000.0,,,,,,39000000.0,,,-432000000.0,1271000000.0,2760000000.0,2569000000.0,186000000.0,,,,,,-1834000000.0,,,77000000.0,-486000000.0,
2018-12-31,,,,,,,,,1955000000.0,387000000.0,1759000000.0,1.55,1.54,1092000000.0,1102000000.0,3538000000.0,,,,20000000.0,,,,,2045000000.0,4829000000.0,115000000.0,,125688000000.0,,,,,,,,,110598000000.0,2828000000.0,-964000000.0,15090000000.0,125688000000.0,462000000.0,,183000000.0,,,,-171000000.0,,,-470000000.0,2275000000.0,3410000000.0,3383000000.0,254000000.0,,,,,,-3045000000.0,,,327000000.0,-443000000.0,57000000.0
2019-03-31,,,,,,,,,499000000.0,105000000.0,394000000.0,0.37,0.37,1019000000.0,1028000000.0,3807000000.0,,,,,,,,,2026000000.0,4829000000.0,108000000.0,,128802000000.0,,,,,,,,,113279000000.0,3066000000.0,-598000000.0,15512000000.0,128802000000.0,105000000.0,,,,,,381000000.0,,,222000000.0,578000000.0,1241000000.0,799000000.0,139000000.0,,,,,,-1688000000.0,,,1379000000.0,269000000.0,
2019-06-30,,,,,,,,,982000000.0,198000000.0,784000000.0,0.74,0.74,1015000000.0,1020000000.0,4488000000.0,,,,,,,,,1950000000.0,4829000000.0,101000000.0,,127518000000.0,,,,,,,,,110910000000.0,3299000000.0,-21000000.0,16608000000.0,127518000000.0,212000000.0,,,,,,234000000.0,,,381000000.0,1321000000.0,5167000000.0,1682000000.0,4121000000.0,,,,,,35000000.0,,,-406000000.0,950000000.0,
2019-09-30,,,,,,,,,1498000000.0,305000000.0,1193000000.0,1.13,1.13,1005000000.0,1010000000.0,5067000000.0,,,,,,,,,1944000000.0,4845000000.0,111000000.0,,128147000000.0,,,,,,,,,111566000000.0,3534000000.0,295000000.0,16581000000.0,128147000000.0,321000000.0,,,,,,129000000.0,,,551000000.0,2084000000.0,7165000000.0,2619000000.0,4762000000.0,,,,,,222000000.0,,,-777000000.0,1529000000.0,
2019-12-31,,,,,,,,,1985000000.0,403000000.0,1582000000.0,1.51,1.5,995000000.0,999000000.0,,,,,461000000.0,,,,,1960000000.0,4845000000.0,105000000.0,,126240000000.0,,,,,,,,,109945000000.0,3751000000.0,-90000000.0,16295000000.0,126240000000.0,426000000.0,,62000000.0,,,,347000000.0,,,453000000.0,2581000000.0,8102000000.0,3532000000.0,5372000000.0,,,,,,509000000.0,,,-2514000000.0,576000000.0,85000000.0
2020-03-31,,,,,,,,,,42000000.0,162000000.0,0.15,0.14,957000000.0,961000000.0,5255000000.0,,,,,,,,,1935000000.0,4845000000.0,98000000.0,,133542000000.0,,,,,,,,,116210000000.0,3364000000.0,1324000000.0,17332000000.0,133542000000.0,100000000.0,,,,,,-41000000.0,,,221000000.0,787000000.0,1308000000.0,844000000.0,31000000.0,,,,,,-5280000000.0,,,5634000000.0,1141000000.0,
2020-06-30,,,,,,,,,,-47000000.0,-214000000.0,-0.25,-0.25,960000000.0,960000000.0,13198000000.0,,,,,,,,,1929000000.0,5193000000.0,137000000.0,,144070000000.0,,,,,,,,,126442000000.0,2978000000.0,1626000000.0,17602000000.0,144070000000.0,228000000.0,,,,,,-55000000.0,,,489000000.0,1644000000.0,2352000000.0,1909000000.0,102000000.0,,387000000.0,,,,-6416000000.0,,,13856000000.0,9084000000.0,
2020-09-30,,,,,,,,,,104000000.0,530000000.0,0.52,0.52,960000000.0,962000000.0,13473000000.0,,,,,,,,,1896000000.0,5187000000.0,129000000.0,,145180000000.0,,,,,,,,,127276000000.0,3330000000.0,1565000000.0,17904000000.0,145180000000.0,360000000.0,,,,,,0.0,,,513000000.0,2325000000.0,6396000000.0,3360000000.0,175000000.0,,381000000.0,,,,-6830000000.0,,,13864000000.0,9359000000.0,
2020-12-31,,,,,,,,,1314000000.0,220000000.0,1094000000.0,1.03,1.03,959000000.0,962000000.0,,,,,27000000.0,,,,,1897000000.0,5190000000.0,122000000.0,,147389000000.0,,,,,,,,,129278000000.0,3770000000.0,1315000000.0,18111000000.0,147389000000.0,421000000.0,,-158000000.0,,,,246000000.0,,,459000000.0,2324000000.0,8956000000.0,4921000000.0,304000000.0,,381000000.0,,,,-4853000000.0,,,16371000000.0,13842000000.0,132000000.0
2021-03-31,,,,,,,,,,180000000.0,642000000.0,0.64,0.63,961000000.0,968000000.0,24920000000.0,,,,,,,,,1852000000.0,5181000000.0,114000000.0,,153331000000.0,,,,,,,,,135469000000.0,4235000000.0,592000000.0,17862000000.0,153331000000.0,101000000.0,,,,,,96000000.0,,,-273000000.0,719000000.0,2005000000.0,1439000000.0,27000000.0,,,,,,-67000000.0,,,6312000000.0,6964000000.0,
2021-06-30,,,,,,,,,,411000000.0,1432000000.0,1.42,1.41,959000000.0,967000000.0,25594000000.0,,,,,,,,,1825000000.0,5181000000.0,108000000.0,,155610000000.0,,,,,,,,,137358000000.0,4836000000.0,651000000.0,18252000000.0,155610000000.0,195000000.0,,,,,,313000000.0,,,-128000000.0,1428000000.0,5790000000.0,2961000000.0,45000000.0,,0.0,,,,-1479000000.0,,,7689000000.0,7638000000.0,
2021-09-30,,,,,,,,,,591000000.0,2083000000.0,2.07,2.06,958000000.0,965000000.0,27507000000.0,,,,,,,,,1805000000.0,5181000000.0,101000000.0,,156153000000.0,,,,,,,,,137530000000.0,5296000000.0,532000000.0,18605000000.0,156153000000.0,293000000.0,,,,,,192000000.0,,,-84000000.0,2269000000.0,7128000000.0,4400000000.0,77000000.0,,0.0,,,,-352000000.0,,,7634000000.0,9551000000.0,
2021-12-31,,,,,,,,,,694000000.0,2521000000.0,2.51,2.49,956000000.0,963000000.0,,,,,24000000.0,,,,,1814000000.0,5744000000.0,305000000.0,,162938000000.0,,,,,,,,,144612000000.0,5550000000.0,289000000.0,18326000000.0,162938000000.0,371000000.0,,165000000.0,,,,231000000.0,,,-76000000.0,3030000000.0,8360000000.0,5848000000.0,83000000.0,,1182000000.0,,,,-2865000000.0,,,11290000000.0,11455000000.0,367000000.0
2022-03-31,,,,,,,,,,154000000.0,548000000.0,0.56,0.55,938000000.0,947000000.0,,,,,,,,,,1794000000.0,5748000000.0,292000000.0,,164082000000.0,,,,,,,,,147100000000.0,5915000000.0,-1214000000.0,16982000000.0,164082000000.0,105000000.0,,,,,,163000000.0,,,132000000.0,584000000.0,4359000000.0,1283000000.0,1085000000.0,,,,,,-3599000000.0,,,1549000000.0,-1466000000.0,
2022-06-30,,,,,,,,,,311000000.0,1131000000.0,1.16,1.15,936000000.0,943000000.0,,,,,,,,,,1768000000.0,5749000000.0,279000000.0,,160908000000.0,,,,,,,,,144401000000.0,6314000000.0,-2067000000.0,16507000000.0,160908000000.0,201000000.0,,,,,,620000000.0,,,637000000.0,1505000000.0,6789000000.0,2621000000.0,1106000000.0,,,,,,-8987000000.0,,,-1429000000.0,-8911000000.0,
2022-09-30,,,,,,,,,,444000000.0,1560000000.0,1.59,1.58,936000000.0,942000000.0,,,,,,,,,,1744000000.0,5739000000.0,266000000.0,,157798000000.0,,,,,,,,,142625000000.0,6531000000.0,-3632000000.0,15173000000.0,157798000000.0,284000000.0,,,,,,2024000000.0,,,1810000000.0,1826000000.0,8470000000.0,3588000000.0,1135000000.0,,,,,,-11072000000.0,,,-4499000000.0,-13745000000.0,
2022-12-31,,,,,,,,,,631000000.0,2245000000.0,2.29,2.28,935000000.0,942000000.0,,,,,943000000.0,,,,,1718000000.0,5733000000.0,249000000.0,,155220000000.0,,,,,,,,,139269000000.0,7004000000.0,-3343000000.0,15947000000.0,155220000000.0,353000000.0,,22000000.0,,,,2242000000.0,,,2092000000.0,3102000000.0,8991000000.0,4433000000.0,1309000000.0,,0.0,,,,-12941000000.0,,,-8345000000.0,-18184000000.0,336000000.0
2023-03-31,,,,,,,,,,177000000.0,612000000.0,0.63,0.62,935000000.0,942000000.0,,,,,,,,,,1705000000.0,5733000000.0,238000000.0,,154135000000.0,,,,,,,,,137233000000.0,7433000000.0,-2844000000.0,16883000000.0,154135000000.0,63000000.0,,,,,,-297000000.0,,,-742000000.0,196000000.0,662000000.0,729000000.0,28000000.0,,,,,,-1096000000.0,,,-1494000000.0,-2394000000.0,
2023-06-30,,,,,,,,,1517000000.0,324000000.0,1193000000.0,1.22,1.22,939000000.0,941000000.0,,,,,,,,,,1622000000.0,5733000000.0,226000000.0,,155656000000.0,,,,,,,,,138995000000.0,7802000000.0,-3440000000.0,16639000000.0,155656000000.0,124000000.0,,,,,,-4000000.0,,,-541000000.0,593000000.0,791000000.0,1499000000.0,33000000.0,,,,,,-1694000000.0,,,-240000000.0,-1341000000.0,
2023-09-30,,,,,,,,,2136000000.0,453000000.0,1683000000.0,1.72,1.71,939000000.0,940000000.0,,,,,,,,,,1616000000.0,5733000000.0,216000000.0,,153624000000.0,,,,,,,,,137499000000.0,8042000000.0,-4236000000.0,16100000000.0,153624000000.0,183000000.0,,,,,,225000000.0,,,-270000000.0,1453000000.0,1346000000.0,2245000000.0,49000000.0,,,,,,-1451000000.0,,,-2213000000.0,-2211000000.0,
2023-12-31,,,,,,,212000000.0,,2607000000.0,533000000.0,2074000000.0,2.11,2.11,936000000.0,938000000.0,,,,,741000000.0,,,,,1642000000.0,5733000000.0,205000000.0,,152194000000.0,,,,,,,,,134701000000.0,8186000000.0,-2812000000.0,17429000000.0,152194000000.0,236000000.0,,32000000.0,,,,-194000000.0,,,-659000000.0,2308000000.0,2610000000.0,2930000000.0,70000000.0,,0.0,,,,-1607000000.0,,,-5127000000.0,-4426000000.0,376000000.0
2024-03-31,,,,,,,,,464000000.0,96000000.0,368000000.0,0.37,0.37,921000000.0,923000000.0,,,,,,,,,,1635000000.0,5733000000.0,196000000.0,,154909000000.0,,,,,,,,,137831000000.0,8304000000.0,-3224000000.0,17044000000.0,154909000000.0,48000000.0,,,,,,130000000.0,,,-59000000.0,396000000.0,2077000000.0,702000000.0,1260000000.0,,,,,,1209000000.0,,,2844000000.0,4449000000.0,
2024-06-30,,,,,,,,,1089000000.0,220000000.0,869000000.0,0.89,0.89,919000000.0,920000000.0,,,,,,,,,,1630000000.0,5733000000.0,187000000.0,,154052000000.0,,,,,,,,,136850000000.0,8561000000.0,-3265000000.0,17169000000.0,154052000000.0,89000000.0,,,,,,249000000.0,,,15000000.0,557000000.0,4517000000.0,1480000000.0,2199000000.0,,,,,,-262000000.0,,,1383000000.0,1678000000.0,
2024-09-30,,,,,,,,,1697000000.0,338000000.0,1359000000.0,1.38,1.38,917000000.0,919000000.0,,,,,,,,,,1648000000.0,5733000000.0,178000000.0,,157426000000.0,,,,,,,,,138699000000.0,8778000000.0,-1894000000.0,18676000000.0,157426000000.0,123000000.0,,,,,,-332000000.0,,,-306000000.0,1818000000.0,8074000000.0,2356000000.0,3825000000.0,,,,,,-760000000.0,,,2662000000.0,3720000000.0,
,,,,,,,,,,,,,,,,,,,,,,,,,,,,,,,,,,,,,,,,,,,,,,,,,,,,,,,,,,,,,,,,,,,
