Date,Net sales,Cost of sales,Gross margin,Research and development,"Selling, general and administrative",Total operating expenses,Operating income,"Other income/(expense), net",Income before provision for income taxes,Provision for income taxes,Net income,Earnings per share basic,Earnings per share diluted,Weighted-average basic,Weighted-average diluted,Cash and cash equivalents,Short-term marketable securities,"Accounts receivable, net",Inventories,Deferred tax assets,Vendor non-trade receivables,Other current assets,Total current assets,Long-term marketable securities,"Property, Plant and Equipment, Net",Goodwill,"Acquired intangible assets, net","Other Assets, Noncurrent",Total assets,accounts payable,Accrued expenses,Deferred revenue,Total current liabilities,Deferred revenue - non-current,deferred tax liabilities,long term taxes payable,Total other non-current liabilities,Total liabilities,Retained Earnings (Accumulated Deficit),Accumulated other comprehensive (loss)/income,Total shareholders equity,Total liabilities and shareholders' equity,"Depreciation, amortization and accretion",Stock-based compensation expense,Deferred income tax expense,"Increase (Decrease) in Accounts receivable, net",Increase (Decrease) in Inventories,Increase (Decrease) in Other Receivables,Increase (Decrease) in Other Operating Assets,Increase (Decrease) in Accounts Payable,Increase (Decrease) in Deferred Revenue,Increase (Decrease) Other liabilities,Cash generated by operating activities,Purchases of marketable securities,Proceeds from maturities of marketable securities,Proceeds from sales of marketable securities,Purchases of other long-term investments,"Business acquisitions, net of cash acquired",Cash payments for capital asset purchases,Payments for acquisition of intangible assets,Payments for (Proceeds from) Other Investing Activities,Cash used in investing activities,Proceeds from issuance of common stock,Excess tax benefits from stock-based compensation,Cash generated/used in financing activities,Increase/(decrease) in cash and cash equivalents,"Cash paid for income taxes, net"
2010-06-30,2216268000.0,,,,,,,,256668000.0,97337000.0,159218000.0,1.28,1.28,119622000.0,120019000.0,866196000.0,,,,177960000.0,,,,,175603000.0,62575000.0,,,14880179000.0,,,,,,,,,12414259000.0,1854610000.0,-17565000.0,2219392000.0,14880179000.0,29354000.0,32042000.0,-35565000.0,-117658000.0,,87630000.0,,,,,8830000.0,0.0,115215000.0,,6773000.0,,17979000.0,,,2424747000.0,,-137000.0,-3875132000.0,-1439889000.0,121118000.0
2010-09-30,2979516000.0,,,,,,,,356144000.0,133625000.0,228283000.0,1.83,1.83,119335000.0,119592000.0,2943239000.0,,,,165208000.0,,,,,170768000.0,62575000.0,,,17883081000.0,,,,,,,,,15286213000.0,1909865000.0,-6197000.0,2302816000.0,17883081000.0,39527000.0,41845000.0,-25829000.0,-220476000.0,,,,-461604000.0,,,-1021393000.0,29977000.0,149961000.0,,23437000.0,,22287000.0,,,2366221000.0,,2280000.0,-712178000.0,633766000.0,161345000.0
2010-12-31,830333000.0,,,,,,,,126746000.0,48791000.0,81723000.0,0.65,0.65,121155000.0,121534000.0,1204883000.0,,,,181104000.0,,,,,171569000.0,62575000.0,,,14849838000.0,,,,,,,,,12131905000.0,1979572000.0,4204000.0,2406742000.0,14849838000.0,9574000.0,15832000.0,-18737000.0,46147000.0,,,,66780000.0,,,1212449000.0,1201000.0,34538000.0,,8648000.0,,9500000.0,,,-22002000.0,,293000.0,-2927110000.0,-1738356000.0,6688000.0
2011-03-31,1697077000.0,,,,,,,,250984000.0,94111000.0,162640000.0,1.29,1.29,122396000.0,123265000.0,1255168000.0,,,,187019000.0,,,,,168828000.0,62575000.0,,,15284179000.0,,,,,,,,,12464771000.0,2044007000.0,9931000.0,2507790000.0,15284179000.0,19802000.0,27041000.0,-25848000.0,-157246000.0,,,,390655000.0,,,1132977000.0,1832000.0,66615000.0,,-14328000.0,,15974000.0,,,101555000.0,,1069000.0,-2923581000.0,-1688071000.0,118750000.0
2011-06-30,2565289000.0,,,,,,,,332063000.0,125992000.0,209426000.0,1.66,1.65,123238000.0,123958000.0,1598688000.0,,,,206710000.0,,,,,172346000.0,71924000.0,,,16117109000.0,,,,,,,,,13251870000.0,2074315000.0,10903000.0,2558664000.0,16117109000.0,30330000.0,32969000.0,-43242000.0,-244615000.0,,,,383015000.0,,,1090155000.0,2328000.0,92049000.0,13767000.0,,,28170000.0,,,-3922000.0,,1772000.0,-2450951000.0,-1362917000.0,154275000.0
2011-09-30,3399886000.0,,,,,,,,450745000.0,182894000.0,278353000.0,2.2,2.19,122448000.0,122836000.0,2439695000.0,,,,171911000.0,,,,,169850000.0,71924000.0,,,18006995000.0,,,,,,,,,15095150000.0,2125818000.0,-9605000.0,2587619000.0,18006995000.0,40337000.0,40978000.0,-6008000.0,82163000.0,,,,1312192000.0,,,1558441000.0,238768000.0,130063000.0,13761000.0,,,37200000.0,,,-400143000.0,,2106000.0,-1679384000.0,-521910000.0,194233000.0
2011-12-31,798817000.0,,,,,,,,104648000.0,43526000.0,67325000.0,0.53,0.53,123225000.0,123712000.0,1916954000.0,,,,185919000.0,,,,,173901000.0,71924000.0,,,17891566000.0,,,,,,,,,14928612000.0,2171907000.0,-10446000.0,2636669000.0,17891566000.0,9971000.0,17410000.0,-10444000.0,-69322000.0,,,,141531000.0,,,-19991000.0,950000.0,40029000.0,0.0,,,13647000.0,,,-444308000.0,,1675000.0,-57931000.0,-522741000.0,10137000.0
2012-03-31,1688670000.0,,,,,,,,212550000.0,86154000.0,136194000.0,1.05,1.05,129353000.0,130644000.0,2875858000.0,,,,179893000.0,,,,,181752000.0,71924000.0,,,19275376000.0,,,,,,,,,15859505000.0,2222857000.0,3315000.0,3087853000.0,19275376000.0,20053000.0,30340000.0,-10033000.0,18653000.0,,,,83022000.0,,,69070000.0,111884000.0,61380000.0,0.0,,,31182000.0,,,-1052593000.0,362232000.0,2210000.0,1419573000.0,436163000.0,110488000.0
2012-06-30,2804432000.0,,,,,,,,350541000.0,134674000.0,212544000.0,1.61,1.6,135256000.0,136657000.0,1729035000.0,,,,188330000.0,,,,,223560000.0,286372000.0,,,21170555000.0,,,,,,,,,17588846000.0,2281407000.0,-4996000.0,3157696000.0,21170555000.0,38079000.0,41774000.0,-16389000.0,316477000.0,,,,-84289000.0,,,215787000.0,249381000.0,145860000.0,0.0,,1096631000.0,53572000.0,,,-2508601000.0,362823000.0,3001000.0,1583137000.0,-710660000.0,123715000.0
2012-09-30,3897900000.0,,,,,,,,467921000.0,175656000.0,295869000.0,2.22,2.2,130806000.0,131791000.0,1980020000.0,,,,168187000.0,,,,,231195000.0,300111000.0,61135000.0,,21160265000.0,,,,,,,,,17479983000.0,2346563000.0,9447000.0,3268940000.0,21160265000.0,51445000.0,55729000.0,2044000.0,69984000.0,,,,-424867000.0,,,391289000.0,249379000.0,173189000.0,0.0,,1073621000.0,77515000.0,,,-2731215000.0,362823000.0,2613000.0,1879275000.0,-459675000.0,176539000.0
2012-12-31,1137509000.0,,,,,,,,147167000.0,53273000.0,85874000.0,0.62,0.61,136524000.0,138694000.0,2187707000.0,,,,164541000.0,,,,,235733000.0,302419000.0,72091000.0,,22275971000.0,,,,,,,,,18466389000.0,2412561000.0,15899000.0,3379801000.0,22275971000.0,16418000.0,17783000.0,2104000.0,-225982000.0,,,,958958000.0,,,237989000.0,26000.0,35144000.0,,,6450000.0,18935000.0,,,-382624000.0,,2071000.0,354363000.0,207687000.0,10650000.0
2013-03-31,2307807000.0,,,,,,,,270164000.0,104330000.0,165834000.0,1.19,1.17,137817000.0,140722000.0,2174149000.0,,,,165550000.0,,,,,248849000.0,295486000.0,69388000.0,,22735145000.0,,,,,,,,,18823261000.0,2472960000.0,14514000.0,3470756000.0,22735145000.0,33011000.0,33688000.0,-196000.0,113581000.0,,,,867203000.0,,,176008000.0,62102000.0,62272000.0,13000.0,,6450000.0,46933000.0,,,-491279000.0,0.0,2512000.0,514111000.0,194129000.0,83111000.0
2013-06-30,3445535000.0,,,,,,,,402218000.0,152522000.0,249696000.0,1.79,1.76,138185000.0,141231000.0,2585545000.0,,,,168778000.0,,,,,251835000.0,295486000.0,67191000.0,,22214191000.0,,,,,,,,,18339049000.0,2537252000.0,7039000.0,3544195000.0,22214191000.0,48890000.0,48468000.0,-1537000.0,-29745000.0,,,,681963000.0,,,413177000.0,62102000.0,90758000.0,4619000.0,,6450000.0,65757000.0,,,-276324000.0,0.0,3442000.0,477170000.0,605525000.0,131952000.0
2013-09-30,4595798000.0,,,,,,,,593910000.0,197033000.0,367154000.0,2.64,2.58,137732000.0,140541000.0,2596616000.0,,,,195160000.0,,,,,244416000.0,295486000.0,65978000.0,,23186122000.0,,,,,,,,,19187785000.0,2635026000.0,10726000.0,3662924000.0,23186122000.0,66359000.0,61862000.0,-31789000.0,-88162000.0,,,,1307607000.0,,,659805000.0,62102000.0,117435000.0,4793000.0,,6450000.0,72879000.0,,,-651974000.0,0.0,2590000.0,615432000.0,616596000.0,189730000.0
2013-12-31,1208774000.0,,,,,,,,178924000.0,62291000.0,116633000.0,0.83,0.81,139089000.0,142597000.0,2801952000.0,,,,198997000.0,,,,,241109000.0,295486000.0,64144000.0,,21924495000.0,,,,,,,,,17798907000.0,2728175000.0,5545000.0,3782076000.0,21924495000.0,16609000.0,20876000.0,-4343000.0,-228526000.0,,,,-1812395000.0,,,16516000.0,1306000.0,51060000.0,370000.0,,0.0,12691000.0,,,-505294000.0,,5923000.0,695736000.0,205336000.0,78074000.0
2014-03-31,2413399000.0,,,,,,,,344388000.0,123195000.0,221193000.0,1.57,1.54,139888000.0,143636000.0,2641876000.0,,,,216882000.0,,,,,244984000.0,295486000.0,62360000.0,,22868902000.0,,,,,,,,,18660541000.0,2810190000.0,-1234000.0,3888304000.0,22868902000.0,32444000.0,37416000.0,-23518000.0,-80143000.0,,,,-1802701000.0,,,133093000.0,1305000.0,69665000.0,370000.0,,2007000.0,31320000.0,,,-1162469000.0,,9877000.0,1086940000.0,45260000.0,179488000.0
2014-06-30,3654682000.0,,,,,,,,535631000.0,191749000.0,343882000.0,2.44,2.38,140270000.0,143985000.0,2845757000.0,,,,219008000.0,,,,,244433000.0,295486000.0,60549000.0,,23070289000.0,,,,,,,,,18757111000.0,2910165000.0,6918000.0,4015176000.0,23070289000.0,48158000.0,51962000.0,-26154000.0,9915000.0,,,,-1984873000.0,,,450920000.0,1305000.0,86012000.0,27463000.0,,2007000.0,44104000.0,,,-1567428000.0,,8147000.0,1387237000.0,249141000.0,258211000.0
2014-09-30,4965460000.0,,,,,,,,715948000.0,267797000.0,480248000.0,3.41,3.32,139935000.0,143589000.0,2199063000.0,,,,231325000.0,,,,,245401000.0,295486000.0,58775000.0,,23325652000.0,,,,,,,,,18892396000.0,3023845000.0,-1888000.0,4141236000.0,23325652000.0,64163000.0,69609000.0,-35171000.0,159562000.0,,,,-1800957000.0,,,507587000.0,1305000.0,104407000.0,49937000.0,,2007000.0,60149000.0,,,-2096764000.0,0.0,7437000.0,1223961000.0,-397553000.0,319279000.0
2014-12-31,1279844000.0,,,,,,,,202908000.0,76612000.0,126296000.0,0.89,0.87,141246000.0,145282000.0,2649385000.0,,,,236925000.0,,,,,242540000.0,295486000.0,56988000.0,,24253246000.0,,,,,,,,,19695112000.0,3123498000.0,-8352000.0,4270665000.0,24253246000.0,16327000.0,22665000.0,-4090000.0,-259730000.0,,,,-91971000.0,,,239649000.0,0.0,17485000.0,0.0,,,13058000.0,,,-765438000.0,,9367000.0,989527000.0,450322000.0,66578000.0
2015-03-31,2592468000.0,,,,,,,,383228000.0,143469000.0,239759000.0,1.68,1.64,142320000.0,146188000.0,2540137000.0,,,,259456000.0,,,,,242071000.0,295486000.0,55187000.0,,24967935000.0,,,,,,,,,20316025000.0,3211083000.0,-22795000.0,4375425000.0,24967935000.0,33929000.0,40509000.0,-26277000.0,-259882000.0,,,,56800000.0,,,380686000.0,0.0,33855000.0,47000.0,,0.0,29643000.0,,,-1265646000.0,,7577000.0,1275903000.0,341074000.0,209571000.0
2015-06-30,3941181000.0,,,,,,,,591358000.0,218404000.0,372954000.0,2.61,2.55,143252000.0,146493000.0,2582081000.0,,,,259486000.0,,,,,249018000.0,295486000.0,59161000.0,,24808416000.0,,,,,,,,,20062127000.0,3316400000.0,-23292000.0,4472665000.0,24808416000.0,51051000.0,57352000.0,-24027000.0,3090000.0,,,,131702000.0,,,464786000.0,4201000.0,51909000.0,84784000.0,,,51665000.0,,,-934405000.0,,-6948000.0,909295000.0,383018000.0,311931000.0
2015-09-30,5308164000.0,,,,,,,,798174000.0,296034000.0,502140000.0,3.51,3.43,142548000.0,145939000.0,2601006000.0,,,,266899000.0,,,,,255875000.0,307635000.0,69327000.0,,26479684000.0,,,,,,,,,21693586000.0,3419719000.0,-40503000.0,4522031000.0,26479684000.0,68315000.0,71488000.0,-23462000.0,56394000.0,,,,594464000.0,,,899177000.0,92485000.0,69757000.0,84785000.0,,,74111000.0,,22201000.0,-2167959000.0,,-8115000.0,1725905000.0,401943000.0,378928000.0
2015-12-31,1301526000.0,,,,,,,,168338000.0,62009000.0,106329000.0,0.74,0.73,143058000.0,146141000.0,2596388000.0,,,,258770000.0,,,,,272103000.0,,,,26907327000.0,,,,,,,,,21986684000.0,3495513000.0,-50644000.0,4646814000.0,26907327000.0,17909000.0,22400000.0,6631000.0,-246998000.0,,,,76620000.0,,,227409000.0,77223000.0,21627000.0,,,,32581000.0,,,-856713000.0,,34791000.0,649410000.0,-4618000.0,33917000.0
2016-03-31,2642444000.0,,,,,,,,366456000.0,134280000.0,232176000.0,1.63,1.6,142273000.0,145047000.0,1479786000.0,,,,272644000.0,,,,,282285000.0,313005000.0,63959000.0,,27753211000.0,,,,,,,,,22875972000.0,3592753000.0,-50300000.0,4635290000.0,27753211000.0,35652000.0,42735000.0,-13295000.0,141555000.0,,,,632508000.0,,,-67850000.0,87676000.0,42729000.0,1530000.0,,,58180000.0,,,-1603760000.0,,34791000.0,560940000.0,-1121220000.0,124521000.0
2016-06-30,4029137000.0,,,,,,,,564221000.0,206541000.0,357680000.0,2.51,2.47,141902000.0,144618000.0,1978057000.0,,,,296619000.0,,,,,294994000.0,322193000.0,62700000.0,,28843431000.0,,,,,,,,,23849301000.0,3689244000.0,-55875000.0,4747459000.0,28843431000.0,53964000.0,60777000.0,-33857000.0,54626000.0,,,,598116000.0,,,-87222000.0,108931000.0,65723000.0,1530000.0,,,86518000.0,,6835000.0,-2039146000.0,,34791000.0,1517706000.0,-622949000.0,210789000.0
2016-09-30,5520344000.0,,,,,,,,800643000.0,271293000.0,529350000.0,3.72,3.65,141773000.0,144513000.0,1650452000.0,,,,322024000.0,,,,,321457000.0,408072000.0,96370000.0,,31593733000.0,,,,,,,,,26443817000.0,3832332000.0,-55733000.0,4914096000.0,31593733000.0,72383000.0,76426000.0,-58798000.0,621161000.0,,,,1817304000.0,,,-518324000.0,463202000.0,95961000.0,11062000.0,,175283000.0,121733000.0,,4049000.0,-2981819000.0,,35121000.0,2578733000.0,-950554000.0,303793000.0
2016-12-31,1528768000.0,,,,,,,,206379000.0,59812000.0,146567000.0,1.03,1.0,142110000.0,145675000.0,2528275000.0,,,,318160000.0,,,,,382298000.0,,,,31669390000.0,,,,,,,,,26464789000.0,3947074000.0,-33140000.0,5080877000.0,31669390000.0,19941000.0,40545000.0,10928000.0,-91410000.0,,,,-507562000.0,,,807775000.0,377235000.0,56647000.0,7308000.0,,,78659000.0,,-2341000.0,-1105149000.0,,,1201335000.0,877823000.0,13710000.0
2017-03-31,3129082000.0,,,,,,,,371892000.0,112570000.0,259322000.0,1.81,1.77,143367000.0,146779000.0,2636326000.0,,,,,,,,,409543000.0,407012000.0,89210000.0,,32928731000.0,,,,,,,,,27600514000.0,4027927000.0,-27434000.0,5207748000.0,32928731000.0,40959000.0,66015000.0,-38181000.0,-23233000.0,,,,-431259000.0,,,1092139000.0,1012238000.0,115976000.0,32841000.0,,,123338000.0,,-2399000.0,-1935002000.0,,,1864605000.0,985874000.0,144672000.0
2017-09-30,6524875000.0,,,,,,,,925346000.0,289111000.0,636235000.0,4.43,4.33,143275000.0,146647000.0,3669672000.0,,,,313486000.0,,,,,437374000.0,410723000.0,82460000.0,,34883456000.0,,,,,,,,,29190105000.0,4340054000.0,-15199000.0,5581713000.0,34883456000.0,84132000.0,96164000.0,-11617000.0,50917000.0,,,-97391000.0,-1133283000.0,,,1305936000.0,1732790000.0,299343000.0,93774000.0,,0.0,189994000.0,,3042000.0,-3376070000.0,,,4064563000.0,2019220000.0,349009000.0
2017-12-31,1765592000.0,,,,,,,,311243000.0,192401000.0,118842000.0,0.82,0.8,144469000.0,148261000.0,3897529000.0,,,,,,,,,454115000.0,479775000.0,171564000.0,,36084899000.0,,,,,,,,,30281944000.0,4420368000.0,-20454000.0,5696748000.0,36084899000.0,23289000.0,34417000.0,121273000.0,-123512000.0,,,18799000.0,466763000.0,,,325619000.0,339580000.0,114139000.0,0.0,,159200000.0,35949000.0,,29669000.0,-1073876000.0,,,979232000.0,227857000.0,8515000.0
2018-03-31,3622826000.0,,,,,,,,642614000.0,280925000.0,361689000.0,2.49,2.43,145385000.0,149037000.0,3139938000.0,,,,,,,,,468347000.0,478933000.0,167876000.0,,36030871000.0,,,,,,,,,29988649000.0,4626064000.0,-22523000.0,5940987000.0,36030871000.0,46785000.0,58568000.0,105188000.0,125519000.0,,,49266000.0,770279000.0,,,987033000.0,654847000.0,234417000.0,0.0,,159200000.0,70438000.0,,17643000.0,-1814692000.0,,,312067000.0,-529734000.0,82673000.0
2018-06-30,5513728000.0,,,,,,,,960672000.0,366725000.0,593947000.0,4.08,3.99,145634000.0,149447000.0,3179751000.0,,,,,,,,,471603000.0,477556000.0,164231000.0,,36364109000.0,,,,,,,,,30114058000.0,4814603000.0,-26593000.0,6157363000.0,36364109000.0,71930000.0,80724000.0,98846000.0,149237000.0,,,48812000.0,-183746000.0,,,989149000.0,899243000.0,359537000.0,0.0,,159200000.0,96114000.0,,-32215000.0,-2497628000.0,,,1042104000.0,-489921000.0,191760000.0
2018-09-30,7475821000.0,,,,,,,,1310655000.0,453960000.0,856695000.0,5.89,5.75,145271000.0,148838000.0,3500306000.0,,,,203125000.0,,,,,486274000.0,478251000.0,160846000.0,,37412924000.0,,,,,,,,,30960578000.0,5033059000.0,-26929000.0,6368461000.0,37412924000.0,98735000.0,103054000.0,116549000.0,522372000.0,,,-27371000.0,345996000.0,,,1903327000.0,1124203000.0,495465000.0,45449000.0,,159200000.0,133586000.0,,-25438000.0,-3475914000.0,,,1420182000.0,-169366000.0,231136000.0
2018-12-31,2004000000.0,,,,,,,,332000000.0,83000000.0,249000000.0,1.73,1.69,144200000.0,147300000.0,4322000000.0,,,,,,,,,490000000.0,476000000.0,,,38544000000.0,,,,,,,,,32319000000.0,5236000000.0,-39000000.0,6143000000.0,38544000000.0,26000000.0,37000000.0,6000000.0,-446000000.0,,,22000000.0,-242000000.0,,,225000000.0,291000000.0,151000000.0,,,0.0,27000000.0,,34000000.0,-533000000.0,,,1526000000.0,,10000000.0
2019-03-31,3938000000.0,,,,,,,,679000000.0,169000000.0,510000000.0,3.58,3.51,142500000.0,145400000.0,3831000000.0,,,,,,,,,498000000.0,476000000.0,,,38176000000.0,,,,,,,,,31741000000.0,5448000000.0,-25000000.0,6366000000.0,38176000000.0,53000000.0,65000000.0,-1000000.0,-587000000.0,,,118000000.0,-1088000000.0,,,20000000.0,509000000.0,295000000.0,,,0.0,59000000.0,,42000000.0,-910000000.0,,,1099000000.0,,188000000.0
2019-06-30,5938000000.0,,,,,,,,1021000000.0,252000000.0,769000000.0,5.42,5.3,141800000.0,144800000.0,3596000000.0,,,,,,,,,518000000.0,484000000.0,,,38677000000.0,,,,,,,,,32113000000.0,5659000000.0,-14000000.0,6502000000.0,38677000000.0,81000000.0,88000000.0,-22000000.0,-679000000.0,,,83000000.0,-1300000000.0,,,-101000000.0,689000000.0,456000000.0,,,5000000.0,102000000.0,,30000000.0,-1386000000.0,,,1510000000.0,,295000000.0
2019-09-30,8023000000.0,,,,,,,,,341000000.0,1034000000.0,7.32,7.17,141000000.0,144000000.0,3957000000.0,,,,231000000.0,,,,,527000000.0,464000000.0,147000000.0,,38830000000.0,,,,,,,,,32187000000.0,5874000000.0,-23000000.0,6581000000.0,38830000000.0,112000000.0,112000000.0,-23000000.0,-696000000.0,,,85000000.0,-1231000000.0,,,577000000.0,1027000000.0,644000000.0,0.0,,5000000.0,138000000.0,,1000000.0,-1897000000.0,,,1373000000.0,30000000.0,390000000.0
2019-12-31,2060000000.0,,,,,,,,359000000.0,91000000.0,268000000.0,1.93,1.89,138300000.0,141500000.0,4109000000.0,,,,,,,,,536000000.0,465000000.0,,,40154000000.0,,,,,,,,,33251000000.0,6086000000.0,-5000000.0,6842000000.0,40154000000.0,30000000.0,43000000.0,16000000.0,-188000000.0,,,81000000.0,465000000.0,,,546000000.0,314000000.0,206000000.0,,,,36000000.0,,18000000.0,-502000000.0,,,654000000.0,719000000.0,9000000.0
2020-03-31,4171000000.0,,,,,,,,598000000.0,161000000.0,437000000.0,3.15,3.09,138400000.0,141300000.0,10648000000.0,,,,,,,,,543000000.0,463000000.0,,,49809000000.0,,,,,,,,,42975000000.0,6205000000.0,-11000000.0,6798000000.0,49809000000.0,58000000.0,74000000.0,-14000000.0,203000000.0,,,176000000.0,2937000000.0,,,2943000000.0,1403000000.0,435000000.0,,,,71000000.0,,10000000.0,-2090000000.0,,,7951000000.0,8722000000.0,176000000.0
2020-06-30,6047000000.0,,,,,,,,796000000.0,187000000.0,609000000.0,4.41,4.33,137900000.0,140500000.0,5632000000.0,,,,,,,,,537000000.0,465000000.0,,,44682000000.0,,,,,,,,,37667000000.0,6326000000.0,1000000.0,6965000000.0,44682000000.0,88000000.0,97000000.0,-13000000.0,-126000000.0,,,64000000.0,1621000000.0,,,2655000000.0,3147000000.0,744000000.0,222000000.0,,5000000.0,97000000.0,,31000000.0,-3020000000.0,,,3258000000.0,2866000000.0,202000000.0
2020-09-30,8168000000.0,,,,,,,,1052000000.0,234000000.0,818000000.0,5.94,5.83,137600000.0,140200000.0,5390000000.0,,,,262000000.0,,,,,535000000.0,466000000.0,134000000.0,,47482000000.0,,,,,,,,,40306000000.0,6484000000.0,11000000.0,7114000000.0,47482000000.0,119000000.0,120000000.0,-39000000.0,-127000000.0,,,13000000.0,2486000000.0,,,4054000000.0,5710000000.0,1188000000.0,222000000.0,,5000000.0,124000000.0,,54000000.0,-4985000000.0,,,4593000000.0,3663000000.0,246000000.0
2020-12-31,2260000000.0,,,,,,,,399000000.0,87000000.0,312000000.0,2.27,2.23,136800000.0,139700000.0,5377000000.0,,,,,,,,,534000000.0,606000000.0,,,53657000000.0,,,,,,,,,46219000000.0,6702000000.0,17000000.0,7363000000.0,53657000000.0,32000000.0,43000000.0,18000000.0,-254000000.0,,,530000000.0,4953000000.0,,,1904000000.0,1243000000.0,544000000.0,519000000.0,,218000000.0,25000000.0,,12000000.0,-1123000000.0,,,908000000.0,1762000000.0,67000000.0
2021-03-31,4669000000.0,,,,,,,,846000000.0,179000000.0,667000000.0,4.85,4.74,137800000.0,141200000.0,5851000000.0,,,,,,,,,543000000.0,636000000.0,,,56066000000.0,,,,,,,,,48429000000.0,7004000000.0,-38000000.0,7592000000.0,56066000000.0,64000000.0,74000000.0,27000000.0,123000000.0,,,23000000.0,5471000000.0,,,716000000.0,2273000000.0,1067000000.0,519000000.0,,245000000.0,62000000.0,,11000000.0,-2437000000.0,,,2269000000.0,641000000.0,248000000.0
2021-06-30,7180000000.0,,,,,,,,1231000000.0,257000000.0,974000000.0,7.09,6.92,137200000.0,141100000.0,5982000000.0,,,,,,,,,552000000.0,637000000.0,,,57161000000.0,,,,,,,,,49243000000.0,7257000000.0,-10000000.0,7863000000.0,57161000000.0,97000000.0,103000000.0,-24000000.0,425000000.0,,,238000000.0,4673000000.0,,,2124000000.0,3081000000.0,1658000000.0,969000000.0,,245000000.0,99000000.0,,-13000000.0,-3157000000.0,,,3149000000.0,2230000000.0,335000000.0
2021-09-30,9910000000.0,,,,,,,,1791000000.0,388000000.0,1403000000.0,6.81,6.63,205700000.0,211200000.0,7201000000.0,,,,305000000.0,,,,,499000000.0,660000000.0,222000000.0,,61891000000.0,,,,,,,,,53588000000.0,7633000000.0,-41000000.0,8245000000.0,61891000000.0,134000000.0,132000000.0,-37000000.0,420000000.0,,,-16000000.0,7284000000.0,,,6625000000.0,4218000000.0,2181000000.0,969000000.0,,266000000.0,74000000.0,,-8000000.0,-5140000000.0,,,5254000000.0,6815000000.0,437000000.0
2021-12-31,2818000000.0,,,,,,,,558000000.0,112000000.0,446000000.0,2.16,2.1,206300000.0,212400000.0,8216000000.0,,,,,,,,,491000000.0,660000000.0,,,68461000000.0,,,,,,,,,59809000000.0,8003000000.0,-87000000.0,8600000000.0,68461000000.0,35000000.0,65000000.0,14000000.0,-197000000.0,,,431000000.0,5021000000.0,,,-2287000000.0,824000000.0,501000000.0,0.0,,0.0,19000000.0,,26000000.0,-1555000000.0,,,1497000000.0,-2342000000.0,12000000.0
2022-03-31,5529000000.0,,,,,,,,991000000.0,222000000.0,769000000.0,3.71,3.61,207700000.0,213000000.0,5715000000.0,,,,,,,,,493000000.0,818000000.0,,,73101000000.0,,,,,,,,,64492000000.0,8256000000.0,-389000000.0,8602000000.0,73101000000.0,69000000.0,109000000.0,12000000.0,299000000.0,,,39000000.0,6556000000.0,,,-1170000000.0,1992000000.0,952000000.0,0.0,80000000.0,-1671000000.0,42000000.0,,71000000.0,-2403000000.0,,,2025000000.0,-1597000000.0,293000000.0
2022-06-30,8307000000.0,,,,,,,,1406000000.0,336000000.0,1070000000.0,5.12,4.99,210700000.0,215700000.0,5958000000.0,,,,,,,,,507000000.0,1335000000.0,,,86111000000.0,,,,,,,,,76619000000.0,8478000000.0,-576000000.0,9515000000.0,86111000000.0,105000000.0,149000000.0,23000000.0,57000000.0,,,97000000.0,2985000000.0,,,4570000000.0,2743000000.0,1346000000.0,2000000.0,,-1769000000.0,68000000.0,,81000000.0,-5119000000.0,,,4598000000.0,3760000000.0,386000000.0
2022-09-30,11308000000.0,,,,,,,,2022000000.0,513000000.0,1509000000.0,7.16,6.98,209900000.0,215300000.0,6178000000.0,,,,616000000.0,,,,,503000000.0,1422000000.0,509000000.0,,80951000000.0,,,,,,,,,71519000000.0,8843000000.0,-982000000.0,9458000000.0,80951000000.0,145000000.0,192000000.0,-16000000.0,203000000.0,,,126000000.0,-4213000000.0,,,72000000.0,3069000000.0,1712000000.0,52000000.0,,-1461000000.0,91000000.0,,93000000.0,-7151000000.0,,,5879000000.0,-1790000000.0,524000000.0
2022-12-31,3027000000.0,,,,,,,,652000000.0,143000000.0,509000000.0,2.36,2.3,214700000.0,220400000.0,6177000000.0,,,,,,,,,502000000.0,1435000000.0,,,77047000000.0,,,,,,,,,67217000000.0,9254000000.0,-891000000.0,9856000000.0,77047000000.0,40000000.0,81000000.0,25000000.0,-477000000.0,,,-8000000.0,-3882000000.0,,,-3136000000.0,153000000.0,326000000.0,,,,27000000.0,,31000000.0,-666000000.0,,,221000000.0,-3366000000.0,13000000.0
2023-03-31,6184000000.0,,,,,,,,1209000000.0,273000000.0,936000000.0,4.33,4.23,214500000.0,219700000.0,8663000000.0,,,,,,,,,515000000.0,1438000000.0,,,79180000000.0,,,,,,,,,69211000000.0,9590000000.0,-798000000.0,9995000000.0,79180000000.0,81000000.0,138000000.0,-4000000.0,-145000000.0,,,65000000.0,-4892000000.0,,,-3760000000.0,325000000.0,639000000.0,,,0.0,69000000.0,,44000000.0,-319000000.0,,,2522000000.0,-1299000000.0,389000000.0
2023-06-30,9477000000.0,,,,,,,,1695000000.0,390000000.0,1305000000.0,6.09,5.95,213000000.0,218000000.0,8375000000.0,,,,,,,,,542000000.0,1443000000.0,,,77633000000.0,,,,,,,,,67711000000.0,9870000000.0,-842000000.0,9949000000.0,77633000000.0,123000000.0,192000000.0,-22000000.0,-456000000.0,,,43000000.0,-5764000000.0,,,-3948000000.0,561000000.0,977000000.0,0.0,,0.0,122000000.0,,61000000.0,68000000.0,,,1089000000.0,-2445000000.0,536000000.0
2023-09-30,12992000000.0,,,,,,,,2280000000.0,541000000.0,1739000000.0,8.16,7.97,211800000.0,216900000.0,9313000000.0,,,,703000000.0,,,,,561000000.0,1437000000.0,470000000.0,,78360000000.0,,,,,,,,,68173000000.0,10213000000.0,-971000000.0,10214000000.0,78360000000.0,165000000.0,237000000.0,-88000000.0,-257000000.0,,,52000000.0,-6088000000.0,,,-3514000000.0,611000000.0,1262000000.0,0.0,,0.0,173000000.0,,69000000.0,-274000000.0,,,1438000000.0,-2111000000.0,565000000.0
2023-12-31,3520000000.0,,,,,,,,630000000.0,132000000.0,498000000.0,2.38,2.32,208600000.0,213800000.0,10206000000.0,,,,,,,,,580000000.0,1444000000.0,,,80130000000.0,,,,,,,,,69349000000.0,10609000000.0,-693000000.0,10790000000.0,80130000000.0,42000000.0,90000000.0,-9000000.0,-304000000.0,,,40000000.0,161000000.0,,,543000000.0,51000000.0,295000000.0,,,,50000000.0,,26000000.0,-176000000.0,,,907000000.0,1389000000.0,24000000.0
2024-03-31,7158000000.0,,,,,,,,1239000000.0,265000000.0,974000000.0,4.65,4.54,208400000.0,213500000.0,10001000000.0,,,,,,,,,596000000.0,1442000000.0,,,81232000000.0,,,,,,,,,70253000000.0,10988000000.0,-724000000.0,10984000000.0,81232000000.0,87000000.0,147000000.0,-26000000.0,569000000.0,,,33000000.0,583000000.0,,,934000000.0,348000000.0,733000000.0,,,,99000000.0,,73000000.0,-109000000.0,,,266000000.0,1158000000.0,373000000.0
2024-06-30,10920000000.0,,,,,,,,1883000000.0,417000000.0,1466000000.0,7.02,6.85,207900000.0,213100000.0,9095000000.0,,,,,,,,,618000000.0,1442000000.0,,,80628000000.0,,,,,,,,,69438000000.0,11385000000.0,-717000000.0,11197000000.0,80628000000.0,132000000.0,201000000.0,-28000000.0,509000000.0,,,18000000.0,72000000.0,,,1645000000.0,397000000.0,1279000000.0,,,,155000000.0,,69000000.0,-757000000.0,,,-756000000.0,188000000.0,548000000.0
2024-09-30,14923000000.0,,,,,,,,,575000000.0,2068000000.0,9.94,9.7,207100000.0,212300000.0,10998000000.0,,,,647000000.0,,,,,635000000.0,1451000000.0,435000000.0,,82992000000.0,,,,,,,,,71325000000.0,11894000000.0,-502000000.0,11673000000.0,82992000000.0,179000000.0,254000000.0,-83000000.0,362000000.0,,,-9000000.0,91000000.0,,,2155000000.0,503000000.0,2010000000.0,0.0,,0.0,205000000.0,,64000000.0,-968000000.0,,,438000000.0,1800000000.0,664000000.0
,,,,,,,,,,,,,,,,,,,,,,,,,,,,,,,,,,,,,,,,,,,,,,,,,,,,,,,,,,,,,,,,,,,
,,,,,,,,,,,,,,,,,,,,,,,,,,,,,,,,,,,,,,,,,,,,,,,,,,,,,,,,,,,,,,,,,,,
