Date,Net sales,Cost of sales,Gross margin,Research and development,"Selling, general and administrative",Total operating expenses,Operating income,"Other income/(expense), net",Income before provision for income taxes,Provision for income taxes,Net income,Earnings per share basic,Earnings per share diluted,Weighted-average basic,Weighted-average diluted,Cash and cash equivalents,Short-term marketable securities,"Accounts receivable, net",Inventories,Deferred tax assets,Vendor non-trade receivables,Other current assets,Total current assets,Long-term marketable securities,"Property, Plant and Equipment, Net",Goodwill,"Acquired intangible assets, net","Other Assets, Noncurrent",Total assets,accounts payable,Accrued expenses,Deferred revenue,Total current liabilities,Deferred revenue - non-current,deferred tax liabilities,long term taxes payable,Total other non-current liabilities,Total liabilities,Retained Earnings (Accumulated Deficit),Accumulated other comprehensive (loss)/income,Total shareholders equity,Total liabilities and shareholders' equity,"Depreciation, amortization and accretion",Stock-based compensation expense,Deferred income tax expense,"Increase (Decrease) in Accounts receivable, net",Increase (Decrease) in Inventories,Increase (Decrease) in Other Receivables,Increase (Decrease) in Other Operating Assets,Increase (Decrease) in Accounts Payable,Increase (Decrease) in Deferred Revenue,Increase (Decrease) Other liabilities,Cash generated by operating activities,Purchases of marketable securities,Proceeds from maturities of marketable securities,Proceeds from sales of marketable securities,Purchases of other long-term investments,"Business acquisitions, net of cash acquired",Cash payments for capital asset purchases,Payments for acquisition of intangible assets,Payments for (Proceeds from) Other Investing Activities,Cash used in investing activities,Proceeds from issuance of common stock,Excess tax benefits from stock-based compensation,Cash generated/used in financing activities,Increase/(decrease) in cash and cash equivalents,"Cash paid for income taxes, net"
2010-09-30,282012000.0,,173954000.0,19739000.0,84791000.0,107560000.0,66394000.0,10160000.0,76554000.0,19846000.0,56708000.0,0.37,0.36,151474000.0,156752000.0,540004000.0,,,214208000.0,14525000.0,,,1068511000.0,,423940000.0,222327000.0,49985000.0,7297000.0,1792230000.0,43071000.0,84770000.0,35455000.0,286315000.0,14741000.0,11344000.0,2985000.0,,315385000.0,941584000.0,212336000.0,,1792230000.0,15642000.0,8350000.0,,-11715000.0,12555000.0,,,,,,59143000.0,,,,,21150000.0,15333000.0,1464000.0,,-30908000.0,13756000.0,2397000.0,-36484000.0,51228000.0,
2010-12-31,587998000.0,,359953000.0,41712000.0,176371000.0,223687000.0,136266000.0,19208000.0,155474000.0,40310000.0,115164000.0,0.76,0.73,152420000.0,157593000.0,616201000.0,,,214886000.0,7447000.0,,66060000.0,1145254000.0,,441049000.0,219220000.0,50627000.0,8232000.0,1884211000.0,44329000.0,92527000.0,37030000.0,246592000.0,14986000.0,9615000.0,2216000.0,,273409000.0,1000040000.0,253949000.0,,1884211000.0,32988000.0,16503000.0,,-1720000.0,9036000.0,,,,,,127454000.0,,,,,21150000.0,33119000.0,3609000.0,,-46778000.0,53742000.0,8550000.0,-38451000.0,127425000.0,
2011-03-31,901255000.0,,542455000.0,65032000.0,268920000.0,342228000.0,200227000.0,26271000.0,226498000.0,57984000.0,168514000.0,1.11,1.07,153251.0,157616.0,671704000.0,,,205000000.0,12220000.0,,54493000.0,1202658000.0,,447669000.0,230855000.0,49236000.0,11742000.0,1962159000.0,52370000.0,90353000.0,42133000.0,191371000.0,16588000.0,9376000.0,1434000.0,,298769000.0,1053390000.0,282585000.0,,1962159000.0,51108000.0,23196000.0,,11489000.0,-3579000.0,,,,,,208862000.0,,,,,22450000.0,49163000.0,4992000.0,,-61374000.0,74362000.0,11566000.0,-59791000.0,182928000.0,
2011-06-30,1243148000.0,,741326000.0,92007000.0,371249000.0,474402000.0,266924000.0,36783000.0,303707000.0,76721000.0,226986000.0,1.49,1.44,152471000.0,157195000.0,735267000.0,,,200777000.0,24106000.0,,58887000.0,1292452000.0,,462107000.0,235487000.0,47911000.0,12043000.0,2068922000.0,55194000.0,103787000.0,45125000.0,208840000.0,17237000.0,8051000.0,4057000.0,,338185000.0,1111862000.0,324432000.0,,2068922000.0,70616000.0,30809000.0,3356000.0,30799000.0,-11394000.0,,,,,,283190000.0,,,,,22450000.0,66609000.0,6431000.0,,-76511000.0,94650000.0,14510000.0,-79343000.0,246491000.0,
2011-09-30,314774000.0,,185054000.0,26206000.0,94203000.0,124180000.0,60874000.0,5623000.0,66497000.0,15979000.0,50518000.0,0.34,0.33,150366000.0,154051000.0,610063000.0,,,187950000.0,13357000.0,,77884000.0,1142799000.0,,432687000.0,267688000.0,63940000.0,8374000.0,1935292000.0,46688000.0,103274000.0,41918000.0,225714000.0,16979000.0,9465000.0,4116000.0,,386274000.0,1162380000.0,200211000.0,,1935292000.0,20410000.0,7205000.0,,-14290000.0,-4243000.0,,,,,,89523000.0,,,,,51923000.0,12878000.0,1686000.0,,-71685000.0,9354000.0,856000.0,-83943000.0,-125204000.0,
2011-12-31,647513000.0,,383770000.0,53424000.0,194755000.0,255641000.0,128129000.0,21299000.0,149428000.0,36038000.0,113390000.0,0.76,0.75,148368000.0,151835000.0,723233000.0,,,184420000.0,13598000.0,,84655000.0,1246767000.0,,441000000.0,261109000.0,,13552000.0,2041478000.0,45763000.0,112286000.0,41840000.0,228357000.0,15755000.0,7921000.0,3370000.0,,480403000.0,1225252000.0,240877000.0,,2041478000.0,43404000.0,14590000.0,,-26310000.0,-8936000.0,,,,,,200156000.0,,,,,51923000.0,25189000.0,3781000.0,,-87653000.0,19935000.0,1796000.0,-94249000.0,-12034000.0,
2012-03-31,996586000.0,,594266000.0,81822000.0,295712000.0,389589000.0,204677000.0,28759000.0,233436000.0,55433000.0,178003000.0,1.21,1.18,146931000.0,150295000.0,776067000.0,,,183488000.0,13683000.0,,81501000.0,1325851000.0,,443090000.0,267823000.0,,12135000.0,2128843000.0,54726000.0,122772000.0,43728000.0,257479000.0,15761000.0,8112000.0,3538000.0,,519890000.0,1289865000.0,264034000.0,,2128843000.0,63430000.0,22445000.0,,243000.0,-12774000.0,,,,,,286182000.0,,,,,53322000.0,35067000.0,5506000.0,,-93464000.0,37438000.0,3877000.0,-130216000.0,40800000.0,
2012-06-30,1368515000.0,,820735000.0,109733000.0,401621000.0,526328000.0,294407000.0,37538000.0,331945000.0,77095000.0,254850000.0,1.75,1.71,145901000.0,149316000.0,809541000.0,,,174351000.0,33174000.0,,72227000.0,1361151000.0,,434363000.0,256209000.0,,7819000.0,2137869000.0,55006000.0,127381000.0,41563000.0,252852000.0,14384000.0,8843000.0,3380000.0,,530242000.0,1366712000.0,236456000.0,,2137869000.0,85856000.0,30586000.0,-12622000.0,20293000.0,-18806000.0,,,,,,383159000.0,,,,,53322000.0,47135000.0,6972000.0,,-101615000.0,62491000.0,8748000.0,-177105000.0,74274000.0,
2012-09-30,339731000.0,,208648000.0,27220000.0,98303000.0,128159000.0,80489000.0,10412000.0,90901000.0,19636000.0,71265000.0,0.5,0.49,142651000.0,146055000.0,890629000.0,,,193172000.0,24754000.0,,72034000.0,1450217000.0,,438357000.0,273280000.0,,5596000.0,2244659000.0,52914000.0,132100000.0,42978000.0,253031000.0,14301000.0,9167000.0,3452000.0,,545736000.0,1413711000.0,255313000.0,,2244659000.0,18650000.0,7921000.0,,-18397000.0,16698000.0,,,,,,78254000.0,,,,,5418000.0,13831000.0,1035000.0,,-14983000.0,21667000.0,3760000.0,7690000.0,81088000.0,
2012-12-31,716269000.0,,441360000.0,57546000.0,206118000.0,268802000.0,172558000.0,16743000.0,189301000.0,40094000.0,149207000.0,1.04,1.02,143214000.0,146689000.0,958280000.0,,,194804000.0,21872000.0,,70293000.0,1529851000.0,,439575000.0,279384000.0,,3962000.0,2330375000.0,52119000.0,135372000.0,43784000.0,251068000.0,14055000.0,9373000.0,3569000.0,,578863000.0,1467230000.0,267476000.0,,2330375000.0,37947000.0,17443000.0,,-5758000.0,16497000.0,,,,,,171901000.0,,,,,5418000.0,27635000.0,4801000.0,,-30511000.0,33308000.0,8219000.0,-7020000.0,148739000.0,
2013-03-31,1099850000.0,,680809000.0,88735000.0,315745000.0,412151000.0,268658000.0,28634000.0,297292000.0,63172000.0,234120000.0,1.64,1.6,143293000.0,146643000.0,1012698000.0,,,166483000.0,25267000.0,,75873000.0,1579875000.0,,444495000.0,272796000.0,,5267000.0,2374956000.0,49385000.0,127850000.0,44172000.0,580421000.0,12863000.0,9262000.0,3486000.0,,606798000.0,1527893000.0,259115000.0,,2374956000.0,58621000.0,27658000.0,,9214000.0,-9863000.0,,,,,,278901000.0,,,,,5418000.0,47576000.0,5853000.0,,-51515000.0,49883000.0,12757000.0,-37455000.0,203157000.0,
2013-06-30,1514457000.0,,940657000.0,120124000.0,430802000.0,585833000.0,354824000.0,30295000.0,385119000.0,77986000.0,307133000.0,2.15,2.1,142954000.0,146410000.0,876048000.0,,,145847000.0,48083000.0,,61143000.0,1448849000.0,,411433000.0,274829000.0,,5918000.0,2210721000.0,60688000.0,137674000.0,44953000.0,574049000.0,11928000.0,9895000.0,3564000.0,,600205000.0,1576641000.0,92088000.0,,2210721000.0,78280000.0,38157000.0,-18680000.0,37267000.0,-27143000.0,,,,,,402823000.0,,,,,5418000.0,63579000.0,8203000.0,,-78000000.0,69239000.0,18307000.0,-153927000.0,66507000.0,
2013-09-30,357662000.0,,227982000.0,27363000.0,101323000.0,131098000.0,96884000.0,5186000.0,102070000.0,21140000.0,80930000.0,0.57,0.56,142005000.0,145456000.0,976574000.0,,,175355000.0,43324000.0,,77268000.0,1557934000.0,,416745000.0,283445000.0,,5220000.0,2334635000.0,57125000.0,135847000.0,43908000.0,611082000.0,12125000.0,14539000.0,3564000.0,,642100000.0,1622093000.0,130291000.0,,2334635000.0,17870000.0,10816000.0,,-40268000.0,26847000.0,,,,,,90425000.0,,,,,,16752000.0,1679000.0,,-21592000.0,6470000.0,2241000.0,9960000.0,100526000.0,
2013-12-31,742003000.0,,476740000.0,56900000.0,213071000.0,274837000.0,201903000.0,9627000.0,211530000.0,43964000.0,167566000.0,1.18,1.15,142202000.0,145412000.0,972675000.0,,,178077000.0,32721000.0,,75077000.0,1564132000.0,,414344000.0,290045000.0,,7714000.0,2345588000.0,56235000.0,141946000.0,42648000.0,242811000.0,14193000.0,10274000.0,3564000.0,,706636000.0,1673082000.0,78923000.0,,2345588000.0,36450000.0,21460000.0,,-22061000.0,29634000.0,,,,,,174590000.0,,,,,3172000.0,36426000.0,3343000.0,,-48950000.0,10136000.0,9486000.0,-12648000.0,96627000.0,61724000.0
2014-03-31,1139762000.0,,728528000.0,86430000.0,328172000.0,421927000.0,306601000.0,17842000.0,324443000.0,66908000.0,257535000.0,1.82,1.78,141774000.0,144758000.0,938563000.0,,,164888000.0,36021000.0,,79128000.0,1563902000.0,,429049000.0,290785000.0,,11668000.0,2364566000.0,55483000.0,142082000.0,42182000.0,246892000.0,15585000.0,10081000.0,5318000.0,,673661000.0,1727789000.0,129535000.0,,2364566000.0,53631000.0,32679000.0,,12873000.0,15735000.0,,,,,,275685000.0,,,,,3172000.0,54210000.0,5691000.0,,-72151000.0,15624000.0,11388000.0,-157081000.0,62515000.0,76127000.0
2014-06-30,1554973000.0,,989786000.0,118226000.0,450414000.0,584699000.0,405087000.0,25991000.0,431078000.0,85805000.0,345273000.0,2.44,2.39,141474000.0,144359000.0,905730000.0,,359593000.0,165418000.0,39230000.0,,,1556209000.0,,434277000.0,289312000.0,,17211000.0,2360962000.0,85405000.0,130656000.0,42370000.0,269558000.0,16352000.0,10716000.0,5318000.0,,602714000.0,1780396000.0,151557000.0,1758248000.0,2360962000.0,73454000.0,43457000.0,9865000.0,35108000.0,15851000.0,,,,,,391268000.0,,,,,3852000.0,72722000.0,8434000.0,,-94987000.0,33354000.0,16335000.0,-297316000.0,29682000.0,90183000.0
2014-09-30,380399000.0,,237313000.0,30024000.0,110520000.0,142638000.0,94675000.0,7255000.0,101930000.0,18670000.0,83260000.0,0.59,0.58,140127000.0,142683000.0,881694000.0,,328591000.0,197226000.0,36270000.0,,,1534750000.0,,419786000.0,277264000.0,,17633000.0,2309453000.0,76248000.0,124235000.0,39543000.0,254296000.0,14489000.0,10002000.0,1754000.0,,656242000.0,1824457000.0,26449000.0,1653211000.0,2309453000.0,18582000.0,11367000.0,,-20804000.0,37897000.0,,,,,,86536000.0,,,,,7318000.0,20681000.0,2366000.0,,-41603000.0,4930000.0,2575000.0,-3965000.0,-24036000.0,14373000.0
2014-12-31,803351000.0,,500535000.0,59318000.0,233041000.0,296714000.0,203821000.0,13620000.0,217441000.0,43001000.0,174440000.0,1.25,1.22,140104000.0,142468000.0,880695000.0,,340427000.0,218062000.0,29675000.0,,,1558491000.0,,408219000.0,272619000.0,,28146000.0,2326562000.0,80004000.0,134071000.0,36883000.0,259610000.0,17472000.0,9615000.0,1754000.0,,738114000.0,1876359000.0,-81500000.0,1588448000.0,2326562000.0,37451000.0,23084000.0,,-11067000.0,64406000.0,,,,,,192538000.0,,,,,17781000.0,39675000.0,4810000.0,,-100598000.0,9931000.0,10889000.0,6811000.0,-25035000.0,28930000.0
2015-03-31,1225848000.0,,751966000.0,86342000.0,349377000.0,442277000.0,309689000.0,22111000.0,331800000.0,66376000.0,265424000.0,1.89,1.86,140792000.0,142813000.0,866325000.0,,345485000.0,225191000.0,31846000.0,,,1552770000.0,,384160000.0,255580000.0,,28815000.0,2278029000.0,70900000.0,131770000.0,37295000.0,256404000.0,14184000.0,8831000.0,1754000.0,,741754000.0,1927958000.0,-199503000.0,1536275000.0,2278029000.0,55310000.0,34802000.0,,14814000.0,80793000.0,,,,,,283479000.0,,,,,26956000.0,50266000.0,7109000.0,,-119595000.0,23176000.0,20738000.0,-19228000.0,-39405000.0,33831000.0
2015-06-30,1678912000.0,,1011396000.0,114865000.0,478627000.0,602160000.0,409236000.0,26680000.0,435916000.0,83030000.0,352886000.0,2.51,2.47,140468000.0,142687000.0,717249000.0,,362568000.0,246859000.0,40008000.0,,,1444182000.0,,387758000.0,264261000.0,,28389000.0,2184260000.0,81112000.0,132976000.0,36097000.0,267259000.0,19284000.0,8062000.0,1754000.0,,596953000.0,1976020000.0,-173516000.0,1587307000.0,2184260000.0,73056000.0,47855000.0,3014000.0,28259000.0,99524000.0,,,,,,383180000.0,,,,,29407000.0,62502000.0,9442000.0,,-143071000.0,38806000.0,24959000.0,-255791000.0,-188481000.0,48533000.0
2015-09-30,411647000.0,,238619000.0,27192000.0,111095000.0,140594000.0,98025000.0,1419000.0,99444000.0,19041000.0,80403000.0,0.57,0.57,140309000.0,141946000.0,822053000.0,,327168000.0,258609000.0,41494000.0,,,1532800000.0,,368984000.0,262818000.0,,35487000.0,2254679000.0,77482000.0,117651000.0,34848000.0,257307000.0,23446000.0,7968000.0,1754000.0,2804000.0,793866000.0,2014344000.0,-295624000.0,1460813000.0,2254679000.0,18403000.0,12383000.0,,-30498000.0,17194000.0,,,,,,122072000.0,,,,,,16403000.0,2423000.0,,-62749000.0,4352000.0,2536000.0,106944000.0,104804000.0,18118000.0
2015-12-31,866187000.0,,505128000.0,56162000.0,229314000.0,299126000.0,206002000.0,7137000.0,213139000.0,42220000.0,170919000.0,1.22,1.21,140118000.0,141532000.0,658804000.0,,331747000.0,237463000.0,32731000.0,,,1350841000.0,,375224000.0,373087000.0,,38374000.0,2239011000.0,67580000.0,147662000.0,36101000.0,265570000.0,28928000.0,15665000.0,1754000.0,2232000.0,714740000.0,2062885000.0,-260937000.0,1524271000.0,2239011000.0,39920000.0,23841000.0,,-24533000.0,-8751000.0,,,,,,269512000.0,,,,,152118000.0,30934000.0,4902000.0,,-223862000.0,8066000.0,10710000.0,-68616000.0,-58445000.0,39182000.0
2016-03-31,1320066000.0,,765008000.0,84271000.0,352214000.0,454693000.0,310315000.0,11819000.0,322134000.0,62757000.0,259377000.0,1.85,1.83,140187000.0,141399000.0,718495000.0,,358171000.0,232930000.0,,,,1400094000.0,,386771000.0,458276000.0,,40726000.0,2444610000.0,77642000.0,152403000.0,38481000.0,286508000.0,36509000.0,8297000.0,1754000.0,2522000.0,771199000.0,2109371000.0,-180839000.0,1673411000.0,2444610000.0,59827000.0,34779000.0,,-2798000.0,-26012000.0,,,,,,391661000.0,,,,,242645000.0,44133000.0,6891000.0,,-307595000.0,16937000.0,13312000.0,-82155000.0,1246000.0,55679000.0
2016-06-30,1838713000.0,,1066497000.0,118651000.0,488057000.0,637545000.0,428952000.0,10614000.0,439566000.0,87157000.0,352409000.0,2.51,2.49,140242000.0,141669000.0,731434000.0,,382086000.0,224456000.0,46435000.0,,,1419719000.0,,384276000.0,1059245000.0,,40391000.0,3258935000.0,92571000.0,156805000.0,50009000.0,638551000.0,40281000.0,9061000.0,,1211000.0,1564104000.0,2160299000.0,-222658000.0,1694831000.0,3258935000.0,86849000.0,46408000.0,-996000.0,27307000.0,-30492000.0,,,,,,547933000.0,,,,,1041864000.0,58534000.0,9295000.0,,-1125754000.0,27694000.0,,612584000.0,14185000.0,68966000.0
2016-09-30,,,269184000.0,34446000.0,128851000.0,175038000.0,94146000.0,-1221000.0,92925000.0,16818000.0,76107000.0,0.54,0.54,140785000.0,142090000.0,781658000.0,,347137000.0,253828000.0,,,,1474852000.0,,390797000.0,1062758000.0,,41258000.0,3322264000.0,80489000.0,153969000.0,47665000.0,620555000.0,45736000.0,8920000.0,,974000.0,1549696000.0,2190028000.0,-192935000.0,1772568000.0,3322264000.0,27775000.0,12049000.0,,-36207000.0,28073000.0,,,,,,86243000.0,,,,,3090000.0,14560000.0,2471000.0,,-13169000.0,6330000.0,,-40048000.0,50224000.0,28261000.0
2016-12-31,,,578254000.0,72637000.0,268158000.0,387215000.0,191039000.0,-1908000.0,189131000.0,36282000.0,152849000.0,1.08,1.08,141310000.0,142097000.0,788146000.0,,383992000.0,253108000.0,,,,1520274000.0,,375928000.0,1046304000.0,,43013000.0,3322570000.0,94100000.0,216225000.0,46389000.0,682395000.0,46682000.0,13789000.0,,864000.0,1612420000.0,2220283000.0,-299983000.0,1710150000.0,3322570000.0,55504000.0,22802000.0,,7080000.0,36104000.0,,,,,,206142000.0,,,,,3184000.0,29247000.0,4603000.0,,-32692000.0,9816000.0,,-88049000.0,56712000.0,60282000.0
2017-03-31,,,877969000.0,107761000.0,406028000.0,579532000.0,298437000.0,-1316000.0,297121000.0,56449000.0,240672000.0,1.7,1.69,141714000.0,142724000.0,827310000.0,,413612000.0,259870000.0,,,,1605361000.0,,387412000.0,1050083000.0,,45730000.0,3422563000.0,82846000.0,169896000.0,48682000.0,336278000.0,49135000.0,12988000.0,,856000.0,1567607000.0,2261425000.0,-213101000.0,1854956000.0,3422563000.0,83989000.0,34263000.0,,32793000.0,38146000.0,,,,,,273740000.0,,,,,3394000.0,43857000.0,6980000.0,,-50610000.0,15255000.0,,-140973000.0,95876000.0,76721000.0
2017-06-30,2066737000.0,,1201745000.0,144467000.0,553968000.0,775947000.0,425798000.0,-7055000.0,418743000.0,76459000.0,342284000.0,2.42,2.4,141360000.0,142453000.0,821935000.0,,450530000.0,268319000.0,47681000.0,,,1644003000.0,,394241000.0,1064874000.0,,42066000.0,3468487000.0,92763000.0,186295000.0,51918000.0,360126000.0,53235000.0,13822000.0,,2427000.0,1508221000.0,2316237000.0,-189059000.0,1960266000.0,3468487000.0,112157000.0,45925000.0,-4462000.0,63604000.0,41599000.0,,,,,,414053000.0,,,,,7274000.0,62219000.0,9257000.0,,-81890000.0,30161000.0,,-262867000.0,90501000.0,92901000.0
2017-09-30,,,305605000.0,37415000.0,143849000.0,193047000.0,112558000.0,-4073000.0,108485000.0,22360000.0,86125000.0,0.61,0.6,142247000.0,143480000.0,811102000.0,,431354000.0,300472000.0,,,,1657946000.0,,400795000.0,1072298000.0,,43706000.0,3489617000.0,85082000.0,179228000.0,53294000.0,351585000.0,55692000.0,11566000.0,,2375000.0,1440089000.0,2352664000.0,-152670000.0,2049528000.0,3489617000.0,29571000.0,11948000.0,,-23317000.0,26942000.0,,,,,,93983000.0,,,,,,16030000.0,2242000.0,,-15424000.0,3615000.0,,-106083000.0,-10833000.0,30157000.0
2017-12-31,,,655397000.0,78058000.0,295666000.0,396823000.0,258574000.0,-8324000.0,250250000.0,154599000.0,95651000.0,0.67,0.67,142715000.0,143855000.0,858899000.0,,482934000.0,296062000.0,,,,1754349000.0,,401537000.0,1075315000.0,,42050000.0,3564000000.0,78351000.0,189368000.0,53284000.0,1356411000.0,63289000.0,13141000.0,109414000.0,2217000.0,1544472000.0,2312335000.0,-148220000.0,2019528000.0,3564000000.0,58945000.0,23958000.0,,26145000.0,20760000.0,,,,,,226534000.0,,,,,,32000000.0,4624000.0,,-43679000.0,6587000.0,,-161507000.0,36964000.0,51456000.0
2018-03-31,,,999692000.0,115492000.0,443559000.0,604745000.0,394947000.0,-14553000.0,380394000.0,174617000.0,205777000.0,1.44,1.43,142898000.0,143985000.0,704281000.0,,498425000.0,288703000.0,,,,1604406000.0,,397981000.0,1080948000.0,,176368000.0,3534208000.0,88157000.0,190733000.0,58001000.0,461460000.0,66834000.0,12758000.0,113719000.0,2473000.0,1467244000.0,2372487000.0,-155613000.0,2066964000.0,3534208000.0,88256000.0,35933000.0,,39421000.0,11146000.0,,,,,,375610000.0,,,,,482000.0,44961000.0,6743000.0,,-63298000.0,9603000.0,,-438026000.0,-117654000.0,75119000.0
2018-06-30,2340196000.0,,1362164000.0,155149000.0,600369000.0,820333000.0,541831000.0,-20519000.0,521312000.0,205724000.0,315588000.0,2.21,2.19,142764000.0,143987000.0,188701000.0,,483681000.0,268701000.0,40734000.0,,,1065717000.0,,386550000.0,1068944000.0,,273710000.0,3063923000.0,92723000.0,185805000.0,60828000.0,511249000.0,71596000.0,13084000.0,138102000.0,924000.0,1004943000.0,2432328000.0,-224328000.0,2058980000.0,3063923000.0,119960000.0,48412000.0,6947000.0,32356000.0,-1494000.0,,,,,,505026000.0,,,,,902000.0,62581000.0,8876000.0,,-101824000.0,23332000.0,,-1026694000.0,-633234000.0,170653000.0
2018-09-30,588279000.0,245186000.0,343093000.0,38791000.0,147303000.0,198961000.0,144132000.0,-5251000.0,138881000.0,33144000.0,105737000.0,0.74,0.73,142668000.0,144030000.0,230188000.0,,463743000.0,282555000.0,,,,1088243000.0,,381822000.0,1192030000.0,,117024000.0,3067538000.0,98709000.0,169465000.0,64822000.0,421108000.0,,16091000.0,138102000.0,534000.0,1167282000.0,2296473000.0,-237200000.0,1900256000.0,3067538000.0,30424000.0,12477000.0,,-20342000.0,15661000.0,,,,,,48119000.0,,,,,126439000.0,12994000.0,2611000.0,,-148189000.0,389000.0,,144824000.0,41487000.0,125005000.0
2018-12-31,1239380000.0,512556000.0,726824000.0,81902000.0,308881000.0,425613000.0,301211000.0,-16056000.0,285155000.0,54778000.0,230377000.0,1.61,1.6,142923000.0,144418000.0,149468000.0,,477191000.0,296511000.0,,,,1063539000.0,,381505000.0,1759045000.0,,138098000.0,3859816000.0,110335000.0,191564000.0,72685000.0,436443000.0,,79057000.0,125999000.0,,1903772000.0,2368339000.0,-250317000.0,1956044000.0,3859816000.0,66453000.0,25011000.0,,-32366000.0,30570000.0,,,,,,177587000.0,,,,,739249000.0,31425000.0,4643000.0,,-806411000.0,12784000.0,-27340000.0,595035000.0,-39233000.0,192497000.0
2019-03-31,1901608000.0,782874000.0,1118734000.0,129513000.0,473410000.0,660547000.0,458187000.0,-35105000.0,423082000.0,87291000.0,335791000.0,2.35,2.33,143316000.0,144344000.0,146513000.0,,511403000.0,319930000.0,,,,1102696000.0,,382496000.0,1939136000.0,,125733000.0,4098526000.0,124466000.0,191130000.0,82288000.0,462969000.0,,87312000.0,125999000.0,865000.0,2077197000.0,2420731000.0,-252818000.0,2021329000.0,4098526000.0,108203000.0,37856000.0,,1482000.0,55002000.0,,,,,,317233000.0,,,,,951565000.0,46507000.0,6556000.0,,-1031818000.0,15346000.0,-27880000.0,678218000.0,-42188000.0,211816000.0
2019-06-30,2606600000.0,1069987000.0,1536585000.0,180651000.0,645010000.0,957322000.0,579263000.0,-60416000.0,518847000.0,114255000.0,404592000.0,2.83,2.8,143111000.0,144484000.0,147128000.0,,528484000.0,349641000.0,34098000.0,,,1145366000.0,,387460000.0,1856449000.0,,150979000.0,4107682000.0,115725000.0,266359000.0,88667000.0,555991000.0,,11380000.0,126056000.0,2058000.0,2035489000.0,2436410000.0,-253009000.0,2072193000.0,4107682000.0,150795000.0,52073000.0,-49538000.0,18013000.0,84188000.0,,,,,,459051000.0,,,,,951383000.0,68710000.0,8632000.0,,-1075706000.0,36727000.0,-28104000.0,580643000.0,-41573000.0,242860000.0
2019-09-30,681100000.0,276001000.0,405055000.0,48033000.0,167440000.0,233953000.0,171102000.0,-20515000.0,150587000.0,30439000.0,120148000.0,0.84,0.83,143719000.0,145099000.0,172154000.0,,493836000.0,357033000.0,,,,1161098000.0,,382970000.0,1856427000.0,,141334000.0,4154558000.0,109742000.0,231253000.0,86954000.0,550457000.0,,15177000.0,112910000.0,2047000.0,2037307000.0,2500506000.0,-290585000.0,2117251000.0,4154558000.0,37954000.0,13256000.0,,-28286000.0,14204000.0,,,,,,162363000.0,,,,,,22671000.0,2069000.0,,-33224000.0,5609000.0,-326000.0,-100074000.0,25026000.0,30937000.0
2019-12-31,1417213000.0,598464000.0,818749000.0,97976000.0,338862000.0,449837000.0,368912000.0,-39573000.0,329339000.0,48637000.0,280702000.0,1.95,1.93,144212000.0,145575000.0,204095000.0,,528039000.0,377784000.0,,,,1300485000.0,,408364000.0,1870647000.0,,163948000.0,4353939000.0,114322000.0,217847000.0,92950000.0,500045000.0,,,112910000.0,2062000.0,2095833000.0,2604910000.0,-246118000.0,2258106000.0,4353939000.0,77077000.0,27309000.0,,275000.0,28294000.0,,,,,,232295000.0,,,,,3423000.0,47771000.0,4871000.0,,-76842000.0,24297000.0,-41091000.0,-99310000.0,56967000.0,141948000.0
2020-03-31,2186669000.0,918256000.0,1268413000.0,149425000.0,511304000.0,682001000.0,586412000.0,-65418000.0,520994000.0,77155000.0,443839000.0,3.08,3.05,144638000.0,145680000.0,352861000.0,,554859000.0,358772000.0,,,,1469758000.0,,397209000.0,1884458000.0,,140557000.0,4510543000.0,116148000.0,235201000.0,97110000.0,551519000.0,,,112910000.0,7527000.0,2254112000.0,2711639000.0,-366436000.0,2256431000.0,4510543000.0,116341000.0,41421000.0,,34140000.0,22564000.0,,,,,,471990000.0,,,,,27910000.0,77360000.0,7391000.0,,-176454000.0,26112000.0,-45106000.0,-80918000.0,205733000.0,150801000.0
2020-06-30,2957013000.0,1239227000.0,1717786000.0,201946000.0,676689000.0,908127000.0,809659000.0,-76571000.0,733088000.0,111414000.0,621674000.0,4.31,4.27,144338000.0,145652000.0,463156000.0,,474643000.0,416915000.0,28054000.0,,,1523459000.0,,417335000.0,1890324000.0,,148677000.0,4587376000.0,135786000.0,270353000.0,98617000.0,602761000.0,,,112910000.0,8347000.0,2090349000.0,2832991000.0,-283982000.0,2497027000.0,4587376000.0,154850000.0,57559000.0,-29876000.0,-54383000.0,69881000.0,,,,,,802255000.0,,,,,27910000.0,95330000.0,10608000.0,,-179861000.0,48182000.0,-46061000.0,-317286000.0,316028000.0,180359000.0
2020-09-30,751944000.0,313283000.0,438661000.0,54533000.0,158989000.0,221765000.0,216896000.0,-1042000.0,215854000.0,37482000.0,178372000.0,1.23,1.22,144900000.0,146100000.0,421414000.0,,464892000.0,478006000.0,,,,1542609000.0,,424819000.0,1899743000.0,,145518000.0,4620844000.0,117589000.0,269859000.0,102035000.0,590853000.0,,,90051000.0,8568000.0,1941984000.0,2953709000.0,-240191000.0,2678860000.0,4620844000.0,39466000.0,16071000.0,,-16110000.0,52396000.0,,,,,,143999000.0,,,,,,13501000.0,5237000.0,,-22110000.0,1026000.0,227000.0,-175258000.0,-41742000.0,51370000.0
2020-12-31,1551955000.0,650811000.0,901144000.0,109468000.0,328459000.0,462532000.0,438612000.0,-12166000.0,426446000.0,68560000.0,357886000.0,2.47,2.45,145246000.0,146421000.0,255865000.0,,509364000.0,474821000.0,,,,1451485000.0,,459472000.0,1910492000.0,,157490000.0,4572856000.0,122166000.0,280332000.0,105238000.0,577335000.0,,,90051000.0,9481000.0,1707872000.0,3076569000.0,-163151000.0,2864984000.0,4572856000.0,80046000.0,31441000.0,,19259000.0,34212000.0,,,,,,313915000.0,,,,,437000.0,48443000.0,8367000.0,,-51771000.0,18614000.0,-46507000.0,-492058000.0,-207291000.0,138247000.0
2021-03-31,2320722000.0,972319000.0,1348403000.0,165409000.0,488904000.0,686363000.0,662040000.0,-17589000.0,644451000.0,365046000.0,279405000.0,1.92,1.91,145513000.0,146394000.0,230635000.0,,525014000.0,484061000.0,,,,1466150000.0,,455106000.0,1925991000.0,,150227000.0,4585724000.0,117222000.0,304693000.0,105342000.0,876541000.0,,,60198000.0,6067000.0,1876490000.0,2941336000.0,-195973000.0,2709234000.0,4585724000.0,120034000.0,47032000.0,,39899000.0,48393000.0,,,,,,510193000.0,,,,,30704000.0,74805000.0,11149000.0,,-110390000.0,18759000.0,-49938000.0,-650596000.0,-232521000.0,180307000.0
2021-06-30,3196825000.0,1357725000.0,1839100000.0,225284000.0,670387000.0,935422000.0,903678000.0,-20016000.0,883662000.0,409157000.0,474505000.0,3.27,3.24,145313000.0,146451000.0,295278000.0,,614292000.0,457033000.0,68585000.0,,,1574757000.0,,463490000.0,1927901000.0,,160916000.0,4728125000.0,138008000.0,320599000.0,109611000.0,911766000.0,,,62933000.0,6802000.0,1842446000.0,3079640000.0,-193487000.0,2885679000.0,4728125000.0,156758000.0,63927000.0,-16587000.0,129195000.0,21954000.0,,,,,,736718000.0,,,,,39067000.0,102712000.0,14114000.0,,-158462000.0,37790000.0,-50209000.0,-764632000.0,-167878000.0,221359000.0
2021-09-30,904015000.0,397726000.0,506289000.0,59950000.0,176719000.0,244376000.0,261913000.0,-3125000.0,258788000.0,55175000.0,203613000.0,1.4,1.39,145680000.0,146860000.0,276149000.0,,575554000.0,506644000.0,,,,1586255000.0,,467344000.0,1922037000.0,,162991000.0,4729167000.0,173696000.0,274106000.0,112528000.0,624158000.0,,,53244000.0,5981000.0,1703118000.0,3222064000.0,-217003000.0,3026049000.0,4729167000.0,39102000.0,17303000.0,,-33704000.0,55976000.0,,,,,,-65657000.0,,,,,,27340000.0,4453000.0,,-41874000.0,4354000.0,-195000.0,92970000.0,-19129000.0,345909000.0
2021-12-31,1798890000.0,788282000.0,1010608000.0,122457000.0,362082000.0,499984000.0,510624000.0,-14550000.0,496074000.0,90710000.0,405364000.0,2.78,2.76,145990000.0,147044000.0,194476000.0,,526036000.0,592146000.0,,,,1547240000.0,,477778000.0,1951459000.0,,165538000.0,4734742000.0,163369000.0,286803000.0,111647000.0,621064000.0,,,53244000.0,6350000.0,1588907000.0,3362570000.0,-223095000.0,3145835000.0,4734742000.0,79891000.0,33404000.0,,-82469000.0,139249000.0,,,,,,154222000.0,,,,,35915000.0,57747000.0,13737000.0,,-125182000.0,23455000.0,-50025000.0,-125004000.0,-100802000.0,382903000.0
2022-03-31,2663390000.0,1161585000.0,1501805000.0,189258000.0,544483000.0,756916000.0,744889000.0,-22495000.0,722394000.0,138018000.0,584376000.0,4.0,3.97,146240000.0,147034000.0,201769000.0,,508580000.0,664943000.0,,,,1704300000.0,,513250000.0,1946317000.0,,169400000.0,4905264000.0,149797000.0,326276000.0,112449000.0,667265000.0,,,53298000.0,5103000.0,1626460000.0,3480163000.0,-224141000.0,3278804000.0,4905264000.0,122198000.0,49265000.0,,-98158000.0,209476000.0,,,,,,271661000.0,,,,,35915000.0,106192000.0,17449000.0,,-174677000.0,26269000.0,,-185862000.0,-93509000.0,432268000.0
2022-06-30,3578127000.0,1553816000.0,2024311000.0,253575000.0,739372000.0,1024025000.0,1000286000.0,-39803000.0,960483000.0,181046000.0,779437000.0,5.34,5.3,146066000.0,147043000.0,273710000.0,,575950000.0,743910000.0,70032000.0,,131265000.0,1931478000.0,,498181000.0,1936442000.0,,171748000.0,5095853000.0,159245000.0,344722000.0,108667000.0,689299000.0,,,48882000.0,5974000.0,1735102000.0,3613736000.0,-312747000.0,3360751000.0,5095853000.0,159609000.0,65257000.0,-11818000.0,-19346000.0,311681000.0,,,,,,351147000.0,,,,,42784000.0,134835000.0,21201000.0,,-229918000.0,47384000.0,,-128363000.0,-21568000.0,478120000.0
2022-09-30,950294000.0,409484000.0,540810000.0,63188000.0,193933000.0,265071000.0,275739000.0,-13946000.0,261793000.0,51315000.0,210478000.0,1.44,1.43,146431000.0,147134000.0,207163000.0,,620483000.0,864852000.0,,,126134000.0,2033697000.0,,487376000.0,1938843000.0,,173429000.0,5177560000.0,181485000.0,324055000.0,108195000.0,692659000.0,,,37076000.0,5838000.0,1744673000.0,3759783000.0,-406128000.0,3432887000.0,5177560000.0,36273000.0,16919000.0,,56238000.0,147096000.0,,,,,,44662000.0,,,,,19100000.0,29056000.0,3317000.0,,-58806000.0,2610000.0,,-41880000.0,-66547000.0,53437000.0
2022-12-31,1984038000.0,863514000.0,1120524000.0,133062000.0,404860000.0,564592000.0,555932000.0,-20448000.0,535484000.0,100092000.0,435392000.0,2.97,2.95,146704000.0,147405000.0,253199000.0,,672271000.0,988955000.0,,,147441000.0,2325156000.0,,522745000.0,2767179000.0,,260162000.0,6676104000.0,196003000.0,312169000.0,133909000.0,732714000.0,,,37183000.0,50603000.0,2937977000.0,3920197000.0,-270168000.0,3738127000.0,6676104000.0,74040000.0,33383000.0,,75823000.0,233116000.0,,,,,,173298000.0,,,,,1011225000.0,56406000.0,7636000.0,,-1085218000.0,24666000.0,,891022000.0,-20511000.0,107985000.0
2023-03-31,3100936000.0,1362661000.0,1738275000.0,209498000.0,633317000.0,881673000.0,856602000.0,-31740000.0,824862000.0,156970000.0,667892000.0,4.55,4.53,146914000.0,147400000.0,227894000.0,,686264000.0,1011269000.0,,,155510000.0,2337815000.0,,528778000.0,2783624000.0,,270873000.0,6713879000.0,161896000.0,347354000.0,141043000.0,761691000.0,,,37183000.0,69553000.0,2781370000.0,4088057000.0,-261877000.0,3932509000.0,6713879000.0,118396000.0,51215000.0,,88452000.0,255091000.0,,,,,,455863000.0,,,,,1011225000.0,85223000.0,10043000.0,,-1113322000.0,25649000.0,,611465000.0,-45816000.0,145566000.0
2023-06-30,4222993000.0,1867331000.0,2355662000.0,287642000.0,874003000.0,1223791000.0,1131871000.0,-30207000.0,1101664000.0,204108000.0,897556000.0,6.12,6.09,146765000.0,147455000.0,227891000.0,,704909000.0,998012000.0,42324000.0,,179925000.0,2367830000.0,,537856000.0,2770299000.0,,262453000.0,6751708000.0,150756000.0,365660000.0,138072000.0,758533000.0,,,37183000.0,68166000.0,2621805000.0,4253016000.0,-272528000.0,4129903000.0,6751708000.0,165156000.0,71142000.0,-45432000.0,106511000.0,248833000.0,,,,,,693299000.0,,,,,1012749000.0,119672000.0,14328000.0,,-1159845000.0,49142000.0,,422874000.0,-45819000.0,216866000.0
2023-09-30,1102321000.0,502261000.0,600060000.0,75710000.0,222874000.0,311063000.0,288997000.0,-16806000.0,272191000.0,52769000.0,219422000.0,1.49,1.49,147075000.0,147486000.0,209100000.0,,692388000.0,958233000.0,,,161664000.0,2304585000.0,,533985000.0,2812142000.0,,265109000.0,6740786000.0,177048000.0,348263000.0,146718000.0,770802000.0,,,12157000.0,34328000.0,2490410000.0,4401841000.0,-320148000.0,4250376000.0,6740786000.0,44934000.0,18510000.0,,-6534000.0,-26911000.0,,,,,,286283000.0,,,,,103183000.0,30035000.0,10831000.0,,-148980000.0,983000.0,,-151132000.0,-18791000.0,76749000.0
2023-12-31,2265122000.0,1018128000.0,1246994000.0,149590000.0,445029000.0,682903000.0,564091000.0,-32446000.0,531645000.0,103423000.0,428222000.0,2.91,2.9,147132000.0,147572000.0,210247000.0,,729740000.0,933214000.0,,,179632000.0,2378077000.0,,551734000.0,2861854000.0,,275817000.0,6905088000.0,202395000.0,332136000.0,148897000.0,764073000.0,,,12157000.0,72894000.0,2423234000.0,4539963000.0,-208352000.0,4481854000.0,6905088000.0,89718000.0,38350000.0,,20269000.0,-77095000.0,,,,,,559115000.0,,,,,110688000.0,53388000.0,12036000.0,,-190123000.0,20507000.0,,-390090000.0,-17644000.0,173437000.0
2024-03-31,3462102000.0,1522326000.0,1939776000.0,226664000.0,674948000.0,1001099000.0,938677000.0,-31611000.0,907066000.0,178351000.0,728715000.0,4.96,4.94,147056000.0,147549000.0,237910000.0,,779265000.0,829458000.0,,,180767000.0,2351296000.0,,539743000.0,2835993000.0,,277325000.0,6814562000.0,177445000.0,356076000.0,150753000.0,773030000.0,,,12157000.0,47550000.0,2184642000.0,4769963000.0,-265306000.0,4629920000.0,6814562000.0,133192000.0,58792000.0,,76755000.0,-163294000.0,,,,,,961146000.0,,,,,113767000.0,74579000.0,13954000.0,,-223275000.0,25399000.0,,-726004000.0,10019000.0,235245000.0
2024-06-30,4685297000.0,2029994000.0,2655303000.0,307525000.0,917136000.0,1335410000.0,1319893000.0,-55095000.0,1264798000.0,243847000.0,1020951000.0,6.94,6.92,147021000.0,147550000.0,238361000.0,,837275000.0,822250000.0,124230000.0,,180012000.0,2357719000.0,,548025000.0,2842055000.0,,284001000.0,6872394000.0,237728000.0,377678000.0,152554000.0,910655000.0,,,0.0,42257000.0,2008351000.0,4991647000.0,-251529000.0,4864043000.0,6872394000.0,176870000.0,80184000.0,-49878000.0,134278000.0,-172203000.0,,,,,,1401260000.0,,,,,133464000.0,99460000.0,15396000.0,,-269784000.0,53094000.0,,-1119287000.0,10470000.0,278400000.0
2024-09-30,1224509000.0,507290000.0,717219000.0,79524000.0,238979000.0,329907000.0,387312000.0,-3815000.0,383497000.0,72142000.0,311355000.0,2.12,2.11,146861000.0,147599000.0,426361000.0,,811198000.0,917982000.0,,,212986000.0,2641125000.0,,560211000.0,2886017000.0,,278853000.0,7222417000.0,249278000.0,365749000.0,157188000.0,904079000.0,,,,83270000.0,2027391000.0,5225111000.0,-132155000.0,5195026000.0,7222417000.0,44730000.0,20156000.0,,-36417000.0,70254000.0,,,,,,325538000.0,,,,,0.0,17840000.0,1767000.0,,2146000.0,8383000.0,,-150757000.0,188000000.0,105704000.0
,,,,,,,,,,,,,,,,,,,,,,,,,,,,,,,,,,,,,,,,,,,,,,,,,,,,,,,,,,,,,,,,,,,
,,,,,,,,,,,,,,,,,,,,,,,,,,,,,,,,,,,,,,,,,,,,,,,,,,,,,,,,,,,,,,,,,,,
,,,,,,,,,,,,,,,,,,,,,,,,,,,,,,,,,,,,,,,,,,,,,,,,,,,,,,,,,,,,,,,,,,,
