Date,Net sales,Cost of sales,Gross margin,Research and development,"Selling, general and administrative",Total operating expenses,Operating income,"Other income/(expense), net",Income before provision for income taxes,Provision for income taxes,Net income,Earnings per share basic,Earnings per share diluted,Weighted-average basic,Weighted-average diluted,Cash and cash equivalents,Short-term marketable securities,"Accounts receivable, net",Inventories,Deferred tax assets,Vendor non-trade receivables,Other current assets,Total current assets,Long-term marketable securities,"Property, Plant and Equipment, Net",Goodwill,"Acquired intangible assets, net","Other Assets, Noncurrent",Total assets,accounts payable,Accrued expenses,Deferred revenue,Total current liabilities,Deferred revenue - non-current,deferred tax liabilities,long term taxes payable,Total other non-current liabilities,Total liabilities,Retained Earnings (Accumulated Deficit),Accumulated other comprehensive (loss)/income,Total shareholders equity,Total liabilities and shareholders' equity,"Depreciation, amortization and accretion",Stock-based compensation expense,Deferred income tax expense,"Increase (Decrease) in Accounts receivable, net",Increase (Decrease) in Inventories,Increase (Decrease) in Other Receivables,Increase (Decrease) in Other Operating Assets,Increase (Decrease) in Accounts Payable,Increase (Decrease) in Deferred Revenue,Increase (Decrease) Other liabilities,Cash generated by operating activities,Purchases of marketable securities,Proceeds from maturities of marketable securities,Proceeds from sales of marketable securities,Purchases of other long-term investments,"Business acquisitions, net of cash acquired",Cash payments for capital asset purchases,Payments for acquisition of intangible assets,Payments for (Proceeds from) Other Investing Activities,Cash used in investing activities,Proceeds from issuance of common stock,Excess tax benefits from stock-based compensation,Cash generated/used in financing activities,Increase/(decrease) in cash and cash equivalents,"Cash paid for income taxes, net"
2010-06-30,,,,,181873000.0,,,,72431000.0,27148000.0,,0.46,0.46,99125000.0,99295000.0,19286000.0,,,11122000.0,26190000.0,,14597000.0,146310000.0,,71260000.0,189668000.0,,8869000.0,582407000.0,17599000.0,25822000.0,93450000.0,237470000.0,,,,,306837000.0,184897000.0,-32149000.0,,582407000.0,17967000.0,4221000.0,232000.0,14199000.0,911000.0,1471000.0,2376000.0,,7559000.0,,59037000.0,,,,,2173000.0,4522000.0,,,-6564000.0,,448000.0,-42637000.0,9782000.0,30116000.0
2010-09-30,,,,,280782000.0,,,,113400000.0,42604000.0,,0.72,0.71,98876000.0,99029000.0,20250000.0,,,11167000.0,27092000.0,,13161000.0,150861000.0,,70782000.0,200639000.0,,9554000.0,607625000.0,25693000.0,28326000.0,95711000.0,255656000.0,,,,,321184000.0,194130000.0,-31844000.0,,607625000.0,27043000.0,5859000.0,-3602000.0,21376000.0,747000.0,55000.0,896000.0,,8280000.0,,92419000.0,,,,,20890000.0,6790000.0,,,-27537000.0,,970000.0,-54256000.0,10746000.0,45252000.0
2010-12-31,,,,,373288000.0,,,,143545000.0,53543000.0,,0.61,0.61,148030000.0,148231000.0,20913000.0,,,11899000.0,27396000.0,,20380000.0,151021000.0,,74013000.0,210779000.0,,10346000.0,619014000.0,25940000.0,28543000.0,85489000.0,246441000.0,,,,,321044000.0,155463000.0,-32490000.0,,619014000.0,36408000.0,7538000.0,2075000.0,13994000.0,1391000.0,1080000.0,8197000.0,,-2516000.0,,124053000.0,,,,,34764000.0,13036000.0,,,-47645000.0,,1185000.0,-65497000.0,11409000.0,60101000.0
2011-03-31,,,,,91498000.0,,,,29855000.0,11215000.0,,0.13,0.13,147473000.0,147570000.0,23340000.0,,,12680000.0,27178000.0,,14522000.0,147244000.0,,73444000.0,212130000.0,146742000.0,10523000.0,614205000.0,23081000.0,30027000.0,92193000.0,241916000.0,,,,,312985000.0,159197000.0,-31803000.0,,614205000.0,9200000.0,1882000.0,487000.0,,,,,,,,32954000.0,,,,,4413000.0,3345000.0,,-160000.0,-7598000.0,,70000.0,-23478000.0,2427000.0,
2011-06-30,,,,,193255000.0,,,,79423000.0,29722000.0,,0.34,0.34,147358000.0,147441000.0,25820000.0,,71457000.0,12305000.0,27628000.0,,20198000.0,169476000.0,,74026000.0,213705000.0,144947000.0,10503000.0,637132000.0,31853000.0,32478000.0,93387000.0,249249000.0,,,,,323949000.0,170158000.0,-32131000.0,,637132000.0,18488000.0,3764000.0,1423000.0,,,,,,,,74340000.0,,,,,7986000.0,7600000.0,,-212000.0,-15374000.0,,138000.0,-54148000.0,4907000.0,
2011-09-30,,,,,295651000.0,,,,126443000.0,47327000.0,,0.54,0.54,147086000.0,147161000.0,30219000.0,,71715000.0,10607000.0,30575000.0,,17096000.0,171880000.0,,76046000.0,210898000.0,140598000.0,9670000.0,632423000.0,23951000.0,35774000.0,95022000.0,235913000.0,,,,,305925000.0,179217000.0,-33548000.0,326498000.0,632423000.0,27825000.0,5645000.0,2545000.0,,,,,,,,115106000.0,,,,,9262000.0,13381000.0,,-219000.0,-22424000.0,,2270000.0,-82464000.0,,
2011-12-31,,,,,388710000.0,,,,161096000.0,60385000.0,,0.69,0.69,146882000.0,146946000.0,46275000.0,,61687000.0,11125000.0,53876000.0,,13804000.0,175822000.0,,76858000.0,211019000.0,,10523000.0,645650000.0,22584000.0,34650000.0,85636000.0,225851000.0,,,,,321653000.0,189282000.0,-48090000.0,323997000.0,645650000.0,37503000.0,7555000.0,784000.0,10663000.0,-837000.0,1855000.0,-5457000.0,,-59000.0,,154647000.0,,,,,11410000.0,18652000.0,,,-29154000.0,,2367000.0,-99427000.0,,51983000.0
2012-03-31,,,,,94824000.0,,,,36741000.0,13661000.0,,0.16,0.16,146697000.0,146714000.0,59684000.0,,63790000.0,10874000.0,29718000.0,,15123000.0,190575000.0,,77146000.0,211237000.0,139580000.0,11052000.0,662806000.0,19214000.0,43569000.0,92778000.0,228583000.0,,,,,326551000.0,199373000.0,-47460000.0,336255000.0,662806000.0,9767000.0,2372000.0,2506000.0,,,,,,,,37089000.0,,,,,6826000.0,3714000.0,,-142000.0,-10398000.0,,2590000.0,-13824000.0,,
2012-06-30,,,,,200892000.0,,,,89919000.0,33712000.0,,0.38,0.38,146557000.0,146571000.0,62060000.0,,73784000.0,12162000.0,30477000.0,,19004000.0,210309000.0,,76963000.0,210971000.0,137865000.0,11009000.0,680774000.0,29676000.0,36459000.0,96127000.0,240740000.0,,,,,336467000.0,206474000.0,-48293000.0,344307000.0,680774000.0,19380000.0,4749000.0,2960000.0,,,,,,,,73605000.0,,,,,10099000.0,7419000.0,,-372000.0,-17146000.0,,2932000.0,-40441000.0,,
2012-09-30,,,,,309412000.0,,,,141616000.0,53198000.0,,0.6,0.6,146390000.0,146400000.0,93713000.0,,78748000.0,10919000.0,30118000.0,,15784000.0,241678000.0,,77521000.0,211373000.0,132850000.0,11307000.0,706029000.0,24679000.0,34865000.0,95727000.0,240601000.0,,,,,337369000.0,227013000.0,-46954000.0,368660000.0,706029000.0,28845000.0,7125000.0,4752000.0,,,,,,,,120112000.0,,,,,10485000.0,11754000.0,,-511000.0,-21728000.0,,3031000.0,-52015000.0,,
2012-12-31,,,,,407488000.0,,,,176642000.0,65310000.0,,0.76,0.76,146299000.0,146306000.0,65082000.0,,68920000.0,11847000.0,60179000.0,,14982000.0,205992000.0,,82263000.0,212477000.0,141789000.0,11463000.0,692506000.0,24854000.0,31603000.0,87753000.0,228416000.0,,,,,337550000.0,220752000.0,-56967000.0,354956000.0,692506000.0,38655000.0,9494000.0,-1870000.0,16438000.0,655000.0,1453000.0,1469000.0,,1935000.0,,141919000.0,,,,,25030000.0,19040000.0,,,-42693000.0,,3231000.0,-80989000.0,,62998000.0
2013-03-31,,,,,99134000.0,,,,35125000.0,11946000.0,,0.16,0.16,146238000.0,146238000.0,82479000.0,,68194000.0,11801000.0,32839000.0,,18995000.0,225206000.0,,83295000.0,212280000.0,136458000.0,12403000.0,707438000.0,23078000.0,39382000.0,96251000.0,233858000.0,,,,,342472000.0,230785000.0,-57744000.0,364966000.0,707438000.0,9894000.0,2546000.0,1247000.0,,,,,,,,38786000.0,,,,,929000.0,4739000.0,,-56000.0,-5612000.0,,2680000.0,-14938000.0,,
2013-06-30,,,,,208652000.0,,,,92403000.0,33230000.0,,0.4,0.4,146224000.0,146224000.0,91597000.0,,79015000.0,12117000.0,34299000.0,,28321000.0,257792000.0,,84470000.0,212004000.0,131122000.0,12602000.0,737069000.0,30724000.0,32805000.0,100057000.0,247066000.0,,,,,352262000.0,249590000.0,-59079000.0,384807000.0,737069000.0,19662000.0,5092000.0,963000.0,,,,,,,,73141000.0,,,,,2617000.0,9614000.0,,-233000.0,-11998000.0,,3132000.0,-32303000.0,,
2013-09-30,,,,,321680000.0,,,,150420000.0,55047000.0,,0.65,0.65,146151.0,146151.0,116734000.0,,80902000.0,11836000.0,34665000.0,,19804000.0,276681000.0,,85348000.0,212201000.0,134763000.0,13246000.0,760864000.0,26106000.0,32093000.0,100114000.0,248559000.0,,,,,353572000.0,268667000.0,-58218000.0,407292000.0,760864000.0,29738000.0,7809000.0,397000.0,,,,,,,,127519000.0,,,,,12143000.0,13294000.0,,-428000.0,-25009000.0,,3535000.0,-49596000.0,,
2013-12-31,,,,,428288000.0,,,,191606000.0,68276000.0,,0.84,0.84,146081.0,146081.0,118216000.0,,72849000.0,12251000.0,44062000.0,,19388000.0,274442000.0,,87215000.0,211847000.0,128569000.0,13879000.0,739217000.0,23194000.0,29778000.0,91014000.0,235792000.0,,,,,300962000.0,270397000.0,-31771000.0,438255000.0,739217000.0,39571000.0,10427000.0,356000.0,13617000.0,118000.0,950000.0,4613000.0,,3561000.0,,162665000.0,,,,,12632000.0,18632000.0,,,-30790000.0,,3722000.0,-75653000.0,,69354000.0
2014-03-31,,,,,100584000.0,,,,41358000.0,15592000.0,,0.18,0.18,145991.0,,83129000.0,,75307000.0,12688000.0,39563000.0,,19087000.0,241004000.0,,92026000.0,235257000.0,157014000.0,14111000.0,765661000.0,26581000.0,42262000.0,98461000.0,250502000.0,,,,,315895000.0,279986000.0,-30237000.0,449766000.0,765661000.0,10214000.0,2765000.0,1542000.0,,,,,,,,41182000.0,,,,,53575000.0,5156000.0,,-446000.0,-58195000.0,,3386000.0,-18555000.0,,
2014-06-30,,,,,211106000.0,,,,107029000.0,40403000.0,,0.46,0.46,145933000.0,,101519000.0,,86156000.0,13136000.0,40781000.0,,19052000.0,273465000.0,,94678000.0,255515000.0,139231000.0,13788000.0,804589000.0,27972000.0,38384000.0,105455000.0,259431000.0,,,,,329047000.0,299975000.0,-27531000.0,475542000.0,804589000.0,20822000.0,5367000.0,509000.0,,,,,,,,90011000.0,,,,,59660000.0,11471000.0,,-1108000.0,-70023000.0,,4455000.0,-38946000.0,,
2014-09-30,,,,,329785000.0,,,,172949000.0,65202000.0,,0.74,0.74,145888000.0,,114216000.0,,87755000.0,12526000.0,42280000.0,,17701000.0,287345000.0,,101986000.0,250540000.0,150286000.0,13668000.0,826634000.0,26293000.0,40170000.0,104296000.0,267857000.0,,397000.0,,,335621000.0,319691000.0,-34220000.0,491013000.0,826634000.0,32259000.0,7954000.0,-1132000.0,,,,,,,,157427000.0,,,,,59660000.0,22694000.0,,-1333000.0,-81021000.0,,4533000.0,-76909000.0,,
2014-12-31,,,,,441706000.0,,,,219484000.0,81820000.0,,0.94,0.94,145796.0,145796.0,108372000.0,,77854000.0,14078000.0,50645000.0,,28656000.0,283958000.0,,101669000.0,255563000.0,133472000.0,13832000.0,808162000.0,22878000.0,37451000.0,94056000.0,252679000.0,,,,,345486000.0,319803000.0,-65488000.0,462676000.0,808162000.0,43509000.0,10579000.0,8440000.0,13369000.0,1525000.0,941000.0,10678000.0,,2497000.0,,194146000.0,,,,,63335000.0,28739000.0,,,-89471000.0,,4744000.0,-106519000.0,,74454000.0
2015-03-31,,,,,105575000.0,,,,46612000.0,16331000.0,,,,218541000.0,,93389000.0,,76523000.0,13766000.0,40749000.0,,18840000.0,255231000.0,,105448000.0,269375000.0,136635000.0,14011000.0,801262000.0,21426000.0,37822000.0,100104000.0,244457000.0,,,,,334282000.0,259295000.0,-72637000.0,466980000.0,801262000.0,10781000.0,2865000.0,1479000.0,,,,,,,,44054000.0,,,,,28245000.0,8311000.0,,-269000.0,-36167000.0,,2281000.0,-21693000.0,,
2015-06-30,,,,,224197000.0,,,,118946000.0,43592000.0,,,,218613.0,,109684000.0,,88267000.0,14034000.0,40636000.0,,32377000.0,299057000.0,,110375000.0,269867000.0,132395000.0,14083000.0,848761000.0,28550000.0,31416000.0,107327000.0,263935000.0,,,,,351518000.0,286892000.0,-71709000.0,497243000.0,848761000.0,22026000.0,6119000.0,1889000.0,,,,,,,,89255000.0,,,,,30837000.0,17730000.0,,-867000.0,-47700000.0,,1681000.0,-40685000.0,,
2015-09-30,,,,,346141000.0,,,,191379000.0,70979000.0,,,,218594.0,,134310000.0,,90782000.0,12964000.0,42141000.0,,24695000.0,319103000.0,,115731000.0,248792000.0,142640000.0,13548000.0,862339000.0,21092000.0,32727000.0,105725000.0,264874000.0,,,,,342909000.0,314461000.0,-80428000.0,519430000.0,862339000.0,33182000.0,9374000.0,690000.0,,,,,,,,143824000.0,,,,,31391000.0,28613000.0,,-2055000.0,-57584000.0,,1763000.0,-58080000.0,,
2015-12-31,,,,,463742000.0,,,,243178000.0,91029000.0,,0.7,0.7,218583000.0,218583000.0,134574000.0,,79864000.0,12801000.0,40665000.0,,28365000.0,313879000.0,,121356000.0,249939000.0,138931000.0,14690000.0,852431000.0,24919000.0,33394000.0,96192000.0,252986000.0,,,,,328402000.0,306892000.0,-71178000.0,524029000.0,852431000.0,44522000.0,12110000.0,3493000.0,12494000.0,-814000.0,3630000.0,2144000.0,,2822000.0,,196356000.0,,,,,33462000.0,39495000.0,,,-69942000.0,,1946000.0,-97216000.0,,82690000.0
2016-03-31,,,,,112255000.0,,,,51178000.0,19250000.0,,,,218686000.0,,131238000.0,,86012000.0,13616000.0,,,26105000.0,270121000.0,,127427000.0,252618000.0,111157000.0,15118000.0,873015000.0,21657000.0,42373000.0,102303000.0,262868000.0,,,,,331456000.0,315676000.0,-61286000.0,541559000.0,873015000.0,11640000.0,3325000.0,4167000.0,,,,,,,,41344000.0,,,,,21109000.0,8956000.0,,-93000.0,-29935000.0,,3019000.0,-27615000.0,-3336000.0,
2016-06-30,,,,,238800000.0,,,,128140000.0,48429000.0,,,,218562.0,,126465000.0,,96959000.0,14635000.0,,,33265000.0,286587000.0,,133519000.0,254001000.0,118822000.0,15870000.0,905601000.0,27628000.0,36738000.0,109733000.0,271299000.0,,,,,347281000.0,332176000.0,-63799000.0,558320000.0,905601000.0,23990000.0,6380000.0,4295000.0,,,,,,,,96522000.0,,,,,35038000.0,19989000.0,,-1081000.0,-53844000.0,,3108000.0,-59179000.0,-8109000.0,
2016-09-30,,,,,364207000.0,,,,208106000.0,78744000.0,,,,218386.0,,139263000.0,,99113000.0,13787000.0,,,31759000.0,299906000.0,,134166000.0,260154000.0,,16373000.0,921515000.0,26436000.0,35249000.0,110848000.0,271646000.0,,,,,347286000.0,348866000.0,-66756000.0,574229000.0,921515000.0,37073000.0,9429000.0,4954000.0,,,,,,,,158159000.0,,,,,40824000.0,27128000.0,,-1133000.0,-66620000.0,,3536000.0,-93013000.0,4689000.0,
2016-12-31,,,,,490528000.0,,,,260636000.0,93267000.0,,0.77,0.77,218244000.0,218244000.0,142785000.0,,88490000.0,13724000.0,41877000.0,,29204000.0,290171000.0,,133477000.0,255665000.0,161776000.0,16824000.0,916538000.0,30284000.0,44847000.0,99820000.0,276991000.0,,,,,347993000.0,343376000.0,-70075000.0,568545000.0,916538000.0,50902000.0,12415000.0,-3248000.0,15868000.0,671000.0,6133000.0,1464000.0,,2842000.0,,226525000.0,,,,,46308000.0,33081000.0,,,-76842000.0,,3699000.0,-136371000.0,,88766000.0
2017-12-31,,,,,503433000.0,,,,294502000.0,115378000.0,,0.82,0.82,217988000.0,217988000.0,107050000.0,,97802000.0,14983000.0,18420000.0,,25697000.0,262795000.0,,134088000.0,346514000.0,214417000.0,19420000.0,1033663000.0,26161000.0,58345000.0,109029000.0,294569000.0,,,,,379739000.0,400483000.0,-45956000.0,653924000.0,1033663000.0,56580000.0,12399000.0,18636000.0,13661000.0,837000.0,6527000.0,-1448000.0,,1222000.0,,235370000.0,,,,,130189000.0,24680000.0,,,-154175000.0,,0.0,-130263000.0,,90702000.0
2018-03-31,408742000.0,,,,126487000.0,,,,59194000.0,10669000.0,,,,218163000.0,,84319000.0,,96459000.0,15885000.0,,,27062000.0,240704000.0,,136272000.0,364606000.0,,20061000.0,1050696000.0,30624000.0,57443000.0,117934000.0,299073000.0,,,,,387933000.0,418406000.0,-48908000.0,662763000.0,1050696000.0,16916000.0,3093000.0,4101000.0,,,,,,,,72748000.0,,,,,43154000.0,6134000.0,,-76000.0,-49035000.0,,,-39827000.0,-22731000.0,
2018-06-30,889203000.0,,,,269866000.0,,,,149371000.0,35304000.0,,,,218188000.0,,87885000.0,,115672000.0,16098000.0,,,50458000.0,288472000.0,,137654000.0,359107000.0,,20488000.0,1105182000.0,32073000.0,61084000.0,124784000.0,319231000.0,,,,,409371000.0,453408000.0,-54026000.0,695811000.0,1105182000.0,33282000.0,6370000.0,4508000.0,,,,,,,,130509000.0,,,,,54619000.0,14246000.0,,-425000.0,-68212000.0,,,-70480000.0,-19165000.0,
2018-09-30,1376942000.0,673202000.0,,,414938000.0,,,,239261000.0,58566000.0,,,,,,118652000.0,,122375000.0,16093000.0,,,25576000.0,303080000.0,,136857000.0,365480000.0,,20975000.0,1129573000.0,29991000.0,53923000.0,123916000.0,309381000.0,,,,,394815000.0,489501000.0,-54637000.0,734758000.0,1129573000.0,50149000.0,10030000.0,4604000.0,,,,,,,,213274000.0,,,,,71785000.0,19645000.0,,-1002000.0,-90085000.0,,,-101210000.0,11602000.0,
2019-03-31,429069000.0,217258000.0,,,139530000.0,,,,56053000.0,11827000.0,,,,,,116607000.0,,104593000.0,16572000.0,,,32909000.0,289939000.0,,136806000.0,370492000.0,,20625000.0,1272072000.0,27496000.0,54034000.0,123935000.0,352712000.0,,,,,552948000.0,380398000.0,-68736000.0,719124000.0,1272072000.0,16683000.0,3889000.0,3327000.0,,,,,,,,58615000.0,,,,,7041000.0,6481000.0,,-569000.0,-12558000.0,,,-43453000.0,1122000.0,
2019-06-30,953026000.0,470591000.0,,,301416000.0,,,,143012000.0,34491000.0,,,,,,98466000.0,,130696000.0,17579000.0,,,51506000.0,319845000.0,,201196000.0,563075000.0,,,1729777000.0,37644000.0,60688000.0,133672000.0,414341000.0,,,,,977513000.0,410326000.0,-68508000.0,752264000.0,1729777000.0,36815000.0,7586000.0,4763000.0,,,,,,,,136943000.0,,,,,410067000.0,13436000.0,,-1097000.0,-421920000.0,,,269342000.0,-17019000.0,
2019-09-30,1509492000.0,739309000.0,,,468584000.0,,,,189151000.0,36569000.0,,,,,,104362000.0,,132065000.0,17500000.0,,,46440000.0,324188000.0,,197549000.0,570759000.0,,,1764793000.0,32932000.0,60065000.0,132915000.0,410880000.0,,,,,957896000.0,419993000.0,-26746000.0,806897000.0,1764793000.0,58505000.0,10891000.0,-6972000.0,,,,,,,,230318000.0,,,,,431249000.0,18701000.0,,-1370000.0,-447968000.0,,,212972000.0,-11123000.0,
2019-12-31,2015477000.0,993593000.0,,,623379000.0,,,,261160000.0,57813000.0,,0.62,0.62,327477000.0,327477000.0,94276000.0,,122766000.0,19476000.0,,,51002000.0,309787000.0,,195533000.0,572847000.0,,,1744376000.0,35234000.0,60975000.0,122825000.0,410035000.0,,,,,928626000.0,420015000.0,-21109000.0,815750000.0,1744376000.0,81111000.0,14159000.0,-7228000.0,20151000.0,2151000.0,9080000.0,14009000.0,,5424000.0,,309188000.0,,,,,430558000.0,27146000.0,,,-455107000.0,,,127655000.0,-21209000.0,75812000.0
2020-03-31,487901000.0,251152000.0,,,157862000.0,,,,55400000.0,12132000.0,,,,,,92582000.0,,123166000.0,21527000.0,,,45346000.0,304830000.0,,194854000.0,596067000.0,,,1771479000.0,36844000.0,71050000.0,129352000.0,417868000.0,,,,,971108000.0,426450000.0,-38711000.0,800371000.0,1771479000.0,21597000.0,3819000.0,2999000.0,,,,,,,,91963000.0,,,,,47586000.0,6674000.0,,-941000.0,-53052000.0,,,-21088000.0,-1694000.0,
2020-06-30,1041230000.0,506774000.0,,,329115000.0,,,,158920000.0,40294000.0,,,,,,134829000.0,,129297000.0,34064000.0,,,41626000.0,363101000.0,,191141000.0,602310000.0,,,1836382000.0,48037000.0,88321000.0,139541000.0,478173000.0,,,,,973552000.0,475594000.0,-29163000.0,862830000.0,1836382000.0,43522000.0,7640000.0,3055000.0,,,,,,,,234772000.0,,,,,56030000.0,12441000.0,,-1820000.0,-66366000.0,,,-117978000.0,40553000.0,
2020-09-30,1624928000.0,782248000.0,,,497121000.0,,,,267822000.0,69617000.0,,,,,,95440000.0,,138392000.0,30386000.0,,,43527000.0,331836000.0,,186825000.0,619656000.0,,,1806066000.0,56393000.0,64868000.0,139734000.0,469139000.0,,,,,873350000.0,528959000.0,-23153000.0,932716000.0,1806066000.0,65926000.0,18151000.0,3701000.0,,,,,,,,340607000.0,,,,,79880000.0,17690000.0,,-2609000.0,-94531000.0,,,-245498000.0,1164000.0,
2020-12-31,2161220000.0,1048592000.0,,,656207000.0,,,,354720000.0,93896000.0,,0.53,0.53,491604000.0,491604000.0,98477000.0,,126337000.0,30843000.0,,,35404000.0,314777000.0,,178052000.0,653176000.0,,,1845900000.0,64596000.0,63540000.0,131253000.0,472511000.0,,,,,904540000.0,358888000.0,-10897000.0,941360000.0,1845900000.0,88329000.0,20850000.0,-1215000.0,12045000.0,10706000.0,11787000.0,-6102000.0,,7276000.0,,435785000.0,,,,,147613000.0,23229000.0,,,-162395000.0,,,-281273000.0,4201000.0,81184000.0
2021-03-31,535554000.0,261552000.0,,,162208000.0,,,,119852000.0,27209000.0,,,,,,117322000.0,,122445000.0,32645000.0,,,39229000.0,334043000.0,,143899000.0,659795000.0,,,1876880000.0,66586000.0,96186000.0,140378000.0,507788000.0,,,,,887945000.0,412142000.0,-11155000.0,988935000.0,1876880000.0,23596000.0,3921000.0,-2039000.0,,,,,,,,119486000.0,,,,,16978000.0,7826000.0,,253000.0,40143000.0,,,-141657000.0,18845000.0,
2021-06-30,1173758000.0,559414000.0,,,345690000.0,,,,253791000.0,62294000.0,,,,,,128528000.0,,142868000.0,29952000.0,,,49546000.0,376325000.0,,134911000.0,664118000.0,,,1921693000.0,74815000.0,73269000.0,151379000.0,518744000.0,,,,,871009000.0,470653000.0,-10890000.0,1050684000.0,1921693000.0,46902000.0,7841000.0,-1715000.0,,,,,,,,219205000.0,,,,,28385000.0,13229000.0,,274000.0,28625000.0,,,-217894000.0,30051000.0,
2021-09-30,1823957000.0,864888000.0,,,539951000.0,,,,380863000.0,95513000.0,285350000.0,0.58,0.58,492069000.0,492069000.0,117655000.0,,152866000.0,26976000.0,,,48663000.0,373454000.0,,131549000.0,665645000.0,402538000.0,,1904813000.0,38509000.0,60833000.0,151645000.0,477496000.0,,,,,803184000.0,524561000.0,-17465000.0,1101629000.0,1904813000.0,70519000.0,11762000.0,2221000.0,,,,,,165094000.0,,298911000.0,,,,,39692000.0,20031000.0,,274000.0,11104000.0,,,-284688000.0,19178000.0,
2021-12-31,2424300000.0,,,,727489000.0,1984311000.0,439989000.0,,474838000.0,124151000.0,350687000.0,0.71,0.71,492054000.0,492054000.0,105301000.0,,139579000.0,28926000.0,,,52422000.0,352380000.0,,133257000.0,721819000.0,,34949000.0,1980870000.0,44568000.0,73206000.0,145122000.0,491162000.0,,,,,898822000.0,500919000.0,-16411000.0,1082048000.0,1980870000.0,,14865000.0,1652000.0,22439000.0,-2644000.0,14473000.0,,,11934000.0,,401805000.0,,,,,146098000.0,27194000.0,,111000.0,-98965000.0,,,-290159000.0,6824000.0,119800000.0
2022-03-31,590680000.0,,,,178785000.0,499010000.0,91670000.0,,92381000.0,19936000.0,72445000.0,0.15,0.15,492213000.0,492325000.0,258338000.0,,137621000.0,29062000.0,,,44860000.0,496512000.0,,132680000.0,730139000.0,438416000.0,46161000.0,2131143000.0,38586000.0,82317000.0,156516000.0,480897000.0,,,,,1023614000.0,524159000.0,-13874000.0,1107529000.0,2131143000.0,,6138000.0,2046000.0,1440000.0,-151000.0,707000.0,,,11294000.0,,87532000.0,,,,,13223000.0,7995000.0,,,-19928000.0,,,82093000.0,153037000.0,11962000.0
2022-06-30,1304729000.0,,,,398772000.0,1080102000.0,224627000.0,,226369000.0,53625000.0,172744000.0,0.35,0.35,492327000.0,492440000.0,220964000.0,,162755000.0,29515000.0,,,63942000.0,506998000.0,,130424000.0,742019000.0,439059000.0,43666000.0,2167482000.0,50702000.0,75283000.0,165220000.0,517744000.0,,,,,1021915000.0,575229000.0,-31149000.0,1145567000.0,2167482000.0,,10957000.0,2503000.0,29217000.0,176000.0,11928000.0,,,19860000.0,,214817000.0,,,,,49580000.0,15881000.0,,-139000.0,-62032000.0,,,-30640000.0,115663000.0,69472000.0
2022-09-30,2034433000.0,,,,612353000.0,1666123000.0,368310000.0,,371186000.0,90820000.0,280366000.0,0.57,0.57,492316000.0,492430000.0,121876000.0,,170274000.0,28572000.0,,,45981000.0,398956000.0,,130362000.0,772325000.0,443205000.0,38636000.0,2112483000.0,42874000.0,66300000.0,166866000.0,509769000.0,,,,,915932000.0,633650000.0,-43566000.0,1196551000.0,2112483000.0,,15914000.0,2210000.0,40872000.0,-295000.0,21021000.0,,,19655000.0,,342537000.0,,,,,110418000.0,22921000.0,,-139000.0,-123378000.0,,,-196285000.0,16575000.0,104974000.0
2022-12-31,2695823000.0,,,,802710000.0,2202435000.0,493388000.0,,498917000.0,130318000.0,368599000.0,0.75,0.75,492300000.0,492413000.0,95346000.0,,155759000.0,29745000.0,,,34151000.0,348619000.0,,128046000.0,846704000.0,,39033000.0,2122028000.0,42796000.0,54568000.0,158092000.0,493784000.0,,,,,854831000.0,687069000.0,-31562000.0,1267197000.0,2122028000.0,,21215000.0,1595000.0,34003000.0,540000.0,23891000.0,,,10400000.0,,465930000.0,,,,,119188000.0,30628000.0,,-1078000.0,-134141000.0,,,-336017000.0,-9955000.0,119600000.0
2023-03-31,658015000.0,,,,196431000.0,545775000.0,112240000.0,,116489000.0,28300000.0,88234000.0,0.18,0.18,492516000.0,492701000.0,112503000.0,,150426000.0,30859000.0,,,35479000.0,367866000.0,,124117000.0,852800000.0,415249000.0,41352000.0,2138886000.0,39073000.0,68161000.0,167564000.0,467356000.0,,,,,851134000.0,711250000.0,-31303000.0,1287752000.0,2138886000.0,,5947000.0,6929000.0,-1533000.0,1043000.0,4421000.0,,,8656000.0,,100773000.0,,,,,15480000.0,7636000.0,,-640000.0,-13590000.0,,,-71082000.0,17157000.0,12572000.0
2023-06-30,1478765000.0,,,,451762000.0,1211736000.0,267029000.0,,267512000.0,69135000.0,198377000.0,0.4,0.4,492700000.0,492891000.0,154747000.0,,176567000.0,32685000.0,,,62489000.0,463983000.0,,123470000.0,1045997000.0,563674000.0,46962000.0,2599330000.0,74398000.0,95368000.0,183253000.0,575701000.0,,,,,1257105000.0,757450000.0,-29051000.0,1342225000.0,2599330000.0,,12331000.0,144000.0,28425000.0,2233000.0,13000000.0,,,18047000.0,,248186000.0,,,,,327892000.0,14411000.0,,-495000.0,-331622000.0,,,140195000.0,59401000.0,84583000.0
2023-09-30,2319192000.0,,,,696668000.0,1875039000.0,444153000.0,,439582000.0,113428000.0,326154000.0,0.66,0.66,491980000.0,492158000.0,142247000.0,,198540000.0,33223000.0,,,64676000.0,476790000.0,,124381000.0,1053965000.0,559899000.0,49223000.0,2639957000.0,44421000.0,119359000.0,183389000.0,581696000.0,,,,,1537114000.0,530142000.0,-35186000.0,1102843000.0,2639957000.0,,18427000.0,144000.0,58114000.0,2729000.0,14887000.0,,,18033000.0,,375541000.0,,,,,349312000.0,21279000.0,,1957000.0,-362334000.0,,,33743000.0,46901000.0,125878000.0
2023-12-31,3073278000.0,,,,915233000.0,2490052000.0,583226000.0,,586257000.0,151300000.0,434957000.0,0.89,0.89,489949000.0,490130000.0,103825000.0,,178214000.0,33383000.0,159031000.0,,54192000.0,406639000.0,,126661000.0,1100000000.0,,46817000.0,2595460000.0,49200000.0,101744000.0,172380000.0,576689000.0,,,,,1439893000.0,566402000.0,-26755000.0,1155567000.0,2595460000.0,,24605000.0,-7644000.0,45874000.0,4279000.0,15794000.0,,,6777000.0,,528366000.0,,,,,366854000.0,32465000.0,,1968000.0,-372895000.0,,,-149420000.0,8479000.0,159154000.0
2024-03-31,748349000.0,,,,223057000.0,615925000.0,132424000.0,,124638000.0,30244000.0,94394000.0,0.19,0.19,484131000.0,484318000.0,112971000.0,,177254000.0,35698000.0,,,62713000.0,424353000.0,,127116000.0,1095141000.0,549390000.0,41940000.0,2658619000.0,40038000.0,137451000.0,186021000.0,591936000.0,,,,,1491123000.0,588207000.0,-32472000.0,1167496000.0,2658619000.0,,7181000.0,0.0,6400000.0,2286000.0,1822000.0,,,13691000.0,,127433000.0,,,,,47132000.0,7171000.0,,-1126000.0,-52465000.0,,,-64254000.0,9146000.0,5591000.0
2024-06-30,1640269000.0,,,,494604000.0,1325468000.0,314801000.0,,299652000.0,75900000.0,223791000.0,0.46,0.46,484244000.0,484419000.0,106697000.0,,205183000.0,37925000.0,,,84528000.0,474292000.0,,129115000.0,1116215000.0,545979000.0,44385000.0,2766502000.0,54075000.0,96428000.0,196690000.0,609950000.0,,,,,1530444000.0,645026000.0,-31196000.0,1236058000.0,2766502000.0,,15560000.0,0.0,39904000.0,4142000.0,12523000.0,,,24304000.0,,272548000.0,,,,,81654000.0,15867000.0,,-1587000.0,-93621000.0,,,-173886000.0,2872000.0,93272000.0
2024-09-30,2556539000.0,,,,769522000.0,2049942000.0,506597000.0,,484880000.0,124200000.0,360704000.0,0.74,0.74,484317000.0,484359000.0,95282000.0,,226452000.0,39283000.0,,,86196000.0,486502000.0,,129168000.0,1135122000.0,540721000.0,45179000.0,2816198000.0,58217000.0,89882000.0,201909000.0,622068000.0,,,,,1498421000.0,709119000.0,-21137000.0,1317777000.0,2816198000.0,,22762000.0,0.0,69885000.0,5208000.0,14234000.0,,,29090000.0,,419495000.0,,,,,105529000.0,23389000.0,,-2385000.0,-123560000.0,,,-305506000.0,-8543000.0,133807000.0
,,,,,,,,,,,,,,,,,,,,,,,,,,,,,,,,,,,,,,,,,,,,,,,,,,,,,,,,,,,,,,,,,,,
,,,,,,,,,,,,,,,,,,,,,,,,,,,,,,,,,,,,,,,,,,,,,,,,,,,,,,,,,,,,,,,,,,,
