Date,Net sales,Cost of sales,Gross margin,Research and development,"Selling, general and administrative",Total operating expenses,Operating income,"Other income/(expense), net",Income before provision for income taxes,Provision for income taxes,Net income,Earnings per share basic,Earnings per share diluted,Weighted-average basic,Weighted-average diluted,Cash and cash equivalents,Short-term marketable securities,"Accounts receivable, net",Inventories,Deferred tax assets,Vendor non-trade receivables,Other current assets,Total current assets,Long-term marketable securities,"Property, Plant and Equipment, Net",Goodwill,"Acquired intangible assets, net","Other Assets, Noncurrent",Total assets,accounts payable,Accrued expenses,Deferred revenue,Total current liabilities,Deferred revenue - non-current,deferred tax liabilities,long term taxes payable,Total other non-current liabilities,Total liabilities,Retained Earnings (Accumulated Deficit),Accumulated other comprehensive (loss)/income,Total shareholders equity,Total liabilities and shareholders' equity,"Depreciation, amortization and accretion",Stock-based compensation expense,Deferred income tax expense,"Increase (Decrease) in Accounts receivable, net",Increase (Decrease) in Inventories,Increase (Decrease) in Other Receivables,Increase (Decrease) in Other Operating Assets,Increase (Decrease) in Accounts Payable,Increase (Decrease) in Deferred Revenue,Increase (Decrease) Other liabilities,Cash generated by operating activities,Purchases of marketable securities,Proceeds from maturities of marketable securities,Proceeds from sales of marketable securities,Purchases of other long-term investments,"Business acquisitions, net of cash acquired",Cash payments for capital asset purchases,Payments for acquisition of intangible assets,Payments for (Proceeds from) Other Investing Activities,Cash used in investing activities,Proceeds from issuance of common stock,Excess tax benefits from stock-based compensation,Cash generated/used in financing activities,Increase/(decrease) in cash and cash equivalents,"Cash paid for income taxes, net"
2009-12-31,2049668000.0,1006530000.0,1043138000.0,,647742000.0,,395396000.0,3319000.0,339768000.0,100287000.0,239481000.0,2.64,2.58,90685000.0,92820000.0,167708000.0,,381658000.0,178795000.0,27306000.0,,58125000.0,870745000.0,,109493000.0,2388432000.0,868900000.0,57043000.0,4327736000.0,,,,478011000.0,,328299000.0,,58974000.0,1906246000.0,1395586000.0,63945000.0,,4327736000.0,,27476000.0,,,31081000.0,,,,,,367499000.0,,,,,354561000.0,25885000.0,,4964000.0,-374192000.0,121450000.0,2813000.0,-13597000.0,-10361000.0,103699000.0
2010-03-31,534441000.0,254876000.0,279565000.0,,178849000.0,,100716000.0,447000.0,84982000.0,25257000.0,59725000.0,0.64,0.62,93810000.0,96036000.0,191285000.0,,352505000.0,174535000.0,26505000.0,,53363000.0,862323000.0,,107193000.0,2377257000.0,853296000.0,59527000.0,4289561000.0,,,,448304000.0,,326085000.0,,59563000.0,1841395000.0,1446390000.0,32694000.0,,4289561000.0,,7008000.0,,,-2344000.0,,,,,,95086000.0,,,,,15000000.0,6485000.0,,999000.0,-18644000.0,,1021000.0,-48047000.0,23577000.0,
2010-06-30,1101545000.0,520033000.0,581512000.0,,361609000.0,,219903000.0,-1657000.0,186219000.0,55213000.0,131006000.0,1.4,1.36,94011000.0,96449000.0,290740000.0,,347681000.0,170943000.0,26884000.0,,68893000.0,985468000.0,,104505000.0,2365297000.0,833594000.0,68615000.0,4387327000.0,,,,474180000.0,,328578000.0,,60692000.0,1879850000.0,1508724000.0,15677000.0,,4387327000.0,,13118000.0,,,-998000.0,,,,,,205355000.0,,,,,14651000.0,14113000.0,,2169000.0,-26611000.0,,2862000.0,-48565000.0,123032000.0,
2010-09-30,1706633000.0,803372000.0,903261000.0,,555125000.0,,348136000.0,2631000.0,299949000.0,84680000.0,215269000.0,2.29,2.23,94312000.0,96671000.0,250813000.0,,378323000.0,180929000.0,28941000.0,,41708000.0,957642000.0,,105878000.0,2727249000.0,1128435000.0,76095000.0,5056127000.0,,,,509346000.0,,466356000.0,,63308000.0,2419752000.0,1583997000.0,52514000.0,,5056127000.0,,19384000.0,,,-7277000.0,,,,,,344418000.0,,,,,536413000.0,20391000.0,,2958000.0,-554989000.0,,4287000.0,293319000.0,83105000.0,
2010-12-31,2386112000.0,1110986000.0,1275126000.0,102400000.0,760832000.0,,514294000.0,633000.0,448394000.0,125814000.0,322580000.0,3.42,3.34,94242000.0,96653000.0,270394000.0,,403337000.0,178559000.0,90744000.0,,37287000.0,998091000.0,,103487000.0,2727780000.0,1104513000.0,77803000.0,5069524000.0,,,,539645000.0,,465001000.0,,66268000.0,2318617000.0,1680849000.0,43978000.0,,5069524000.0,,25150000.0,,,-5687000.0,,,,,,499540000.0,,,,,536413000.0,28591000.0,,4338000.0,-563274000.0,,6364000.0,167609000.0,102686000.0,109327000.0
2011-03-31,645309000.0,295213000.0,350096000.0,,208096000.0,,142000000.0,711000.0,126015000.0,37036000.0,88979000.0,0.93,0.91,95374000.0,98153000.0,261447000.0,,413371000.0,198788000.0,33834000.0,,43128000.0,1029640000.0,,103639000.0,2748510000.0,1083482000.0,75994000.0,5096894000.0,,,,507541000.0,,474185000.0,,73078000.0,2214765000.0,1759282000.0,81188000.0,,5096894000.0,,8112000.0,,,-16359000.0,,,,,,86584000.0,,,,,0.0,8813000.0,,1024000.0,-9011000.0,,2855000.0,-96082000.0,-8947000.0,
2011-06-30,1345180000.0,618021000.0,727159000.0,,421189000.0,,305970000.0,7954000.0,281032000.0,85742000.0,195290000.0,2.04,1.99,95911000.0,98412000.0,196027000.0,,440133000.0,211687000.0,33339000.0,,48777000.0,1002059000.0,,107491000.0,2884544000.0,1133059000.0,78617000.0,5263992000.0,,,,541623000.0,,489153000.0,,75968000.0,2280438000.0,1855025000.0,73427000.0,,5263992000.0,,15808000.0,,,-25312000.0,,,,,,242517000.0,,,,,204612000.0,19390000.0,,1361000.0,-224240000.0,,3729000.0,-101943000.0,-74367000.0,
2011-09-30,2057885000.0,948170000.0,1109715000.0,,636530000.0,,473185000.0,8644000.0,433564000.0,127993000.0,305571000.0,3.18,3.11,96083000.0,98308000.0,246454000.0,,422418000.0,211582000.0,34141000.0,,42747000.0,1030023000.0,,106965000.0,2874732000.0,1109406000.0,76725000.0,5258438000.0,,,,525829000.0,,486095000.0,,74555000.0,2189775000.0,1954728000.0,45681000.0,,5258438000.0,,23466000.0,,,-28422000.0,,,,,,409074000.0,,,,,227197000.0,29143000.0,,1685000.0,-256472000.0,,4101000.0,-181954000.0,-23940000.0,
2011-12-31,2797089000.0,1281525000.0,1515564000.0,121700000.0,855025000.0,,660539000.0,8096000.0,604987000.0,177740000.0,427247000.0,4.45,4.34,95959000.0,98386000.0,338101000.0,,439134000.0,204758000.0,101010000.0,,31647000.0,1115473000.0,,108775000.0,2866426000.0,1094142000.0,71595000.0,5319417000.0,,,,554196000.0,,482603000.0,,72412000.0,2124321000.0,2063110000.0,33800000.0,,5319417000.0,,31730000.0,,,-23033000.0,,,,,,601618000.0,,,,,233594000.0,40702000.0,,3443000.0,-275749000.0,0.0,12664000.0,-256679000.0,67707000.0,150550000.0
2012-03-31,711066000.0,319873000.0,391193000.0,,220889000.0,,170304000.0,-490000.0,154331000.0,46022000.0,108309000.0,1.12,1.09,97039000.0,99307000.0,451718000.0,,412508000.0,214020000.0,36410000.0,,32568000.0,1215912000.0,,109565000.0,2887045000.0,1084996000.0,70142000.0,5430782000.0,,,,521358000.0,,484803000.0,,78178000.0,2098438000.0,2158037000.0,52961000.0,,5430782000.0,,9954000.0,,,-7462000.0,,,,,,141457000.0,,,,,19007000.0,10008000.0,,245000.0,-28796000.0,,7505000.0,-2274000.0,113617000.0,
2012-06-30,1435938000.0,647137000.0,788801000.0,,439713000.0,,349088000.0,-1064000.0,317464000.0,94342000.0,223122000.0,2.29,2.24,97460000.0,99619000.0,518898000.0,,439184000.0,209626000.0,40335000.0,,43323000.0,1325377000.0,,108089000.0,2873361000.0,1065124000.0,68811000.0,5502181000.0,,,,512610000.0,,483652000.0,,80091000.0,2088170000.0,2259422000.0,19753000.0,,5502181000.0,,19704000.0,,,-5452000.0,,,,,,260783000.0,,,,,36872000.0,20532000.0,,474000.0,-56860000.0,,11070000.0,-19637000.0,180797000.0,
2012-12-31,2993489000.0,1321772000.0,1671717000.0,125900000.0,914130000.0,,757587000.0,-2338000.0,686681000.0,203321000.0,483360000.0,4.95,4.86,97702000.0,99558000.0,370590000.0,,526408000.0,190867000.0,120636000.0,,43492000.0,1245542000.0,,110397000.0,3868857000.0,1698867000.0,68797000.0,7071104000.0,,128351000.0,185912000.0,1086210000.0,,707278000.0,,86783000.0,3383378000.0,2489858000.0,58537000.0,,7071104000.0,154748000.0,40773000.0,,,18361000.0,,,,,,677852000.0,,,,,1467772000.0,38405000.0,,683000.0,-1505545000.0,,30747000.0,853870000.0,32489000.0,188560000.0
2013-06-30,1521145000.0,654062000.0,867083000.0,,502160000.0,,364923000.0,2536000.0,321748000.0,85481000.0,236267000.0,2.39,2.36,99089000.0,100162000.0,374571000.0,,547572000.0,197458000.0,58582000.0,,65633000.0,1328135000.0,,115677000.0,4521774000.0,2084677000.0,76900000.0,8213742000.0,,,209249000.0,1126851000.0,,856551000.0,,95368000.0,4324194000.0,2693421000.0,16416000.0,,8213742000.0,,26284000.0,,,-10362000.0,,,,,,311007000.0,,,,,1007513000.0,21889000.0,,35000.0,-1028088000.0,,5654000.0,730912000.0,3981000.0,
2013-09-30,2348955000.0,999247000.0,1349708000.0,,765436000.0,,584272000.0,453000.0,516801000.0,144211000.0,372590000.0,3.76,3.72,99207000.0,100302000.0,459980000.0,,505284000.0,204722000.0,88421000.0,,45417000.0,1389199000.0,,117785000.0,4541772000.0,2051685000.0,77086000.0,8245575000.0,,,212275000.0,634137000.0,,862986000.0,,92032000.0,4182762000.0,2813356000.0,48318000.0,,8245575000.0,,40040000.0,,,-15202000.0,,,,,,566773000.0,,,,,1014952000.0,33349000.0,,144000.0,-1046705000.0,,7763000.0,569520000.0,89390000.0,
2013-12-31,3238128000.0,1355200000.0,1882928000.0,145700000.0,1040567000.0,,842361000.0,-192000.0,754130000.0,215837000.0,538293000.0,5.43,5.37,99123000.0,100209000.0,459720000.0,,519075000.0,204923000.0,163198000.0,,38210000.0,1373337000.0,,117310000.0,4549998000.0,2039136000.0,76427000.0,8184981000.0,,153712000.0,209332000.0,643091000.0,,783805000.0,,91199000.0,3971931000.0,2959196000.0,43083000.0,,8184981000.0,189190000.0,53133000.0,,,-12687000.0,,,,,,802553000.0,,,,,1074413000.0,42528000.0,,1096000.0,-1115863000.0,,11709000.0,403633000.0,89130000.0,210540000.0
2014-03-31,834052000.0,345116000.0,488936000.0,,265536000.0,,223400000.0,1420000.0,204993000.0,57767000.0,147226000.0,1.48,1.46,99557000.0,100572000.0,502885000.0,,514081000.0,209383000.0,70069000.0,,40478000.0,1432170000.0,,116590000.0,4540022000.0,1997924000.0,75801000.0,8189703000.0,,,207957000.0,667973000.0,,771243000.0,,89099000.0,3832458000.0,3086465000.0,30272000.0,,8189703000.0,,14571000.0,,,-4712000.0,,,,,,212628000.0,,,,,2146000.0,10478000.0,,233000.0,-12516000.0,,7511000.0,-154631000.0,43165000.0,
2014-06-30,1719227000.0,707109000.0,1012118000.0,,542052000.0,,470066000.0,-930000.0,431217000.0,126630000.0,304587000.0,3.05,3.02,99881000.0,100823000.0,565282000.0,,518378000.0,212050000.0,63804000.0,,58223000.0,1524525000.0,,116394000.0,4551535000.0,1966143000.0,77910000.0,8262146000.0,,,216106000.0,635272000.0,,755842000.0,,89208000.0,3714131000.0,3223818000.0,50075000.0,,8262146000.0,,30013000.0,,,6515000.0,,,,,,353130000.0,,,,,2726000.0,20560000.0,,238000.0,-22760000.0,,12058000.0,-226345000.0,105562000.0,
2014-09-30,2603349000.0,1067191000.0,1536158000.0,,820434000.0,,715724000.0,1042000.0,657414000.0,197317000.0,460097000.0,4.61,4.56,100068000.0,101006000.0,564112000.0,,528734000.0,213440000.0,65230000.0,,58051000.0,1532691000.0,,115243000.0,4731394000.0,2020798000.0,81089000.0,8510266000.0,,,221552000.0,662005000.0,,753798000.0,,87765000.0,3862042000.0,3359297000.0,-10680000.0,,8510266000.0,,47011000.0,,,8833000.0,,,,,,579232000.0,,,,,305254000.0,29835000.0,,6566000.0,-340393000.0,,14892000.0,-113472000.0,104392000.0,
2014-12-31,3549494000.0,1447595000.0,2101899000.0,147900000.0,1102426000.0,,999473000.0,620000.0,921456000.0,275423000.0,646033000.0,6.47,6.4,99916000.0,100884000.0,610430000.0,,511538000.0,193766000.0,173150000.0,,45763000.0,1512105000.0,,110876000.0,4710691000.0,1978729000.0,73037000.0,8412934000.0,,160738000.0,190953000.0,627947000.0,,735826000.0,,90770000.0,3657574000.0,3520201000.0,-71927000.0,,8412934000.0,197284000.0,63027000.0,,,-6349000.0,,,,,,840441000.0,,,,,305379000.0,37644000.0,,6588000.0,-348105000.0,,21081000.0,-298104000.0,150710000.0,300969000.0
2015-03-31,865281000.0,347120000.0,518161000.0,,271265000.0,,246896000.0,-679000.0,226381000.0,70608000.0,155773000.0,1.55,1.54,100377000.0,101361000.0,615493000.0,,499042000.0,194737000.0,60020000.0,,44787000.0,1521822000.0,,110973000.0,5088040000.0,2142299000.0,76311000.0,8974622000.0,,,237197000.0,699384000.0,,759813000.0,,90308000.0,4167227000.0,3650843000.0,-165000000.0,,8974622000.0,,13801000.0,,,7680000.0,,,,,,260399000.0,,,,,589577000.0,9950000.0,,3736000.0,-603123000.0,,4093000.0,386144000.0,5063000.0,
2015-06-30,1754822000.0,702750000.0,1052072000.0,,553202000.0,,498870000.0,-2199000.0,456658000.0,129605000.0,327053000.0,3.26,3.22,100573000.0,101569000.0,678571000.0,,481599000.0,197026000.0,58194000.0,,63893000.0,1587282000.0,,112374000.0,5111662000.0,2108964000.0,79215000.0,9034096000.0,,,234067000.0,654941000.0,,754297000.0,,88010000.0,4014747000.0,3796957000.0,-127788000.0,,9034096000.0,,29438000.0,,,7972000.0,,,,,,432948000.0,,,,,589727000.0,20673000.0,,4522000.0,-614328000.0,,8781000.0,273241000.0,68141000.0,
2015-09-30,2638755000.0,1053200000.0,1585555000.0,,836314000.0,,749241000.0,-1948000.0,686911000.0,199441000.0,487470000.0,4.85,4.8,100681000.0,101607000.0,700578000.0,,489183000.0,200820000.0,62506000.0,,52225000.0,1647879000.0,,105280000.0,5325844000.0,2246710000.0,75752000.0,9432999000.0,,,237289000.0,657032000.0,,769730000.0,,85265000.0,4304094000.0,3932195000.0,-177472000.0,,9432999000.0,,47035000.0,,,7047000.0,,,,,,659567000.0,,,,,1024779000.0,27503000.0,,5093000.0,-1056651000.0,,11593000.0,529332000.0,90148000.0,
2015-12-31,3582395000.0,1417749000.0,2164646000.0,164200000.0,1136728000.0,,1027918000.0,58652000.0,1002345000.0,306278000.0,696067000.0,6.92,6.85,100616000.0,101597000.0,778511000.0,,488271000.0,189868000.0,198045000.0,,39355000.0,1618047000.0,,105510000.0,5824726000.0,2528996000.0,59554000.0,10168365000.0,,168513000.0,267030000.0,720128000.0,,810856000.0,,74017000.0,4869418000.0,4110530000.0,-212779000.0,,10168365000.0,204261000.0,61766000.0,,,1150000.0,,,,,,928825000.0,,,,,1762883000.0,36260000.0,,5939000.0,-1698332000.0,,22228000.0,996242000.0,168081000.0,280801000.0
2016-03-31,902423000.0,342904000.0,559519000.0,,314528000.0,,244991000.0,-129000.0,217449000.0,66033000.0,151416000.0,1.5,1.48,101071000.0,102318000.0,523033000.0,,514616000.0,196321000.0,,,46492000.0,1432332000.0,,106212000.0,5975803000.0,2622157000.0,56650000.0,10224408000.0,,,275230000.0,779488000.0,,826425000.0,,71920000.0,4783173000.0,4231589000.0,-211036000.0,,10224408000.0,,18979000.0,,,3907000.0,,,,,,207072000.0,,,,,265248000.0,9489000.0,,-108000.0,-273956000.0,,0.0,-190182000.0,-255478000.0,
2016-06-30,1833981000.0,706942000.0,1127039000.0,,628970000.0,,498069000.0,-1463000.0,442330000.0,132845000.0,309485000.0,3.06,3.02,101249000.0,102466000.0,622294000.0,,509437000.0,191390000.0,,,45879000.0,1550173000.0,,104282000.0,5973770000.0,2581293000.0,57094000.0,10297118000.0,,,280984000.0,733041000.0,,834599000.0,,92198000.0,4746101000.0,4359258000.0,-257506000.0,5551017000.0,10297118000.0,,39092000.0,,,104000.0,,,,,,376832000.0,,,,,274968000.0,18348000.0,,679000.0,-293237000.0,,0.0,-231977000.0,-156217000.0,
2016-09-30,2779125000.0,1073593000.0,1705532000.0,,940073000.0,,765459000.0,-1126000.0,682386000.0,205822000.0,476564000.0,4.71,4.65,101372000.0,102522000.0,882270000.0,,498006000.0,197529000.0,,,45964000.0,1774811000.0,,103847000.0,5969328000.0,2541482000.0,59997000.0,10480128000.0,,,290231000.0,771740000.0,,821349000.0,,87381000.0,4767621000.0,4495907000.0,-248452000.0,5712507000.0,10480128000.0,,60480000.0,,,5916000.0,,,,,,693373000.0,,,,,277587000.0,26933000.0,,-36000.0,-303618000.0,,0.0,-279295000.0,103759000.0,
2016-12-31,3789925000.0,1457515000.0,2332410000.0,195400000.0,1277847000.0,,1054563000.0,-1481000.0,940652000.0,282007000.0,658645000.0,6.5,6.43,101291000.0,102464000.0,757200000.0,,619854000.0,181952000.0,273224000.0,,55851000.0,1776501000.0,,141318000.0,8647142000.0,3655843000.0,73503000.0,14324927000.0,152067000.0,219339000.0,488399000.0,1445272000.0,,1178205000.0,,104024000.0,8536062000.0,4642402000.0,-324739000.0,5788865000.0,14324927000.0,240453000.0,78827000.0,,,-6353000.0,,,,25190000.0,,963785000.0,,,,,3721758000.0,37305000.0,,-8138000.0,-3752856000.0,,0.0,2805263000.0,-21311000.0,329596000.0
2017-03-31,1086305000.0,418691000.0,667614000.0,,409358000.0,,258256000.0,-1047000.0,211344000.0,53273000.0,158071000.0,1.55,1.53,101885000.0,103078000.0,730666000.0,,549838000.0,191426000.0,,,69004000.0,1712623000.0,,144113000.0,8681114000.0,3587838000.0,74066000.0,14230054000.0,,,513820000.0,1538538000.0,,1169151000.0,,111875000.0,8259264000.0,4764711000.0,-294327000.0,5970790000.0,14230054000.0,,21049000.0,,,7905000.0,,,,34308000.0,,378217000.0,,,,,2829000.0,14930000.0,,500000.0,-21319000.0,,,-397085000.0,-26534000.0,
2017-06-30,2220976000.0,847712000.0,1373264000.0,,820750000.0,,552514000.0,6969000.0,466758000.0,129131000.0,337627000.0,3.31,3.27,102081000.0,103409000.0,663344000.0,,576362000.0,199842000.0,,,71142000.0,1701111000.0,,142641000.0,8720225000.0,3538599000.0,79173000.0,14213288000.0,,,516362000.0,1498496000.0,,1158965000.0,,114238000.0,8012802000.0,4908492000.0,-244812000.0,6200486000.0,14213288000.0,,43864000.0,,,13177000.0,,,,33344000.0,,550092000.0,,,,,35515000.0,24797000.0,,6531000.0,-62062000.0,,,-618372000.0,-93856000.0,
2017-09-30,3380888000.0,1281204000.0,2099684000.0,,1236423000.0,,863261000.0,5263000.0,731323000.0,203423000.0,527900000.0,5.17,5.11,102303000.0,103680000.0,605616000.0,,603874000.0,209306000.0,,,115408000.0,1692056000.0,,141279000.0,8793956000.0,3502687000.0,84236000.0,14246673000.0,,,534562000.0,1576778000.0,,1163371000.0,,114819000.0,7787689000.0,5062926000.0,-177277000.0,6458984000.0,14246673000.0,,67598000.0,,,19577000.0,,,,50554000.0,,865733000.0,,,,,88070000.0,35898000.0,,6932000.0,-128329000.0,,,-950175000.0,-151584000.0,
2017-12-31,4607471000.0,1742675000.0,2864796000.0,281100000.0,1654552000.0,,1210244000.0,5045000.0,1034723000.0,62951000.0,971772000.0,9.51,9.39,102168000.0,103522000.0,671327000.0,,641662000.0,204933000.0,182257000.0,,73481000.0,1759402000.0,,142535000.0,8820313000.0,3475218000.0,88219000.0,14316413000.0,171073000.0,266574000.0,566447000.0,2029409000.0,,829657000.0,,239172000.0,7452849000.0,5464571000.0,-186214000.0,6863564000.0,14316413000.0,344965000.0,83075000.0,,,15363000.0,,,,74881000.0,,1234482000.0,,,,,153736000.0,48752000.0,,6932000.0,-209576000.0,,0.0,-1170017000.0,-85873000.0,320235000.0
2018-03-31,1202500000.0,452000000.0,750500000.0,,450300000.0,,300200000.0,-1700000.0,255300000.0,44000000.0,211300000.0,2.05,2.03,102900000.0,104200000.0,366200000.0,,631200000.0,216700000.0,,,84100000.0,1502000000.0,,140900000.0,8869900000.0,3437700000.0,92200000.0,14074100000.0,,,631100000.0,2047500000.0,31100000.0,829800000.0,,220600000.0,6918600000.0,5647600000.0,-128400000.0,7155500000.0,14074100000.0,,26000000.0,,,9000000.0,,,,26300000.0,,281700000.0,,,,,38900000.0,9700000.0,,1000000.0,-51500000.0,,,-551600000.0,-305100000.0,
2018-06-30,2496200000.0,929800000.0,1566400000.0,,911900000.0,,654500000.0,2300000.0,568700000.0,129000000.0,439700000.0,4.26,4.22,103200000.0,104400000.0,421800000.0,,669300000.0,201900000.0,29900000.0,,81700000.0,1651100000.0,,138600000.0,9389400000.0,3964000000.0,99800000.0,15361000000.0,,,656800000.0,2066400000.0,29800000.0,,,204900000.0,8058100000.0,5833400000.0,-204600000.0,7302900000.0,15361000000.0,,54000000.0,,,15200000.0,,,,18400000.0,,547800000.0,,,,,1182300000.0,23100000.0,,800000.0,-1210600000.0,,,416400000.0,-249500000.0,
2018-09-30,3814900000.0,1408500000.0,2406400000.0,,1374400000.0,,1032000000.0,-1600000.0,880300000.0,193000000.0,687300000.0,6.66,6.58,103400000.0,104600000.0,363400000.0,,671700000.0,212200000.0,27400000.0,,83300000.0,1608000000.0,,130200000.0,9401300000.0,3887000000.0,102000000.0,15245100000.0,,,649100000.0,2119300000.0,,,,196800000.0,7690200000.0,6038400000.0,-199600000.0,7554900000.0,15245100000.0,,81100000.0,,,30400000.0,,,,15600000.0,,966000000.0,,,,,1188300000.0,34200000.0,,700000.0,-1230400000.0,,,-40800000.0,-307900000.0,
2018-12-31,5191200000.0,1911700000.0,3279500000.0,316800000.0,1883100000.0,,1396400000.0,0.0,1198400000.0,254000000.0,944400000.0,9.15,9.05,103200000.0,104400000.0,364400000.0,,700800000.0,190800000.0,211300000.0,,80000000.0,1610700000.0,,128700000.0,9346800000.0,3842100000.0,101100000.0,15249500000.0,165300000.0,258000000.0,677900000.0,1448200000.0,,,,191500000.0,7511000000.0,6247700000.0,-243300000.0,7738500000.0,15249500000.0,367000000.0,133800000.0,,,21800000.0,,,,86600000.0,,1430100000.0,,,,,1275800000.0,49100000.0,,700000.0,-1335100000.0,,,-388100000.0,-306900000.0,321600000.0
2019-03-31,1287200000.0,476600000.0,810600000.0,,464200000.0,,346400000.0,-3100000.0,419200000.0,49600000.0,369600000.0,3.57,3.53,103600000.0,104700000.0,392500000.0,,629300000.0,207500000.0,,,91500000.0,1586000000.0,,132200000.0,9365400000.0,3766800000.0,375400000.0,15414100000.0,,,691100000.0,1444700000.0,,,,416600000.0,7276700000.0,6569400000.0,-214600000.0,8137400000.0,15414100000.0,,25300000.0,,,19500000.0,,,,11900000.0,,290300000.0,,,,,3200000.0,15800000.0,,2200000.0,197200000.0,,,-464300000.0,28100000.0,
2019-06-30,2617500000.0,956900000.0,1660600000.0,,945800000.0,,714800000.0,-4100000.0,741500000.0,122200000.0,619300000.0,5.97,5.9,103900000.0,105100000.0,320800000.0,,698200000.0,203500000.0,,,88900000.0,1602300000.0,,134200000.0,9657700000.0,3943100000.0,381700000.0,15908300000.0,,,729100000.0,1443200000.0,,,,425800000.0,7557300000.0,6771000000.0,-243200000.0,8351000000.0,15908300000.0,,54300000.0,,,18400000.0,,,,51200000.0,,591100000.0,,,,,539200000.0,27900000.0,,2600000.0,-354100000.0,,,-282900000.0,-43600000.0,
2019-09-30,3972000000.0,1437800000.0,2534200000.0,,1434200000.0,,1100000000.0,-2600000.0,1079400000.0,182600000.0,896800000.0,8.64,8.54,104000000.0,105200000.0,323000000.0,,697600000.0,205000000.0,,,101500000.0,1619400000.0,,142600000.0,10746700000.0,4730800000.0,393800000.0,17819100000.0,,,745700000.0,1500900000.0,,,,437700000.0,9247800000.0,7000300000.0,-285100000.0,8571300000.0,17819100000.0,,80400000.0,,,25200000.0,,,,26500000.0,,995600000.0,,,,,2351900000.0,42200000.0,,2500000.0,-2183800000.0,,,1152100000.0,-41400000.0,
2019-12-31,5366800000.0,1939700000.0,3427100000.0,339100000.0,1928700000.0,,1498400000.0,-5100000.0,2227400000.0,459500000.0,1767900000.0,17.02,16.82,103900000.0,105100000.0,709700000.0,,791600000.0,198600000.0,322500000.0,,97600000.0,1999500000.0,,139900000.0,10815400000.0,4667700000.0,390800000.0,18108900000.0,162000000.0,346200000.0,831800000.0,2397400000.0,,,,438400000.0,8617000000.0,7818000000.0,-212800000.0,9491900000.0,18108900000.0,416000000.0,104500000.0,,,17300000.0,,,,116000000.0,,1461800000.0,,,,,2387300000.0,,,2600000.0,-1296000000.0,,,177000000.0,345300000.0,370900000.0
2020-03-31,1350700000.0,493900000.0,856800000.0,,507600000.0,,349200000.0,800000.0,304600000.0,64300000.0,240300000.0,2.3,2.28,104300000.0,105300000.0,999800000.0,,712200000.0,206200000.0,,,110800000.0,2273400000.0,,133400000.0,10732500000.0,4523000000.0,380500000.0,18137800000.0,,,827500000.0,2366100000.0,,,,425100000.0,8546500000.0,8003100000.0,-341000000.0,9591300000.0,18137800000.0,,27700000.0,,,10300000.0,,,,3600000.0,,363900000.0,,,,,2800000.0,,,0.0,-17000000.0,,,-38700000.0,290100000.0,
2020-06-30,2655700000.0,955200000.0,1700500000.0,,1017700000.0,,682800000.0,-2000000.0,588700000.0,129200000.0,459500000.0,4.4,4.36,104500000.0,105500000.0,1870800000.0,,738800000.0,216600000.0,,,104200000.0,3179200000.0,,129600000.0,10846600000.0,4511800000.0,382500000.0,19142300000.0,,,828300000.0,2498600000.0,,,,429900000.0,9262600000.0,8168700000.0,-284800000.0,9879700000.0,19142300000.0,,58200000.0,,,19100000.0,,,,-4300000.0,,813000000.0,,,,,153000000.0,,,0.0,-177500000.0,,,532900000.0,1161100000.0,
2020-09-30,4021800000.0,1445400000.0,2576400000.0,,1526000000.0,,1050400000.0,-3400000.0,891800000.0,197900000.0,693900000.0,6.64,6.57,104700000.0,105900000.0,302100000.0,,773400000.0,214900000.0,,,122800000.0,1706200000.0,,146600000.0,14158600000.0,7122500000.0,423000000.0,23652000000.0,,,868100000.0,2339900000.0,,,,486100000.0,13491100000.0,8349400000.0,-241400000.0,10160900000.0,23652000000.0,,88400000.0,,,15200000.0,,,,-57500000.0,,950900000.0,,,,,5653300000.0,,,2700000.0,-5693000000.0,,,4336400000.0,-407600000.0,
2020-12-31,5527100000.0,1984100000.0,3543000000.0,446100000.0,2111900000.0,,1431100000.0,-2900000.0,1209300000.0,259600000.0,949700000.0,9.08,8.98,104600000.0,105700000.0,308300000.0,,863000000.0,198400000.0,458500000.0,,119000000.0,1752300000.0,,140600000.0,14395200000.0,7206900000.0,425800000.0,24024800000.0,177800000.0,457000000.0,994600000.0,2444400000.0,,,,473600000.0,13545000000.0,8546200000.0,-147000000.0,10479800000.0,24024800000.0,520800000.0,121700000.0,,,-4600000.0,,,,122900000.0,,1525100000.0,,,,,6018100000.0,,,2600000.0,-6073900000.0,,,4136900000.0,-401400000.0,515100000.0
2021-03-31,1528600000.0,534800000.0,993800000.0,,593300000.0,,400500000.0,27000000.0,366900000.0,77900000.0,289000000.0,2.75,2.73,105000000.0,106000000.0,331000000.0,,792000000.0,206000000.0,,,129200000.0,1739400000.0,,134600000.0,14405300000.0,7066800000.0,422700000.0,23871100000.0,,,1023400000.0,2462900000.0,,,,499100000.0,13105400000.0,8776000000.0,-132400000.0,10765700000.0,23871100000.0,,32900000.0,,,8200000.0,,,,60500000.0,,559600000.0,,,,,0.0,,,,10700000.0,,,-545200000.0,22700000.0,
2021-06-30,3116200000.0,1088300000.0,2027900000.0,,1209400000.0,,818500000.0,27900000.0,726300000.0,151000000.0,575300000.0,5.47,5.42,105300000.0,106400000.0,337800000.0,,804200000.0,212700000.0,,,138700000.0,1796700000.0,,125300000.0,14430000000.0,6936800000.0,440600000.0,23833700000.0,,,1010600000.0,2503100000.0,,,,491300000.0,12744500000.0,9003100000.0,-115100000.0,11089200000.0,23833700000.0,,69300000.0,,,14700000.0,,,,40200000.0,,985100000.0,,,,,15500000.0,,,1200000.0,-22200000.0,,,-934600000.0,29500000.0,
2021-09-30,4265500000.0,1366100000.0,2899400000.0,,1739800000.0,,1159600000.0,24900000.0,1006300000.0,223600000.0,864800000.0,8.22,8.13,105400000.0,106700000.0,352500000.0,,749400000.0,174400000.0,,,136200000.0,2375200000.0,,105600000.0,13989200000.0,6745900000.0,408600000.0,23728100000.0,,,995500000.0,2861100000.0,,,,468800000.0,12385800000.0,9233200000.0,-150500000.0,11342300000.0,23728100000.0,,102900000.0,,,11000000.0,,,,31500000.0,,1432400000.0,,,,,19400000.0,,,1000000.0,-42400000.0,,,-1340900000.0,44200000.0,
2021-12-31,5777800000.0,1860400000.0,3917400000.0,528400000.0,2337700000.0,,1480200000.0,24900000.0,1271000000.0,288400000.0,1152600000.0,10.95,10.82,105300000.0,106500000.0,351500000.0,,839400000.0,176100000.0,386400000.0,,142500000.0,2421100000.0,,102800000.0,14094500000.0,6588500000.0,405900000.0,23713900000.0,,440700000.0,1130200000.0,3121800000.0,,,,426200000.0,12150100000.0,9455600000.0,-183100000.0,11563800000.0,23713900000.0,634100000.0,136100000.0,,,13900000.0,,,,164500000.0,,2011900000.0,,,,,217000000.0,,,700000.0,-142900000.0,,,-1813500000.0,43200000.0,
2022-03-31,1526600000.0,496500000.0,1030100000.0,,609000000.0,,421100000.0,-1900000.0,366600000.0,79000000.0,2020500000.0,19.13,18.94,105600000.0,106700000.0,3237500000.0,,755300000.0,202700000.0,,,160900000.0,4485600000.0,,98900000.0,14094900000.0,6454100000.0,400900000.0,25635800000.0,,413000000.0,1120300000.0,3501800000.0,,,,451200000.0,12083900000.0,11410400000.0,-206000000.0,13551900000.0,25635800000.0,,35900000.0,,,27700000.0,,,17900000.0,29400000.0,,475300000.0,,,,,53200000.0,,,0.0,2938200000.0,,,-520200000.0,2886000000.0,
2022-06-30,2590600000.0,781900000.0,1808700000.0,,1089900000.0,,718800000.0,-3400000.0,618100000.0,156700000.0,2289300000.0,21.64,21.44,105900000.0,106800000.0,2879100000.0,,628500000.0,92500000.0,,,154000000.0,4992000000.0,,77300000.0,13566600000.0,6300700000.0,367400000.0,25350300000.0,,388000000.0,1105200000.0,3166100000.0,,,,392500000.0,11623800000.0,11613500000.0,-287800000.0,13726500000.0,25350300000.0,,61200000.0,,,23700000.0,,,30900000.0,38600000.0,,411100000.0,,,,,258900000.0,,,0.0,2705000000.0,,,-562900000.0,2527600000.0,
2022-09-30,3940900000.0,1190400000.0,2750500000.0,,1638500000.0,,1112000000.0,3600000.0,973600000.0,235300000.0,2616300000.0,24.71,24.5,106000000.0,106800000.0,1894500000.0,,630300000.0,101000000.0,,,138600000.0,3991400000.0,,83200000.0,13672800000.0,6243500000.0,359100000.0,24397200000.0,,365600000.0,1048800000.0,2840400000.0,,,,373400000.0,10539400000.0,11874800000.0,-468700000.0,13857800000.0,24397200000.0,,90800000.0,,,33600000.0,,,24700000.0,-15200000.0,,662900000.0,,,,,580900000.0,,,1800000.0,2357600000.0,,,-1413100000.0,1543000000.0,
2022-12-31,5371800000.0,1619000000.0,3752800000.0,529800000.0,2228300000.0,,1524500000.0,-50100000.0,1282000000.0,296400000.0,4544700000.0,42.92,42.55,105900000.0,106800000.0,792800000.0,,724500000.0,111300000.0,437800000.0,,151300000.0,1932400000.0,,85300000.0,15946100000.0,8030700000.0,395400000.0,26980800000.0,,454600000.0,1370700000.0,2892500000.0,,,,411200000.0,10943000000.0,13730700000.0,-187000000.0,16037800000.0,26980800000.0,650100000.0,118500000.0,,,43100000.0,,,21300000.0,52900000.0,,734600000.0,,,,,4280100000.0,,,1400000.0,1209500000.0,,,-1465300000.0,441300000.0,
2023-03-31,1469700000.0,451100000.0,1018600000.0,,617600000.0,,401000000.0,-2300000.0,360100000.0,75800000.0,283100000.0,2.66,2.65,106300000.0,107000000.0,1181600000.0,,629100000.0,115000000.0,,,180100000.0,2232200000.0,,86300000.0,15962800000.0,7871700000.0,387500000.0,27134800000.0,,413400000.0,1303800000.0,2775400000.0,,,,409400000.0,10802100000.0,13941200000.0,-162900000.0,16332700000.0,27134800000.0,,29600000.0,,,3800000.0,,,11200000.0,-61400000.0,,463700000.0,,,,,1100000.0,,,2800000.0,-26800000.0,,,-52500000.0,388800000.0,
2023-06-30,3000900000.0,915200000.0,2085700000.0,,1249400000.0,,836300000.0,-5100000.0,823800000.0,178500000.0,648000000.0,6.09,6.04,106600000.0,107400000.0,1462800000.0,,684400000.0,118000000.0,,,179400000.0,2606100000.0,,93700000.0,16002500000.0,7718800000.0,399800000.0,27460400000.0,,397100000.0,1279800000.0,2763900000.0,,,,394900000.0,10714500000.0,14233200000.0,-126700000.0,16745900000.0,27460400000.0,,63500000.0,,,5900000.0,,,17900000.0,-98300000.0,,783300000.0,,,,,17300000.0,,,2900000.0,-50300000.0,,,-75800000.0,670000000.0,
2023-09-30,4564300000.0,1382300000.0,3182000000.0,,1899600000.0,,1282400000.0,5000000.0,1266400000.0,275500000.0,995200000.0,9.34,9.27,106700000.0,107600000.0,299500000.0,,746400000.0,122500000.0,,,168800000.0,1504500000.0,,98300000.0,17047600000.0,8343600000.0,405500000.0,28188000000.0,,389500000.0,1496700000.0,2812700000.0,,,,411600000.0,11149300000.0,14507500000.0,-176800000.0,17038700000.0,28188000000.0,,99200000.0,,,11200000.0,,,12100000.0,18600000.0,,1413300000.0,,,,,1970100000.0,,,-600000.0,-2008700000.0,,,103300000.0,-493300000.0,
2023-12-31,6177800000.0,1870600000.0,4307200000.0,646100000.0,2562000000.0,,1745200000.0,-2800000.0,1743100000.0,374700000.0,1384200000.0,12.98,12.89,106600000.0,107400000.0,214300000.0,,829900000.0,118600000.0,533000000.0,,164500000.0,1481400000.0,,119600000.0,17118800000.0,8212100000.0,407700000.0,28167500000.0,,446500000.0,1583800000.0,2963200000.0,,,,415800000.0,10722700000.0,14816300000.0,-122800000.0,17444800000.0,28167500000.0,755200000.0,123500000.0,,,6600000.0,,,18200000.0,93900000.0,,2035100000.0,,,,,2052700000.0,,,100000.0,-2126300000.0,,,-499500000.0,-578500000.0,
2024-03-31,1680700000.0,499700000.0,1181000000.0,,699700000.0,,481300000.0,-1200000.0,483900000.0,101900000.0,382000000.0,3.57,3.54,107000000.0,107900000.0,198400000.0,,763500000.0,126000000.0,,,194400000.0,1425700000.0,,119600000.0,18310800000.0,8830900000.0,407800000.0,29978500000.0,,464200000.0,1507700000.0,2909500000.0,,,,424200000.0,12180900000.0,15118000000.0,-141900000.0,17797600000.0,29978500000.0,,33600000.0,,,7900000.0,,,300000.0,-70500000.0,,531500000.0,,,,,1858700000.0,,,1000000.0,-1878600000.0,,,1336900000.0,-15900000.0,
2024-06-30,3397500000.0,1023200000.0,2374300000.0,,1398800000.0,,975500000.0,-1800000.0,909200000.0,190100000.0,719100000.0,6.72,6.66,107100000.0,107900000.0,251500000.0,,739900000.0,128800000.0,,,198200000.0,1490200000.0,,116400000.0,18313100000.0,8645300000.0,409000000.0,29847500000.0,,469700000.0,1468300000.0,2807800000.0,,,,391400000.0,11708500000.0,15374300000.0,-142800000.0,18139000000.0,29847500000.0,,73300000.0,,,11000000.0,,,4500000.0,-122600000.0,,915600000.0,,,,,1858300000.0,,,1100000.0,-1887400000.0,,,1015400000.0,37200000.0,
2024-09-30,5162100000.0,1566100000.0,3596000000.0,,2123900000.0,,1472100000.0,900000.0,1376400000.0,289400000.0,1087000000.0,10.15,10.06,107200000.0,108100000.0,269600000.0,,821200000.0,129000000.0,,,199200000.0,1592300000.0,,132800000.0,19267200000.0,9212700000.0,433200000.0,31552700000.0,,468400000.0,1671000000.0,3289700000.0,,,,420000000.0,13037200000.0,15661400000.0,-107400000.0,18515500000.0,31552700000.0,,112900000.0,,,8300000.0,,,-7200000.0,24500000.0,,1671000000.0,,,,,3464100000.0,,,1000000.0,-3528200000.0,,,1901700000.0,55300000.0,
,,,,,,,,,,,,,,,,,,,,,,,,,,,,,,,,,,,,,,,,,,,,,,,,,,,,,,,,,,,,,,,,,,,
