Date,Net sales,Cost of sales,Gross margin,Research and development,"Selling, general and administrative",Total operating expenses,Operating income,"Other income/(expense), net",Income before provision for income taxes,Provision for income taxes,Net income,Earnings per share basic,Earnings per share diluted,Weighted-average basic,Weighted-average diluted,Cash and cash equivalents,Short-term marketable securities,"Accounts receivable, net",Inventories,Deferred tax assets,Vendor non-trade receivables,Other current assets,Total current assets,Long-term marketable securities,"Property, Plant and Equipment, Net",Goodwill,"Acquired intangible assets, net","Other Assets, Noncurrent",Total assets,accounts payable,Accrued expenses,Deferred revenue,Total current liabilities,Deferred revenue - non-current,deferred tax liabilities,long term taxes payable,Total other non-current liabilities,Total liabilities,Retained Earnings (Accumulated Deficit),Accumulated other comprehensive (loss)/income,Total shareholders equity,Total liabilities and shareholders' equity,"Depreciation, amortization and accretion",Stock-based compensation expense,Deferred income tax expense,"Increase (Decrease) in Accounts receivable, net",Increase (Decrease) in Inventories,Increase (Decrease) in Other Receivables,Increase (Decrease) in Other Operating Assets,Increase (Decrease) in Accounts Payable,Increase (Decrease) in Deferred Revenue,Increase (Decrease) Other liabilities,Cash generated by operating activities,Purchases of marketable securities,Proceeds from maturities of marketable securities,Proceeds from sales of marketable securities,Purchases of other long-term investments,"Business acquisitions, net of cash acquired",Cash payments for capital asset purchases,Payments for acquisition of intangible assets,Payments for (Proceeds from) Other Investing Activities,Cash used in investing activities,Proceeds from issuance of common stock,Excess tax benefits from stock-based compensation,Cash generated/used in financing activities,Increase/(decrease) in cash and cash equivalents,"Cash paid for income taxes, net"
2010-05-01,1934778000.0,,,,294472000.0,1702942000.0,,,231836000.0,89489000.0,142347000.0,1.19,1.16,119829000.0,122332000.0,823652000.0,,,908065000.0,3923000.0,,67895000.0,1859744000.0,,933654000.0,,,73352000.0,2882607000.0,748779000.0,231927000.0,,1229551000.0,,88328000.0,,185375000.0,,566590000.0,198000.0,1229353000.0,2882607000.0,39844000.0,8910000.0,-14772000.0,,35567000.0,,19311000.0,110149000.0,,-43557000.0,189181000.0,,,,,,35519000.0,,,-34671000.0,,6482000.0,-99201000.0,55309000.0,47250000.0
2010-07-31,3846538000.0,,,,597874000.0,3404565000.0,,,441973000.0,170350000.0,271623000.0,2.28,2.24,119222000.0,121243000.0,772671000.0,2491000.0,,915704000.0,4249000.0,,66653000.0,1814847000.0,18535000.0,945335000.0,,,72146000.0,2850863000.0,745461000.0,244460000.0,,1179602000.0,,80088000.0,,184324000.0,,585636000.0,562000.0,1256849000.0,2850863000.0,80161000.0,18253000.0,-23337000.0,,43206000.0,,16880000.0,106831000.0,,-89771000.0,304837000.0,,,,,,88122000.0,,,-89944000.0,,8597000.0,-210565000.0,4328000.0,225628000.0
2010-10-30,5720858000.0,,,,910151000.0,5084587000.0,,,636271000.0,243270000.0,393001000.0,3.32,3.26,118494000.0,120522000.0,732798000.0,1798000.0,,1048130000.0,1426000.0,,66762000.0,1904844000.0,16998000.0,966191000.0,,,74556000.0,2962589000.0,767741000.0,262017000.0,,1247630000.0,,92176000.0,,187772000.0,,601275000.0,699000.0,1285011000.0,2962589000.0,120123000.0,27523000.0,-8427000.0,,175632000.0,,17840000.0,129111000.0,,-43368000.0,426761000.0,,,,,,149659000.0,,,-149040000.0,,11466000.0,-313266000.0,-35545000.0,282417000.0
2011-01-29,7866100000.0,,,,1229775000.0,6969079000.0,,,897021000.0,342224000.0,554797000.0,4.71,4.63,117821000.0,119902000.0,833924000.0,3204000.0,,1086917000.0,81200000.0,,63807000.0,2043239000.0,14082000.0,983776000.0,2889000.0,,75107000.0,3116204000.0,767455000.0,292174000.0,,1352320000.0,,,,189989000.0,,636705000.0,488000.0,1332692000.0,3116204000.0,160693000.0,36551000.0,-17977000.0,,214419000.0,,6339000.0,102851000.0,,52594000.0,673066000.0,,,,,,198651000.0,,,-196845000.0,,14746000.0,-410640000.0,65581000.0,330589000.0
2011-04-30,2074576000.0,,,,309160000.0,1792861000.0,,,281715000.0,108742000.0,172973000.0,1.51,1.48,114764000.0,116773000.0,671005000.0,3275000.0,,1172716000.0,,,72900000.0,1997241000.0,12191000.0,1005674000.0,,,86888000.0,3101994000.0,742600000.0,265586000.0,,1238794000.0,,,,200575000.0,,704647000.0,485000.0,1406106000.0,3101994000.0,39934000.0,9894000.0,9657000.0,,85799000.0,,25392000.0,1120000.0,,-80429000.0,41051000.0,,,,,,70096000.0,,,-68282000.0,,9727000.0,-135688000.0,-162919000.0,54705000.0
2011-07-30,4163986000.0,,,,630045000.0,3640622000.0,,,523364000.0,202115000.0,321249000.0,2.81,2.76,114208000.0,116204000.0,512716000.0,1963000.0,,1189523000.0,,,93358000.0,1869862000.0,11730000.0,1042679000.0,,,136491000.0,3055275000.0,709143000.0,270636000.0,,1164731000.0,,,,198234000.0,,716858000.0,571000.0,1425929000.0,3055275000.0,77416000.0,19280000.0,19818000.0,,102606000.0,,22264000.0,-32338000.0,,-119906000.0,161665000.0,,,,,,145720000.0,,,-209017000.0,,11829000.0,-273856000.0,-321208000.0,225265000.0
2011-10-29,6210413000.0,,,,962271000.0,5465626000.0,,,744787000.0,279569000.0,465218000.0,4.1,4.03,113562000.0,115552000.0,552924000.0,298000.0,,1233616000.0,,,88964000.0,1958100000.0,11535000.0,1088244000.0,,,129616000.0,3181944000.0,759708000.0,290498000.0,,1269072000.0,,,,204105000.0,,730056000.0,535000.0,1447251000.0,3181944000.0,117337000.0,30411000.0,10402000.0,,146699000.0,,24145000.0,18227000.0,,-65961000.0,413691000.0,,,,,,231349000.0,,,-286889000.0,,13362000.0,-407802000.0,-281000000.0,300824000.0
2012-01-28,8608291000.0,,,,1304065000.0,7555147000.0,,,1053144000.0,395974000.0,657170000.0,2.91,2.86,225915000.0,229982000.0,649835000.0,658000.0,,1130070000.0,-102922000.0,,87362000.0,1924371000.0,11253000.0,1241722000.0,2889000.0,,129514000.0,3301209000.0,761717000.0,304654000.0,,1346052000.0,,,,203625000.0,,763475000.0,635000.0,1493012000.0,3301209000.0,159892000.0,40404000.0,21722000.0,,43153000.0,,10329000.0,-11614000.0,,-2109000.0,820105000.0,,,,,,100000000.0,,,-471768000.0,,18180000.0,-532426000.0,-184089000.0,370074000.0
2012-04-28,2356841000.0,,,,337811000.0,2019170000.0,,,337671000.0,129058000.0,208613000.0,0.94,0.93,221104000.0,224929000.0,741117000.0,721000.0,,1134703000.0,11854000.0,,104216000.0,2058985000.0,10979000.0,1246601000.0,,,146286000.0,3457486000.0,830044000.0,284108000.0,,1370637000.0,,,,211777000.0,,866748000.0,626000.0,1610635000.0,3457486000.0,43136000.0,11587000.0,-339000.0,,4633000.0,,28890000.0,100177000.0,,-33792000.0,297330000.0,,,,,,57993000.0,,,-71209000.0,,22662000.0,-134839000.0,91282000.0,30258000.0
2012-07-28,4697696000.0,,,,689900000.0,4062988000.0,,,634708000.0,244071000.0,390637000.0,1.77,1.74,220585000.0,224289000.0,721046000.0,1711000.0,,1219092000.0,11949000.0,,98718000.0,2117992000.0,9937000.0,1295097000.0,,,142534000.0,3560163000.0,885892000.0,315748000.0,,1415136000.0,,,,215910000.0,,908866000.0,652000.0,1664153000.0,3560163000.0,87684000.0,24241000.0,93000.0,,89022000.0,,24845000.0,156026000.0,,-44081000.0,504163000.0,,,,,,152105000.0,,,-156795000.0,,23984000.0,-276157000.0,71211000.0,235260000.0
2012-10-27,6960419000.0,,,,1047883000.0,6071611000.0,,,888808000.0,338647000.0,550161000.0,2.5,2.46,219917000.0,223596000.0,623822000.0,2823000.0,,1342904000.0,11509000.0,,102609000.0,2150870000.0,8703000.0,1352166000.0,,,140504000.0,3647937000.0,886629000.0,352484000.0,,1466588000.0,,,,223477000.0,,931151000.0,644000.0,1697735000.0,3647937000.0,133824000.0,37380000.0,-4294000.0,,212834000.0,,32340000.0,156763000.0,,6628000.0,646270000.0,,,,,,255332000.0,,,-256959000.0,,26997000.0,-415324000.0,-26013000.0,344686000.0
2013-02-02,9721065000.0,,,,1437886000.0,8456221000.0,,,1264844000.0,478081000.0,786763000.0,3.59,3.53,219130000.0,222784000.0,646761000.0,2362000.0,,1209237000.0,-63894000.0,,94318000.0,2031427000.0,8638000.0,1493284000.0,2889000.0,,141476000.0,3670561000.0,807534000.0,320415000.0,,1422582000.0,,,,246815000.0,,989260000.0,585000.0,1766863000.0,3670561000.0,185491000.0,48952000.0,-39028000.0,,79167000.0,,14474000.0,40109000.0,,18146000.0,979644000.0,,,,,,424434000.0,,,-425724000.0,,29103000.0,-556994000.0,-3074000.0,435808000.0
2013-05-04,2539914000.0,,,,361968000.0,2160988000.0,,,378926000.0,144314000.0,234612000.0,1.09,1.07,215408000.0,218496000.0,714174000.0,2196000.0,,1226449000.0,22846000.0,,111405000.0,2153196000.0,8444000.0,1526564000.0,,,158699000.0,3842761000.0,859595000.0,328690000.0,,1467202000.0,,,,261301000.0,,1092253000.0,586000.0,1875261000.0,3842761000.0,48726000.0,11788000.0,2257000.0,,17212000.0,,31197000.0,89620000.0,,8077000.0,352859000.0,,,,,,97552000.0,,,-109699000.0,,20114000.0,-175747000.0,67413000.0,59232000.0
2013-08-03,5091191000.0,,,,743161000.0,4365783000.0,,,725408000.0,277675000.0,447733000.0,2.09,2.06,214622000.0,217570000.0,550565000.0,159000.0,,1330536000.0,23136000.0,,115025000.0,2098477000.0,8216000.0,1646457000.0,,,159336000.0,3908485000.0,938059000.0,342851000.0,,1471814000.0,,,,270776000.0,,1136299000.0,439000.0,1930970000.0,3908485000.0,98853000.0,24211000.0,-2105000.0,,121299000.0,,36751000.0,168084000.0,,-61570000.0,532328000.0,,,,,,271690000.0,,,-282896000.0,,22123000.0,-345628000.0,-96196000.0,305040000.0
2013-11-02,7489313000.0,,,,1125021000.0,6493726000.0,,,995587000.0,376236000.0,619351000.0,2.9,2.86,213743000.0,216662000.0,372270000.0,12161000.0,,1430467000.0,16871000.0,,145646000.0,2050089000.0,8205000.0,1740879000.0,,,151543000.0,3946723000.0,908797000.0,349894000.0,,1496697000.0,,,,279654000.0,,1132538000.0,436000.0,1941127000.0,3946723000.0,149411000.0,35672000.0,-1520000.0,,221230000.0,,63749000.0,138821000.0,,-876000.0,681221000.0,,,,,,423211000.0,,,-436905000.0,,26998000.0,-518807000.0,-274491000.0,424260000.0
2014-02-01,10230353000.0,,,,1526366000.0,8887043000.0,,,1343310000.0,506006000.0,837304000.0,3.93,3.88,212881000.0,215805000.0,423168000.0,12266000.0,,1257155000.0,-48644000.0,,101991000.0,1867159000.0,7559000.0,1875299000.0,2889000.0,,150629000.0,3896797000.0,779455000.0,359929000.0,,1393057000.0,,,,287567000.0,,1190747000.0,389000.0,2007302000.0,3896797000.0,206111000.0,46847000.0,-15250000.0,,47918000.0,,9875000.0,-4104000.0,,-18562000.0,1022003000.0,,,,,,550515000.0,,,-563808000.0,,26906000.0,-681788000.0,-223593000.0,506182000.0
2014-05-03,2680593000.0,,,,379802000.0,2287882000.0,,,392711000.0,148798000.0,243913000.0,1.17,1.15,208949000.0,211515000.0,595950000.0,,,1250759000.0,13070000.0,,118751000.0,2063022000.0,,1924038000.0,,,160864000.0,4151594000.0,930576000.0,352559000.0,,1576353000.0,,,,286672000.0,,1259646000.0,356000.0,2075278000.0,4151594000.0,56465000.0,12035000.0,1577000.0,,-6396000.0,,36623000.0,157254000.0,,71446000.0,504577000.0,,,,,,148700000.0,,,-143658000.0,,22943000.0,-188137000.0,172782000.0,28936000.0
2014-08-02,5410159000.0,,,,775027000.0,4627029000.0,,,783130000.0,299656000.0,483474000.0,2.32,2.3,208257000.0,210607000.0,549784000.0,,,1258820000.0,14090000.0,,115953000.0,2023865000.0,,1979288000.0,,,161019000.0,4167832000.0,967915000.0,367451000.0,,1532121000.0,,,,283584000.0,,1325197000.0,342000.0,2149327000.0,4167832000.0,110670000.0,25095000.0,-9934000.0,,1665000.0,,34536000.0,189896000.0,,-12101000.0,741791000.0,,,,,,253350000.0,,,-248371000.0,,23755000.0,-366804000.0,126616000.0,299762000.0
2014-11-01,8008979000.0,,,,1185029000.0,6919993000.0,,,1088986000.0,412792000.0,676194000.0,3.26,3.22,207460000.0,209741000.0,571578000.0,,,1495013000.0,16342000.0,,143665000.0,2302493000.0,,2201620000.0,,,161495000.0,4669242000.0,1131717000.0,395126000.0,,1766924000.0,,,,278254000.0,,1341345000.0,324000.0,2187296000.0,4669242000.0,170321000.0,38776000.0,-26557000.0,,237858000.0,,53561000.0,353184000.0,,67769000.0,981982000.0,,,,,,551545000.0,,,-544287000.0,,30073000.0,-289285000.0,148410000.0,461108000.0
2015-01-31,11041677000.0,,,,1615371000.0,9556311000.0,,,1485366000.0,560642000.0,924724000.0,4.47,4.42,206777000.0,209039000.0,696608000.0,500000.0,,1372675000.0,-73730000.0,,106778000.0,2262790000.0,6938000.0,2273752000.0,2889000.0,,163482000.0,4703134000.0,1000700000.0,385325000.0,,1659368000.0,,,,279500000.0,,1421724000.0,330000.0,2279210000.0,4703134000.0,232959000.0,53001000.0,25086000.0,,115520000.0,,16410000.0,204158000.0,,69568000.0,1372865000.0,,,,,,646691000.0,,,-638999000.0,,29415000.0,-460426000.0,273440000.0,510145000.0
2015-05-02,2938148000.0,,,,409298000.0,2478756000.0,,,459392000.0,177187000.0,282205000.0,1.38,1.37,203827000.0,205693000.0,761356000.0,,,1504281000.0,12590000.0,,119381000.0,2486366000.0,,2276747000.0,,,169795000.0,4936049000.0,1128808000.0,389804000.0,,1825007000.0,,,,296490000.0,,1485208000.0,248000.0,2333499000.0,4936049000.0,63316000.0,14288000.0,-944000.0,,131606000.0,,27539000.0,143038000.0,,63217000.0,413988000.0,,,,,,106928000.0,,,-107054000.0,,37255000.0,-242186000.0,64748000.0,43302000.0
2015-08-01,5906418000.0,,,,844524000.0,5035114000.0,,,871304000.0,330460000.0,540844000.0,1.33,1.32,406211000.0,409562000.0,630288000.0,,,1509752000.0,10732000.0,,129819000.0,2370033000.0,,2289478000.0,,,162180000.0,4824304000.0,1044875000.0,405629000.0,,1675657000.0,,,,287406000.0,,1526290000.0,223000.0,2386514000.0,4824304000.0,128729000.0,29881000.0,-5528000.0,,137077000.0,,38097000.0,64802000.0,,111000.0,590371000.0,,,,,,193108000.0,,,-193297000.0,,37352000.0,-463394000.0,-66320000.0,322294000.0
2015-10-31,8689273000.0,,,,1287878000.0,7486242000.0,,,1203031000.0,446531000.0,756500000.0,1.87,1.85,404636000.0,407888000.0,485703000.0,,,1700834000.0,9186000.0,,156130000.0,2434590000.0,,2307665000.0,,,159326000.0,4903771000.0,1053013000.0,417156000.0,,1749479000.0,,,,284799000.0,,1521924000.0,213000.0,2394082000.0,4903771000.0,202174000.0,45573000.0,-3414000.0,,328159000.0,,57271000.0,73715000.0,,65802000.0,762027000.0,,,,,,285560000.0,,,-285766000.0,,39406000.0,-687166000.0,-210905000.0,465548000.0
2016-01-30,11939999000.0,,,,1738755000.0,10328240000.0,,,1611759000.0,591098000.0,1020661000.0,2.53,2.51,403034000.0,406405000.0,761602000.0,,,1419104000.0,,,116125000.0,2372195000.0,,2342906000.0,,,152687000.0,4869119000.0,945559000.0,376522000.0,,1602847000.0,,130088000.0,,268168000.0,,1574982000.0,182000.0,2471991000.0,4869119000.0,274828000.0,70937000.0,56358000.0,,46429000.0,,13496000.0,-41464000.0,,7796000.0,1326252000.0,,,,,,366960000.0,,,-362509000.0,,42302000.0,-898749000.0,64994000.0,523597000.0
2016-04-30,3088995000.0,,,,436924000.0,2617493000.0,,,471502000.0,180868000.0,290634000.0,0.73,0.73,395799000.0,398812000.0,910025000.0,,,1498449000.0,,,122678000.0,2629123000.0,,2318456000.0,,,165265000.0,5114177000.0,1056257000.0,382107000.0,,1750896000.0,,140801000.0,,286897000.0,,1641789000.0,170000.0,2539441000.0,5114177000.0,73878000.0,17716000.0,10713000.0,,79345000.0,,29150000.0,123886000.0,,54415000.0,469080000.0,,,,,,79724000.0,,,-79768000.0,,20538000.0,-240889000.0,148423000.0,26763000.0
2016-07-30,6269912000.0,,,,906435000.0,5343062000.0,,,926850000.0,354310000.0,572540000.0,1.45,1.44,394684000.0,397381000.0,927718000.0,,,1560209000.0,,,127401000.0,2713680000.0,,2310481000.0,,,168748000.0,5194234000.0,1125836000.0,397150000.0,,1751181000.0,,135597000.0,,296867000.0,,1699674000.0,159000.0,2614330000.0,5194234000.0,148630000.0,36206000.0,5509000.0,,141105000.0,,34773000.0,192610000.0,,-13108000.0,779554000.0,,,,,,147426000.0,,,-147055000.0,,22682000.0,-466383000.0,166116000.0,313142000.0
2016-10-29,9356599000.0,,,,1396606000.0,8043481000.0,,,1313118000.0,496032000.0,817086000.0,2.08,2.06,393412000.0,396056000.0,878811000.0,,,1763745000.0,,,140662000.0,2875376000.0,,2310670000.0,,,162525000.0,5349887000.0,1149136000.0,439570000.0,,1887944000.0,,122048000.0,,293997000.0,,1717920000.0,124000.0,2649522000.0,5349887000.0,224136000.0,56489000.0,-8040000.0,,344641000.0,,43045000.0,213168000.0,,100385000.0,1029228000.0,,,,,,220442000.0,,,-216032000.0,,24558000.0,-695987000.0,117209000.0,482801000.0
2017-01-28,12866757000.0,,,,1890408000.0,11080601000.0,,,1786156000.0,668502000.0,1117654000.0,2.85,2.83,392124000.0,394958000.0,1111599000.0,,,1512886000.0,234947000.0,,113410000.0,2813049000.0,,2328048000.0,,,166966000.0,5309351000.0,1021735000.0,398126000.0,,1752506000.0,,121385000.0,,290950000.0,,1801138000.0,91000.0,2748017000.0,5309351000.0,302515000.0,74554000.0,-8703000.0,,93782000.0,,928000.0,83085000.0,,76676000.0,1558851000.0,,,,,,297880000.0,,,-292763000.0,,23331000.0,-916091000.0,349997000.0,628441000.0
2017-04-29,3306429000.0,,,,474819000.0,2807954000.0,,,498475000.0,177457000.0,321018000.0,0.83,0.82,386433000.0,389730000.0,1244219000.0,,,1594760000.0,,,124916000.0,3064735000.0,,2308689000.0,,,178284000.0,5552975000.0,1178029000.0,418846000.0,,1937723000.0,,,,309339000.0,,1850543000.0,75000.0,2777746000.0,5552975000.0,75820000.0,20238000.0,10847000.0,,81874000.0,,37168000.0,162788000.0,,41900000.0,520838000.0,,,,,,75971000.0,,,-76031000.0,,0.0,-312187000.0,132620000.0,46519000.0
2017-07-29,6738032000.0,,,,973095000.0,5729513000.0,,,1008519000.0,370962000.0,637557000.0,1.66,1.64,384722000.0,387657000.0,1150932000.0,,,1608333000.0,,,141793000.0,3004417000.0,,2327113000.0,,,181690000.0,5514479000.0,1172847000.0,411083000.0,,1828961000.0,,,,319770000.0,,1898244000.0,59000.0,2839884000.0,5514479000.0,150905000.0,42719000.0,8426000.0,,95447000.0,,56520000.0,154828000.0,,-59104000.0,797930000.0,,,,,,169316000.0,,,-169544000.0,,0.0,-589053000.0,39333000.0,379154000.0
2017-10-28,10066926000.0,,,,1490392000.0,8617738000.0,,,1449188000.0,537182000.0,912006000.0,2.38,2.36,382959000.0,385823000.0,1144169000.0,,,1840225000.0,,,147962000.0,3235945000.0,,2348186000.0,,,182132000.0,5766978000.0,1289620000.0,445728000.0,,2056242000.0,,,,325587000.0,,1900878000.0,40000.0,2858519000.0,5766978000.0,227255000.0,64937000.0,9074000.0,,327339000.0,,62610000.0,271526000.0,,51567000.0,1165633000.0,,,,,,266863000.0,,,-265997000.0,,0.0,-867066000.0,32570000.0,552720000.0
2018-02-03,14134732000.0,,,,2043698000.0,12094012000.0,,,2040720000.0,677967000.0,1362753000.0,3.58,3.55,381174000.0,384329000.0,1290294000.0,,,1641735000.0,163595000.0,,130748000.0,3151157000.0,,2382464000.0,,,187718000.0,5722051000.0,1059844000.0,431706000.0,,1926402000.0,,85806000.0,,348541000.0,,2071400000.0,27000.0,3049308000.0,5722051000.0,313163000.0,87417000.0,-34903000.0,,128849000.0,,31796000.0,41322000.0,,49068000.0,1681278000.0,,,,,,371423000.0,,,-353092000.0,,0.0,-1149491000.0,178695000.0,714566000.0
2018-05-05,3588619000.0,,,,524423000.0,3046139000.0,,,542480000.0,124228000.0,418252000.0,1.12,1.11,373797000.0,377062000.0,1302836000.0,,,1895456000.0,,,146362000.0,3454079000.0,,2369215000.0,,,196833000.0,6020836000.0,1299145000.0,435606000.0,,2106625000.0,,,,362445000.0,,2176882000.0,7000.0,3130288000.0,6020836000.0,79797000.0,23760000.0,16842000.0,,253721000.0,,,238677000.0,,,472050000.0,,,,,,79793000.0,,,-79288000.0,,,-380896000.0,11866000.0,17058000.0
2018-08-04,7326545000.0,5189202000.0,,,1079004000.0,6266310000.0,,,1060235000.0,252579000.0,807656000.0,2.17,2.15,372414000.0,375336000.0,1386935000.0,,,1698390000.0,,,172822000.0,3379655000.0,,2384301000.0,,,199091000.0,5963756000.0,1184422000.0,427875000.0,,1978147000.0,,,,374587000.0,,2216878000.0,4000.0,3184610000.0,5963756000.0,162403000.0,47580000.0,21664000.0,,56654000.0,,,122008000.0,,,1014184000.0,,,,,,178635000.0,,,-178130000.0,,,-739795000.0,96259000.0,232528000.0
2018-11-03,10876153000.0,7736533000.0,,,1640581000.0,9372265000.0,,,1503888000.0,358124000.0,1145764000.0,3.09,3.06,370977000.0,373936000.0,1349196000.0,,,1979080000.0,,,177206000.0,3623307000.0,,2418226000.0,,,193759000.0,6235767000.0,1394029000.0,455743000.0,,2252294000.0,,,,371844000.0,,2200742000.0,0.0,3187163000.0,6235767000.0,246151000.0,71361000.0,19607000.0,,337345000.0,,,328062000.0,,,1450072000.0,,,,,,293366000.0,,,-292627000.0,,,-1099128000.0,58317000.0,343848000.0
2019-02-02,14983541000.0,10726277000.0,,,2216550000.0,12932665000.0,,,2050876000.0,463419000.0,1587457000.0,4.3,4.26,369533000.0,372678000.0,1412912000.0,,,1750442000.0,161123000.0,,143954000.0,3404019000.0,,2475201000.0,,,194346000.0,6073691000.0,1177104000.0,431596000.0,,2009484000.0,,,,12423000.0,,2298762000.0,0.0,3305746000.0,6073691000.0,330400000.0,95585000.0,31777000.0,,108707000.0,,22044000.0,110483000.0,,74829000.0,2066677000.0,,,,,,413898000.0,,,-410409000.0,,0.0,-1531461000.0,124807000.0,427930000.0
2019-05-04,3796642000.0,2701668000.0,,,558250000.0,3254283000.0,,,542359000.0,121217000.0,421142000.0,1.16,1.15,363085000.0,365912000.0,1366592000.0,,,1813773000.0,,,160733000.0,3462705000.0,,2436372000.0,,,207063000.0,9049120000.0,1296183000.0,450762000.0,,2593511000.0,,,,226788000.0,,2295858000.0,0.0,3267526000.0,9049120000.0,82757000.0,19689000.0,16543000.0,,63331000.0,,,122654000.0,,,508987000.0,,,,,,95629000.0,,,-95112000.0,,,-459437000.0,-45562000.0,48468000.0
2019-08-03,7776511000.0,5545518000.0,,,1150220000.0,6685321000.0,,,1091190000.0,257327000.0,833863000.0,2.31,2.29,361439000.0,364007000.0,1382025000.0,,,1835869000.0,,,167585000.0,3515918000.0,,2505040000.0,,,198790000.0,9151947000.0,1359829000.0,474273000.0,,2679408000.0,,,,227842000.0,,2304678000.0,0.0,3296264000.0,9151947000.0,166898000.0,44613000.0,21868000.0,,85427000.0,,,187050000.0,,,1083463000.0,,,,,,250314000.0,,,-249797000.0,,,-868344000.0,-34678000.0,266653000.0
2019-11-02,11625628000.0,8311950000.0,,,1754825000.0,10051956000.0,,,1573672000.0,368877000.0,1204795000.0,3.35,3.32,359919000.0,362455000.0,1142709000.0,,,2168796000.0,,,170304000.0,3606662000.0,,2565882000.0,,,200999000.0,9415841000.0,1480205000.0,496623000.0,,2858238000.0,,,,225934000.0,,2267055000.0,,3276779000.0,9415841000.0,255089000.0,70600000.0,23070000.0,,418354000.0,,,305648000.0,,,1410930000.0,,,,,,401251000.0,,,-400734000.0,,,-1284748000.0,-274552000.0,388426000.0
2020-02-01,16039073000.0,11536187000.0,,,2356704000.0,13874785000.0,,,2164288000.0,503360000.0,1660928000.0,4.63,4.6,358462000.0,361182000.0,1351205000.0,,,1832339000.0,938473000.0,,147048000.0,3432828000.0,,2653436000.0,,,208321000.0,9348367000.0,1296482000.0,462111000.0,,2701934000.0,,,,6687000.0,,2330702000.0,,3359249000.0,9348367000.0,350900000.0,95438000.0,32009000.0,,81897000.0,,10315000.0,114153000.0,,30513000.0,2171546000.0,,,,,,555483000.0,,,-554966000.0,,,-1683249000.0,-66669000.0,506591000.0
2020-05-02,1842673000.0,1889991000.0,,,415305000.0,2311962000.0,,,-469289000.0,-163447000.0,-305842000.0,-0.87,-0.87,352202000.0,352202000.0,2669535000.0,,,1757263000.0,,,111493000.0,4587915000.0,,2696718000.0,,,365040000.0,10728046000.0,706267000.0,374811000.0,,2623617000.0,,,,206504000.0,,1794567000.0,,2817392000.0,10728046000.0,90598000.0,24739000.0,13471000.0,,-75076000.0,,,-600918000.0,,,-1058442000.0,,,,,,139729000.0,,,-139729000.0,,,2517127000.0,1318956000.0,-1777000.0
2020-08-01,4527385000.0,3970111000.0,,,934800000.0,4940432000.0,,,-413047000.0,-129252000.0,-283795000.0,-0.81,-0.81,352276000.0,354232000.0,3793043000.0,,,1117983000.0,,,273612000.0,5347361000.0,,2706105000.0,,,215044000.0,11322245000.0,1009704000.0,557475000.0,,3153072000.0,,,,258869000.0,,1816614000.0,,2867199000.0,11322245000.0,179626000.0,46897000.0,5877000.0,,-714356000.0,,,-289710000.0,,,172421000.0,,,,,,250047000.0,,,-250047000.0,,,2520131000.0,2442505000.0,9872000.0
2020-10-31,8281894000.0,6681530000.0,,,1812657000.0,8558448000.0,,,-276554000.0,-123956000.0,-152598000.0,-0.43,-0.43,352481000.0,354457000.0,4416124000.0,,,1630390000.0,,,347399000.0,6516567000.0,,2706884000.0,,,215159000.0,12570666000.0,2426390000.0,655408000.0,,3941629000.0,,,,290795000.0,,1947814000.0,,3019037000.0,12570666000.0,268193000.0,74267000.0,-14650000.0,,-201949000.0,,,1126574000.0,,,1783123000.0,,,,,,339545000.0,,,-339545000.0,,,1696854000.0,3140432000.0,10207000.0
2021-01-30,12531565000.0,9838574000.0,,,2503281000.0,12425268000.0,,,382851000.0,144871000.0,237980000.0,0.67,0.67,352392000.0,354619000.0,4819300000.0,,,1508982000.0,985063000.0,,249149000.0,6692491000.0,,2710496000.0,,,230061000.0,12717867000.0,2256928000.0,592122000.0,,3967033000.0,,,,268558000.0,,2185801000.0,,3290640000.0,12717867000.0,364245000.0,101568000.0,-27812000.0,,-323357000.0,,,938837000.0,,,2245933000.0,,,,,,405433000.0,,,-405433000.0,,,1701859000.0,3542359000.0,8921000.0
2021-05-01,4516080000.0,3198396000.0,,,675053000.0,3892498000.0,,,623582000.0,147103000.0,476479000.0,1.35,1.34,352988000.0,355367000.0,5367006000.0,,,1697992000.0,,,199391000.0,7431528000.0,,2713873000.0,,,245715000.0,13395863000.0,2574780000.0,583399000.0,,4318395000.0,,,,285762000.0,,2560623000.0,,3652821000.0,13395863000.0,87510000.0,28674000.0,25452000.0,,189010000.0,,,349540000.0,,,752820000.0,,,,,,136937000.0,,,-136937000.0,,,-142834000.0,473049000.0,396000.0
2021-07-31,9321054000.0,6609267000.0,,,1392841000.0,8039864000.0,,,1281190000.0,310453000.0,970737000.0,2.75,2.73,352927000.0,355161000.0,5569071000.0,,,1751027000.0,,,193588000.0,7672849000.0,,2746208000.0,,,248436000.0,13641400000.0,2588551000.0,609719000.0,,4336190000.0,,,,292715000.0,,2782876000.0,,3903986000.0,13641400000.0,174094000.0,58258000.0,33065000.0,,242045000.0,,,360891000.0,,,1345395000.0,,,,,,254437000.0,,,-254437000.0,,,-415649000.0,675309000.0,304984000.0
2021-10-30,13895595000.0,9935271000.0,,,2118602000.0,12110373000.0,,,1785222000.0,429455000.0,1355767000.0,3.85,3.82,352308000.0,354477000.0,5259595000.0,,,2231242000.0,,,195309000.0,7844911000.0,,2784286000.0,,,254362000.0,13915734000.0,2652881000.0,625426000.0,,4476309000.0,,,,296819000.0,,2833520000.0,,3983217000.0,13915734000.0,262139000.0,96775000.0,35077000.0,,722260000.0,,,422277000.0,,,1503653000.0,,,,,,377916000.0,,,-377916000.0,,,-759965000.0,365772000.0,454821000.0
2022-01-29,18916244000.0,13708907000.0,,,2874469000.0,16657704000.0,,,2258540000.0,535951000.0,1722589000.0,4.9,4.87,351496000.0,353734000.0,4922400000.0,,,2262273000.0,974554000.0,,169291000.0,7473176000.0,,2898527000.0,,,241281000.0,13640256000.0,2372302000.0,613089000.0,,4214929000.0,,,,236013000.0,,2874898000.0,,4060050000.0,13640256000.0,360700000.0,134217000.0,15775000.0,,753291000.0,,,135311000.0,,,1738849000.0,,,,,,557840000.0,,,-557840000.0,,,-1152396000.0,28613000.0,564755000.0
2022-04-30,4333100000.0,3196446000.0,,,669496000.0,3883638000.0,,,449462000.0,111017000.0,338445000.0,0.98,0.97,347053000.0,348820000.0,4015567000.0,,,2673551000.0,,,194813000.0,7048002000.0,,2887926000.0,,,240129000.0,13233698000.0,2175350000.0,582792000.0,,3756062000.0,,,,236211000.0,,2875161000.0,,4053897000.0,13233698000.0,92108000.0,36071000.0,29233000.0,,411278000.0,,,-189888000.0,,,-416267000.0,,,,,,109848000.0,,,-109848000.0,,,-380669000.0,-906784000.0,160000.0
2022-07-30,8916109000.0,6595981000.0,,,1336559000.0,7960903000.0,,,955206000.0,232244000.0,722962000.0,2.09,2.08,345969000.0,347470000.0,3903670000.0,,,2716878000.0,,,197020000.0,6985071000.0,,2929774000.0,,,239263000.0,13179922000.0,2085680000.0,611186000.0,,3644981000.0,,,,231285000.0,,2928581000.0,,4126951000.0,13179922000.0,189181000.0,62874000.0,59138000.0,,454605000.0,,,-288454000.0,,,-56265000.0,,,,,,243346000.0,,,-243346000.0,,,-718935000.0,-1018546000.0,187047000.0
2022-10-29,13481598000.0,10020027000.0,,,2029926000.0,12075514000.0,,,1406084000.0,341086000.0,1064998000.0,3.09,3.08,344686000.0,346212000.0,3906490000.0,,,2494002000.0,,,192214000.0,6761189000.0,,3008738000.0,,,228286000.0,13100095000.0,1927757000.0,616753000.0,,3464230000.0,,,,223162000.0,,2931554000.0,,4147000000.0,13100095000.0,290565000.0,92367000.0,76380000.0,,231729000.0,,,-452968000.0,,,472667000.0,,,,,,417901000.0,,,-417901000.0,,,-1070415000.0,-1015649000.0,261309000.0
2023-01-28,18695829000.0,13946230000.0,,,2759268000.0,16708340000.0,,,1987489000.0,475448000.0,1512041000.0,4.4,4.38,343452000.0,345222000.0,4600000000.0,,,2023495000.0,986308000.0,,183654000.0,6904719000.0,,3181527000.0,,,232083000.0,13416463000.0,2009924000.0,638561000.0,,3636246000.0,,,,224104000.0,,3049656000.0,,4288583000.0,13416463000.0,394700000.0,121936000.0,79417000.0,,-238778000.0,,,-365262000.0,,,1689373000.0,,,,,,654070000.0,,,-654070000.0,,,-1405444000.0,-370141000.0,362156000.0
2023-04-29,4494686000.0,3292606000.0,,,746222000.0,4007431000.0,,,487255000.0,116064000.0,371191000.0,1.1,1.09,338049000.0,340044000.0,4416480000.0,,,2241735000.0,,,210597000.0,7039628000.0,,3224733000.0,,,232069000.0,13618904000.0,2061529000.0,607294000.0,,3781167000.0,,,,222463000.0,,3079530000.0,,4310396000.0,13618904000.0,99379000.0,33063000.0,10792000.0,,218240000.0,,,46577000.0,,,413152000.0,,,,,,167253000.0,,,-167253000.0,,,-380635000.0,-134736000.0,47000.0
2023-07-29,9429591000.0,6861973000.0,,,1554120000.0,8347482000.0,,,1082109000.0,264599000.0,817510000.0,2.42,2.41,337140000.0,339003000.0,4583606000.0,,,2300063000.0,,,214673000.0,7273752000.0,,3310605000.0,,,238260000.0,13987302000.0,2150999000.0,689866000.0,,3969642000.0,,,,231945000.0,,3189131000.0,,4454742000.0,13987302000.0,197924000.0,72492000.0,1667000.0,,276568000.0,,,144775000.0,,,1116281000.0,,,,,,363459000.0,,,-363459000.0,,,-719766000.0,33056000.0,287084000.0
2023-10-28,14354440000.0,10426241000.0,,,2364590000.0,12678901000.0,,,1675539000.0,410702000.0,1264837000.0,3.76,3.74,336187000.0,338107000.0,4499497000.0,,,2613808000.0,,,206725000.0,7491945000.0,,3397519000.0,,,221139000.0,14270620000.0,2280278000.0,665279000.0,,4405687000.0,,,,218970000.0,,3291996000.0,,4582956000.0,14270620000.0,300366000.0,111369000.0,-4193000.0,,590313000.0,,,259105000.0,,,1565735000.0,,,,,,540458000.0,,,-540458000.0,,,-1075510000.0,-50233000.0,440419000.0
2024-02-03,20376941000.0,14801601000.0,,,3267677000.0,17905160000.0,,,2471781000.0,597261000.0,1874520000.0,5.59,5.56,335187000.0,337433000.0,4900000000.0,,,2192220000.0,1014684000.0,,202706000.0,7398138000.0,,3531901000.0,,,243229000.0,14300109000.0,1955850000.0,671867000.0,,4185796000.0,,,,232383000.0,,3548667000.0,,4871326000.0,14300109000.0,419432000.0,145490000.0,-20821000.0,,168725000.0,,,-65327000.0,,,2514490000.0,,,,,,762812000.0,,,-762812000.0,,,-1428478000.0,323200000.0,595152000.0
2024-05-04,4858067000.0,3490672000.0,,,776282000.0,4221004000.0,,,637063000.0,149073000.0,487990000.0,1.47,1.46,331258000.0,333737000.0,4654316000.0,,,2461699000.0,,,225911000.0,7507362000.0,,3515193000.0,,,258772000.0,14491782000.0,2119114000.0,612244000.0,,4885549000.0,,,,245096000.0,,3658489000.0,,4947952000.0,14491782000.0,109186000.0,40447000.0,10488000.0,,269479000.0,,,179376000.0,,,368921000.0,,,,,,136249000.0,,,-136249000.0,,,-450033000.0,-217361000.0,-375000.0
2024-08-03,10145586000.0,7282601000.0,,,1612639000.0,8805940000.0,,,1339646000.0,324508000.0,1015138000.0,3.07,3.05,330325000.0,332620000.0,4668137000.0,,,2490558000.0,,,254370000.0,7594983000.0,,3583535000.0,,,265323000.0,14678021000.0,2217227000.0,639703000.0,,4874240000.0,,,,254487000.0,,3807435000.0,,5130532000.0,14678021000.0,217781000.0,78468000.0,-1541000.0,,298338000.0,,,271582000.0,,,961042000.0,,,,,,333735000.0,,,-333735000.0,,,-830040000.0,-202733000.0,372756000.0
2024-11-02,15216940000.0,10916884000.0,,,2445494000.0,13230551000.0,,,1986389000.0,482443000.0,1503946000.0,4.56,4.53,329453000.0,331728000.0,4349262000.0,,,2859106000.0,,,241703000.0,7626289000.0,,3657679000.0,,,271791000.0,14905186000.0,2346479000.0,637332000.0,,4843698000.0,,,,265673000.0,,3918669000.0,,5263363000.0,14905186000.0,329584000.0,117212000.0,345000.0,,666886000.0,,,390398000.0,,,1474431000.0,,,,,,514122000.0,,,-514122000.0,,,-1481092000.0,-520783000.0,546113000.0
,,,,,,,,,,,,,,,,,,,,,,,,,,,,,,,,,,,,,,,,,,,,,,,,,,,,,,,,,,,,,,,,,,,
