Date,Net sales,Cost of sales,Gross margin,Research and development,"Selling, general and administrative",Total operating expenses,Operating income,"Other income/(expense), net",Income before provision for income taxes,Provision for income taxes,Net income,Earnings per share basic,Earnings per share diluted,Weighted-average basic,Weighted-average diluted,Cash and cash equivalents,Short-term marketable securities,"Accounts receivable, net",Inventories,Deferred tax assets,Vendor non-trade receivables,Other current assets,Total current assets,Long-term marketable securities,"Property, Plant and Equipment, Net",Goodwill,"Acquired intangible assets, net","Other Assets, Noncurrent",Total assets,accounts payable,Accrued expenses,Deferred revenue,Total current liabilities,Deferred revenue - non-current,deferred tax liabilities,long term taxes payable,Total other non-current liabilities,Total liabilities,Retained Earnings (Accumulated Deficit),Accumulated other comprehensive (loss)/income,Total shareholders equity,Total liabilities and shareholders' equity,"Depreciation, amortization and accretion",Stock-based compensation expense,Deferred income tax expense,"Increase (Decrease) in Accounts receivable, net",Increase (Decrease) in Inventories,Increase (Decrease) in Other Receivables,Increase (Decrease) in Other Operating Assets,Increase (Decrease) in Accounts Payable,Increase (Decrease) in Deferred Revenue,Increase (Decrease) Other liabilities,Cash generated by operating activities,Purchases of marketable securities,Proceeds from maturities of marketable securities,Proceeds from sales of marketable securities,Purchases of other long-term investments,"Business acquisitions, net of cash acquired",Cash payments for capital asset purchases,Payments for acquisition of intangible assets,Payments for (Proceeds from) Other Investing Activities,Cash used in investing activities,Proceeds from issuance of common stock,Excess tax benefits from stock-based compensation,Cash generated/used in financing activities,Increase/(decrease) in cash and cash equivalents,"Cash paid for income taxes, net"
2009-12-31,8199100000.0,4844200000.0,,,880400000.0,,1589800000.0,,865000000.0,368500000.0,495000000.0,1.3,1.3,379700000.0,381000000.0,48000000.0,,865100000.0,,195300000.0,,156500000.0,1264900000.0,,6657700000.0,10667100000.0,,210100000.0,19540300000.0,592800000.0,,331100000.0,2548700000.0,,,,279200000.0,,1683100000.0,19000000.0,7564500000.0,19540300000.0,869700000.0,15000000.0,-24600000.0,53100000.0,,,,,,51500000.0,1396500000.0,,,,,100000.0,826300000.0,,600000.0,-242500000.0,39600000.0,2500000.0,-1174700000.0,-20700000.0,
2010-03-31,1957700000.0,1136800000.0,,,210300000.0,,381300000.0,,116200000.0,51000000.0,65000000.0,0.17,0.17,381400000.0,383300000.0,81400000.0,,850700000.0,,198200000.0,,135700000.0,1266000000.0,,6599400000.0,10665400000.0,,229500000.0,19465300000.0,412200000.0,,329900000.0,2254900000.0,,,,314600000.0,,1675500000.0,12200000.0,7566600000.0,19465300000.0,203000000.0,6200000.0,-50800000.0,11900000.0,,,,-99200000.0,,100000.0,299100000.0,,,,,800000.0,208400000.0,,-600000.0,-184100000.0,9400000.0,800000.0,-81600000.0,33400000.0,
2010-06-30,4024100000.0,2355100000.0,,,421100000.0,,782100000.0,,386500000.0,161400000.0,224700000.0,0.59,0.59,382509000.0,384710000.0,56000000.0,,898400000.0,31900000.0,195500000.0,47200000.0,138800000.0,1288700000.0,,6603700000.0,10661400000.0,,236700000.0,19571400000.0,470500000.0,,331300000.0,2466000000.0,,,,298300000.0,,1762300000.0,12000000.0,7683600000.0,19571400000.0,416800000.0,12000000.0,-58300000.0,43900000.0,,,,-62800000.0,,-56700000.0,594800000.0,,,,,800000.0,385400000.0,,-100000.0,-449500000.0,34300000.0,1800000.0,-137300000.0,8000000.0,284400000.0
2010-09-30,6085800000.0,3580000000.0,,,630500000.0,,1149700000.0,,616200000.0,256600000.0,358900000.0,0.94,0.93,384007000.0,386078000.0,120500000.0,,895700000.0,31100000.0,113200000.0,71300000.0,200800000.0,1330200000.0,,6586900000.0,10646800000.0,,237300000.0,19458000000.0,473000000.0,,321800000.0,2835300000.0,,,,321100000.0,,1819500000.0,14700000.0,7783900000.0,19458000000.0,628400000.0,18300000.0,-1700000.0,48600000.0,,,,-81100000.0,,-83100000.0,963700000.0,,,,,21400000.0,571400000.0,,600000.0,-492400000.0,67100000.0,2900000.0,-398800000.0,72500000.0,330600000.0
2010-12-31,8106600000.0,4764800000.0,,,858000000.0,,1539100000.0,,877000000.0,369500000.0,506500000.0,1.32,1.32,383000000.0,385100000.0,88300000.0,,828900000.0,31300000.0,-610700000.0,45400000.0,207400000.0,1246100000.0,,6698500000.0,10655300000.0,,237900000.0,19461900000.0,606500000.0,,295100000.0,2676500000.0,,,,305500000.0,,1890300000.0,21900000.0,7846500000.0,19461900000.0,833700000.0,24500000.0,61300000.0,-8800000.0,,,,-34900000.0,,-76400000.0,1433700000.0,,,,,58900000.0,794700000.0,,600000.0,-690500000.0,86500000.0,3500000.0,-702900000.0,40300000.0,
2011-03-31,1964900000.0,1159700000.0,,,203900000.0,,376200000.0,,260000000.0,101900000.0,158200000.0,0.41,0.41,382200000.0,384000000.0,67900000.0,,839500000.0,36300000.0,115800000.0,77400000.0,187100000.0,1210300000.0,,6693600000.0,10657200000.0,,235700000.0,19396700000.0,431600000.0,,316400000.0,2370800000.0,,,,238600000.0,,1972500000.0,17600000.0,7795300000.0,19396700000.0,205800000.0,7600000.0,13300000.0,11400000.0,,,,-45900000.0,,67700000.0,433700000.0,,,,,16500000.0,297200000.0,,300000.0,-294300000.0,10300000.0,700000.0,-159800000.0,-20400000.0,49800000.0
2011-06-30,4051500000.0,2397500000.0,,,404000000.0,,777400000.0,,351300000.0,147000000.0,204700000.0,0.54,0.54,380185000.0,382073000.0,320500000.0,,872300000.0,34400000.0,117200000.0,69800000.0,169600000.0,1479600000.0,,6702700000.0,10640200000.0,,260200000.0,19682000000.0,476800000.0,,304900000.0,2204000000.0,,,,194500000.0,,1943500000.0,3800000.0,7664700000.0,19682000000.0,414400000.0,12100000.0,-58300000.0,47600000.0,,,,-33100000.0,,36300000.0,795600000.0,,,,,28000000.0,481700000.0,,1900000.0,-472200000.0,31400000.0,2100000.0,-91200000.0,232200000.0,107400000.0
2011-09-30,6167700000.0,3657500000.0,,,611500000.0,,1185900000.0,,647300000.0,249400000.0,398200000.0,1.05,1.05,377850000.0,379614000.0,72600000.0,,901300000.0,37800000.0,104600000.0,38600000.0,175900000.0,1254400000.0,,6708900000.0,10646700000.0,,258100000.0,19456200000.0,515200000.0,,306800000.0,1857500000.0,,,,178300000.0,,2055300000.0,-2200000.0,7612400000.0,19456200000.0,629400000.0,16400000.0,-18900000.0,80700000.0,,,,6300000.0,,77900000.0,1286800000.0,,,,,40800000.0,696100000.0,,2200000.0,-689200000.0,35600000.0,2400000.0,-613300000.0,-15700000.0,131800000.0
2011-12-31,8192900000.0,4865100000.0,,,825400000.0,,1552700000.0,,906300000.0,317400000.0,589200000.0,1.57,1.56,376000000.0,377600000.0,66300000.0,,825800000.0,35200000.0,-960000000.0,54500000.0,215900000.0,1265700000.0,,6792300000.0,10647000000.0,,247300000.0,19551500000.0,563600000.0,,290200000.0,1897500000.0,,,,222100000.0,,2164700000.0,-21500000.0,7681300000.0,19551500000.0,843600000.0,20600000.0,334800000.0,16000000.0,,,,11900000.0,,-240400000.0,1766700000.0,,,,,42600000.0,936500000.0,,3100000.0,-950200000.0,40700000.0,2500000.0,-838500000.0,-22000000.0,173000000.0
2012-03-31,1982400000.0,1203200000.0,,,222500000.0,,326900000.0,,223100000.0,80300000.0,142900000.0,0.39,0.38,370997000.0,372490000.0,73500000.0,,808400000.0,35300000.0,144400000.0,44000000.0,152900000.0,1179200000.0,,6813000000.0,10653100000.0,,261100000.0,19455900000.0,451000000.0,,309000000.0,1715800000.0,,,,241000000.0,,2225800000.0,-17300000.0,7751700000.0,19455900000.0,213700000.0,8000000.0,2900000.0,-10500000.0,,,,-44100000.0,,1900000.0,334200000.0,,,,,19700000.0,274200000.0,,100000.0,-242300000.0,27000000.0,1100000.0,-84700000.0,7200000.0,43800000.0
2012-06-30,4043000000.0,2444200000.0,,,420500000.0,,713900000.0,,401700000.0,109400000.0,292100000.0,0.79,0.79,369442000.0,370681000.0,69300000.0,,845300000.0,34100000.0,128100000.0,41400000.0,191600000.0,1234300000.0,,6882700000.0,10677600000.0,,268200000.0,19590300000.0,529500000.0,,323500000.0,1752300000.0,,,,222100000.0,,2294500000.0,-31800000.0,7680400000.0,19590300000.0,468000000.0,12700000.0,-25700000.0,30500000.0,,,,-28300000.0,,-19100000.0,695000000.0,,,,,71800000.0,462500000.0,,300000.0,-452900000.0,37500000.0,1400000.0,-239100000.0,3000000.0,87700000.0
2012-09-30,6089900000.0,3722200000.0,,,613500000.0,,1031800000.0,,624800000.0,179700000.0,444800000.0,1.21,1.2,368096000.0,369265000.0,74000000.0,,854200000.0,35500000.0,123900000.0,39800000.0,217900000.0,1270000000.0,,6903200000.0,10678200000.0,,278100000.0,19634300000.0,490600000.0,,311100000.0,1699200000.0,,,,260500000.0,,2361300000.0,-19800000.0,7739200000.0,19634300000.0,691200000.0,17200000.0,-36000000.0,47300000.0,,,,-37200000.0,,19100000.0,1056700000.0,,,,,73100000.0,707400000.0,,300000.0,-692200000.0,49300000.0,1600000.0,-356800000.0,7700000.0,169000000.0
2012-12-31,8118300000.0,5005700000.0,,,820900000.0,,1320600000.0,,823900000.0,251800000.0,571800000.0,1.56,1.55,366883000.0,368020000.0,67600000.0,,836600000.0,34500000.0,-1059100000.0,39600000.0,209300000.0,1231300000.0,,6910300000.0,10690000000.0,,262400000.0,19616900000.0,474500000.0,,313200000.0,1695000000.0,,,,220900000.0,,2403200000.0,-5800000.0,7703300000.0,19616900000.0,926900000.0,21200000.0,83900000.0,37200000.0,,,,-49600000.0,,-55300000.0,1513800000.0,,,,,95300000.0,903500000.0,,300000.0,-937600000.0,70400000.0,1900000.0,-574900000.0,1300000.0,185000000.0
2013-03-31,1998600000.0,1223100000.0,,,206500000.0,,274200000.0,,183300000.0,58400000.0,124600000.0,0.34,0.34,362662000.0,364092000.0,130100000.0,,821900000.0,35100000.0,118200000.0,33800000.0,153100000.0,1223300000.0,,6946800000.0,10696900000.0,,264700000.0,19639100000.0,464300000.0,,314100000.0,1675300000.0,,,,293500000.0,,2442100000.0,-4700000.0,7731700000.0,19639100000.0,228800000.0,7700000.0,-17600000.0,-18800000.0,,,,-11900000.0,,44300000.0,419800000.0,,,,,10200000.0,214800000.0,,800000.0,-221700000.0,59900000.0,400000.0,-135600000.0,62500000.0,14000000.0
2013-06-30,4110300000.0,2633100000.0,,,434700000.0,,455400000.0,,274400000.0,93100000.0,180900000.0,0.5,0.5,362948000.0,364387000.0,96700000.0,,876500000.0,36000000.0,125600000.0,32400000.0,170000000.0,1268800000.0,,7017700000.0,10707200000.0,,266600000.0,19774200000.0,527600000.0,,298700000.0,1750800000.0,,,,354000000.0,,2413000000.0,-7400000.0,7710400000.0,19774200000.0,465000000.0,12100000.0,-54500000.0,40100000.0,,,,40100000.0,,19900000.0,761500000.0,,,,,28500000.0,461800000.0,,1900000.0,-501700000.0,122900000.0,2100000.0,-230700000.0,29100000.0,116800000.0
2013-09-30,7571700000.0,3950700000.0,,,644300000.0,,807700000.0,,537800000.0,185400000.0,352300000.0,0.97,0.97,362418000.0,363804000.0,97300000.0,,906800000.0,36900000.0,96500000.0,32600000.0,189800000.0,1290400000.0,,7046900000.0,10712600000.0,,273400000.0,19826000000.0,505500000.0,,308800000.0,1769200000.0,,,,367500000.0,,2490200000.0,-800000.0,7736900000.0,19826000000.0,708600000.0,15800000.0,-53900000.0,70800000.0,,,,18400000.0,,67100000.0,1137200000.0,,,,,49000000.0,688700000.0,,2300000.0,-736600000.0,138800000.0,3300000.0,-370900000.0,29700000.0,196100000.0
2013-12-31,10144700000.0,5234700000.0,,,853800000.0,,1210300000.0,,851200000.0,262100000.0,588900000.0,1.63,1.62,362054000.0,363422000.0,213300000.0,,890700000.0,37800000.0,-1021600000.0,23400000.0,200300000.0,1421900000.0,,7036800000.0,10724100000.0,,280900000.0,19949200000.0,511400000.0,,301800000.0,1717100000.0,,,,379000000.0,,2632700000.0,3000000.0,7903500000.0,19949200000.0,954000000.0,19200000.0,-38500000.0,61600000.0,,,,37900000.0,,16900000.0,1548200000.0,,,,,68700000.0,880800000.0,,5400000.0,-933800000.0,150800000.0,3800000.0,-468700000.0,145700000.0,288000000.0
2014-03-31,2488500000.0,1321200000.0,,,213800000.0,,306100000.0,,220200000.0,87600000.0,132500000.0,0.37,0.37,359779000.0,360968000.0,175800000.0,,873200000.0,38200000.0,118300000.0,24700000.0,139600000.0,1306900000.0,,7053400000.0,10727700000.0,,291700000.0,19842500000.0,491100000.0,,307100000.0,1697400000.0,,,,371700000.0,,2671900000.0,1400000.0,7822000000.0,19842500000.0,232600000.0,6700000.0,-19200000.0,-14000000.0,,,,-22100000.0,,42400000.0,396400000.0,,,,,6200000.0,213700000.0,,700000.0,-210100000.0,15900000.0,200000.0,-223800000.0,-37500000.0,2000000.0
2014-06-30,5190500000.0,2694300000.0,,,434700000.0,,684400000.0,,510900000.0,199300000.0,311500000.0,0.87,0.87,358021000.0,359313000.0,49500000.0,,932800000.0,38600000.0,107300000.0,20200000.0,135500000.0,1225100000.0,,7126900000.0,10752300000.0,,301600000.0,19876000000.0,522300000.0,,313300000.0,1705500000.0,,,,355500000.0,,2758000000.0,4500000.0,7853200000.0,19876000000.0,482300000.0,10600000.0,-26200000.0,48800000.0,,,,-4100000.0,,3900000.0,722300000.0,,,,,46300000.0,472900000.0,,1700000.0,-522600000.0,65400000.0,2100000.0,-363500000.0,-163800000.0,
2014-09-30,7927500000.0,4091600000.0,,,663800000.0,,1066700000.0,,806300000.0,308900000.0,497300000.0,1.39,1.39,357432000.0,358817000.0,113000000.0,,955200000.0,38200000.0,112100000.0,26600000.0,180600000.0,1360900000.0,,7149300000.0,10760400000.0,,303000000.0,19987000000.0,517300000.0,,311700000.0,1725000000.0,,,,365800000.0,,2843900000.0,-2200000.0,7929000000.0,19987000000.0,737400000.0,14200000.0,-4700000.0,77800000.0,,,,-2300000.0,,-3400000.0,1101600000.0,,,,,73500000.0,683100000.0,,4500000.0,-711000000.0,79500000.0,3600000.0,-490900000.0,-100300000.0,
2014-12-31,10611000000.0,5628100000.0,,,918900000.0,,1233100000.0,,885300000.0,337400000.0,547600000.0,1.54,1.53,356673000.0,358107000.0,75200000.0,,930400000.0,35900000.0,-990900000.0,57000000.0,263400000.0,1391000000.0,,7165300000.0,10830900000.0,,292300000.0,20094000000.0,527300000.0,,306300000.0,1826000000.0,,,,344900000.0,,2795000000.0,-28900000.0,7745300000.0,20094000000.0,984900000.0,17400000.0,-9000000.0,54300000.0,,,,3300000.0,,-48000000.0,1529800000.0,,,,,195700000.0,862500000.0,,8100000.0,-959800000.0,88600000.0,4300000.0,-708100000.0,-138100000.0,382000000.0
2015-03-31,2604500000.0,1304300000.0,,,239200000.0,,372800000.0,,284500000.0,112000000.0,172400000.0,0.49,0.49,353301000.0,354810000.0,134300000.0,,930400000.0,37000000.0,122400000.0,33700000.0,156600000.0,1343700000.0,,7447000000.0,11095500000.0,,305400000.0,20593700000.0,491600000.0,,314600000.0,1756400000.0,,,,389500000.0,,2868300000.0,-27800000.0,7762100000.0,20593700000.0,253100000.0,7200000.0,-11400000.0,-31300000.0,,,,-34000000.0,,80600000.0,496100000.0,,,,,509400000.0,269600000.0,,500000.0,-773400000.0,26200000.0,3600000.0,336400000.0,59100000.0,
2015-06-30,5410100000.0,2724700000.0,,,475400000.0,,762000000.0,,583200000.0,220300000.0,362700000.0,1.03,1.03,351982000.0,353416000.0,99900000.0,,969400000.0,37200000.0,119900000.0,29100000.0,151700000.0,1340900000.0,,7538700000.0,11102400000.0,,301300000.0,20666600000.0,544100000.0,,315800000.0,1788200000.0,,,,453100000.0,,2960200000.0,-21700000.0,7762500000.0,20666600000.0,518700000.0,11600000.0,-12700000.0,14400000.0,,,,4300000.0,,52300000.0,901200000.0,,,,,512600000.0,499200000.0,,700000.0,-998200000.0,33000000.0,4800000.0,121700000.0,24700000.0,
2015-09-30,8244000000.0,4114900000.0,,,719500000.0,,1204900000.0,,934000000.0,356000000.0,577700000.0,1.65,1.64,350966000.0,352372000.0,102500000.0,,988800000.0,37700000.0,116200000.0,88900000.0,236800000.0,1444300000.0,,7553200000.0,11128300000.0,,300200000.0,20791800000.0,560800000.0,,316500000.0,1900500000.0,,,,441700000.0,,3070300000.0,-26600000.0,7799800000.0,20791800000.0,785500000.0,15100000.0,-12300000.0,39800000.0,,,,11700000.0,,108400000.0,1324500000.0,,,,,535900000.0,732000000.0,,800000.0,-1243200000.0,52300000.0,6200000.0,-54000000.0,27300000.0,
2015-12-31,11013500000.0,5518600000.0,,,983100000.0,,1558800000.0,,1195900000.0,445500000.0,749906000.0,2.14,2.13,349984000.0,351388000.0,32400000.0,,962900000.0,38800000.0,798400000.0,34600000.0,235000000.0,1230300000.0,,7552800000.0,11145500000.0,,301900000.0,20577200000.0,577400000.0,,313900000.0,1834800000.0,,,,309300000.0,,3138300000.0,-30500000.0,7774100000.0,20577200000.0,1050000000.0,18900000.0,116700000.0,15700000.0,,,,35600000.0,,-6000000.0,1679700000.0,,,,,572700000.0,945600000.0,,1000000.0,-1482800000.0,65900000.0,8500000.0,-239700000.0,-42800000.0,321000000.0
2016-03-31,2713300000.0,1381400000.0,,,241200000.0,,345500000.0,,252600000.0,95700000.0,156700000.0,0.45,0.45,345403000.0,346725000.0,33400000.0,,935000000.0,38800000.0,,79300000.0,214900000.0,1183300000.0,,7612000000.0,11149100000.0,,268000000.0,20539200000.0,542400000.0,,316900000.0,1810300000.0,,,,316800000.0,,3190900000.0,-31100000.0,7763200000.0,20539200000.0,263000000.0,6500000.0,-3300000.0,-22600000.0,,,,-39700000.0,,72700000.0,431500000.0,,,,,6000000.0,271500000.0,,200000.0,-270200000.0,12800000.0,3900000.0,-160300000.0,1000000.0,
2016-06-30,5569500000.0,2822000000.0,,,484700000.0,,727600000.0,,544300000.0,206400000.0,337400000.0,0.98,0.98,344647000.0,346000000.0,42000000.0,,990600000.0,41900000.0,,89500000.0,226800000.0,1259400000.0,,7634300000.0,11154200000.0,,286100000.0,20645400000.0,558000000.0,,320300000.0,1847700000.0,,,,349700000.0,,3268000000.0,-30900000.0,7755700000.0,20645400000.0,532900000.0,12100000.0,9000000.0,39200000.0,,,,-27400000.0,,112000000.0,844300000.0,,,,,13900000.0,512000000.0,,400000.0,-517200000.0,26700000.0,6300000.0,-317500000.0,9600000.0,
2016-09-30,8487100000.0,4298700000.0,,,720100000.0,,1145600000.0,,671200000.0,247600000.0,423100000.0,1.23,1.23,344000000.0,345319000.0,55000000.0,,1016700000.0,43700000.0,,35200000.0,229900000.0,1301600000.0,,7616000000.0,11163100000.0,,294000000.0,20661700000.0,542800000.0,,320200000.0,1817900000.0,,,,337900000.0,,3243900000.0,-23000000.0,7639200000.0,20661700000.0,805000000.0,17700000.0,58200000.0,70800000.0,,,,-19500000.0,,54800000.0,1359600000.0,,,,,30700000.0,738700000.0,,400000.0,-752400000.0,35400000.0,8400000.0,-584600000.0,22600000.0,
2016-12-31,11355400000.0,5764000000.0,,,969800000.0,,1537500000.0,,965900000.0,352700000.0,612600000.0,1.79,1.78,343024000.0,344400000.0,67800000.0,,994800000.0,44000000.0,729900000.0,31400000.0,221900000.0,1284500000.0,,7588600000.0,11163200000.0,,320500000.0,20629600000.0,553800000.0,,312900000.0,1812000000.0,,,,301200000.0,,3324000000.0,14200000.0,7691300000.0,20629600000.0,1070200000.0,23200000.0,47200000.0,52300000.0,,,,-9800000.0,,34700000.0,1847800000.0,,,,,62400000.0,927800000.0,,1000000.0,-961200000.0,49700000.0,10800000.0,-851200000.0,35400000.0,265000000.0
2017-03-31,2882300000.0,1484100000.0,,,253500000.0,,388100000.0,,296200000.0,108400000.0,187800000.0,0.55,0.55,339900000.0,341900000.0,33200000.0,,1017400000.0,45000000.0,,31200000.0,183800000.0,1234400000.0,,7592800000.0,11184300000.0,,320500000.0,20595800000.0,520800000.0,,325400000.0,1777200000.0,,,,303600000.0,,3402500000.0,13500000.0,7683300000.0,20595800000.0,269900000.0,9600000.0,8700000.0,26100000.0,,,,-18200000.0,,-10900000.0,444300000.0,,,,,54700000.0,223900000.0,,100000.0,-292200000.0,13500000.0,0.0,-186700000.0,-34600000.0,
2017-06-30,5933400000.0,3041500000.0,,,516400000.0,,813700000.0,,629700000.0,238500000.0,390700000.0,1.15,1.15,339000000.0,340927000.0,36000000.0,,1074400000.0,45400000.0,,29000000.0,182400000.0,1292800000.0,,7690100000.0,11208200000.0,,319200000.0,20761100000.0,596500000.0,,321900000.0,2543000000.0,,,,301600000.0,,3496700000.0,11100000.0,7662900000.0,20761100000.0,548100000.0,17700000.0,21200000.0,91600000.0,,,,8600000.0,,-23300000.0,878800000.0,,,,,81700000.0,497500000.0,,500000.0,-593700000.0,19800000.0,0.0,-316900000.0,-31800000.0,
2017-09-30,9010600000.0,4621600000.0,,,783200000.0,,1261700000.0,,986400000.0,371900000.0,614000000.0,1.82,1.81,338200000.0,340112000.0,63900000.0,,1126900000.0,47800000.0,,30300000.0,205900000.0,1396700000.0,,7750100000.0,11233600000.0,,319700000.0,20948600000.0,599300000.0,,329300000.0,2591500000.0,,,,317400000.0,,3603400000.0,15400000.0,7672000000.0,20948600000.0,828900000.0,27300000.0,60500000.0,149000000.0,,,,30300000.0,,13800000.0,1381500000.0,,,,,136400000.0,769000000.0,,200000.0,-917900000.0,26700000.0,0.0,-467500000.0,-3900000.0,
2017-12-31,10041500000.0,6214600000.0,,,1057400000.0,,1668500000.0,,1282100000.0,3100000.0,1278400000.0,3.79,3.77,337100000.0,339000000.0,83300000.0,,1105900000.0,51200000.0,491300000.0,28600000.0,247600000.0,1436800000.0,,7777400000.0,11315400000.0,,335200000.0,21147000000.0,598100000.0,,312100000.0,2634800000.0,,,,312100000.0,,4152500000.0,22600000.0,7958800000.0,21147000000.0,1116100000.0,34600000.0,-379000000.0,118900000.0,,,,21700000.0,,38800000.0,1910700000.0,,,,,354700000.0,989800000.0,,2000000.0,-1383400000.0,36900000.0,,-511800000.0,15500000.0,370000000.0
2018-03-31,2427500000.0,1469800000.0,,,261200000.0,,404200000.0,,310600000.0,72700000.0,237700000.0,0.72,0.72,330655000.0,332208000.0,62600000.0,,1052200000.0,52300000.0,,47300000.0,239200000.0,1354000000.0,,7783100000.0,11329100000.0,,404900000.0,21108700000.0,572400000.0,,341500000.0,2560200000.0,,,,323500000.0,,4309300000.0,41700000.0,7911800000.0,21108700000.0,283500000.0,11100000.0,25300000.0,-47500000.0,,,,-3200000.0,,-26500000.0,581400000.0,,,,,19100000.0,263300000.0,,-800000.0,-276700000.0,1300000.0,,-349600000.0,,
2018-06-30,4945200000.0,3047000000.0,,,514000000.0,,812400000.0,,623300000.0,149700000.0,472600000.0,1.44,1.43,329003000.0,330513000.0,61300000.0,,1112200000.0,52800000.0,,29200000.0,195900000.0,1369400000.0,,7863500000.0,11345300000.0,,393900000.0,21203700000.0,629800000.0,,340600000.0,1989500000.0,,,,322000000.0,,4430900000.0,52800000.0,7846100000.0,21203700000.0,559200000.0,19900000.0,52400000.0,17700000.0,,,,30700000.0,,-2600000.0,1191000000.0,,,,,69300000.0,542100000.0,,-200000.0,-606000000.0,8200000.0,,-631400000.0,,30000000.0
2018-09-30,7510900000.0,4624400000.0,,,775000000.0,,1252600000.0,,963600000.0,227100000.0,736000000.0,2.25,2.23,327830000.0,329326000.0,81900000.0,,1156000000.0,55400000.0,,47300000.0,254200000.0,1492100000.0,,7913900000.0,11382700000.0,,408900000.0,21402100000.0,661300000.0,,336400000.0,2675300000.0,,,,326600000.0,,4571600000.0,55900000.0,7921600000.0,21402100000.0,841700000.0,29400000.0,113700000.0,72100000.0,,,,58600000.0,,26400000.0,1746900000.0,,,,,130500000.0,820500000.0,,0.0,-931700000.0,19900000.0,,-857400000.0,,43500000.0
2018-12-31,10040900000.0,6150000000.0,,,1059500000.0,,1735800000.0,,1320900000.0,283300000.0,1036900000.0,3.17,3.16,326900000.0,328400000.0,70500000.0,,1102700000.0,53100000.0,419500000.0,34400000.0,391200000.0,1564400000.0,,8020100000.0,11400100000.0,,417800000.0,21617000000.0,761500000.0,,338700000.0,2718600000.0,,,,321400000.0,,4750500000.0,30800000.0,7927100000.0,21617000000.0,1114100000.0,39000000.0,152100000.0,29600000.0,,,,85900000.0,,25300000.0,2242800000.0,,,,,277300000.0,1071800000.0,,300000.0,-1229100000.0,23200000.0,,-1059500000.0,,210000000.0
2019-03-31,2470600000.0,1506100000.0,,,266400000.0,,422800000.0,,312800000.0,77900000.0,234200000.0,0.73,0.72,322300000.0,323500000.0,68000000.0,,1073700000.0,55400000.0,,25700000.0,302900000.0,1444600000.0,,7989700000.0,11431600000.0,,685900000.0,21782000000.0,629600000.0,,330800000.0,3467900000.0,,,,560500000.0,,4857500000.0,24800000.0,7919500000.0,21782000000.0,272000000.0,11100000.0,27700000.0,-23200000.0,,,,-45600000.0,,-27300000.0,553700000.0,,,,,62700000.0,299300000.0,,1300000.0,-359100000.0,-9100000.0,,-191400000.0,,32200000.0
2019-06-30,5075900000.0,3123100000.0,,,530900000.0,,860200000.0,,641400000.0,155600000.0,485700000.0,1.51,1.5,322000000.0,323109000.0,72500000.0,,1147000000.0,56200000.0,,21500000.0,254600000.0,1474100000.0,,8093600000.0,11497700000.0,,686400000.0,21996800000.0,719600000.0,,331300000.0,3571000000.0,,,,551900000.0,,4987900000.0,3900000.0,7952900000.0,21996800000.0,556700000.0,20100000.0,40300000.0,53000000.0,,,,12800000.0,,-35800000.0,1135600000.0,,,,,178900000.0,588700000.0,,2300000.0,-762600000.0,-3100000.0,,-362600000.0,10400000.0,10500000.0
2019-09-30,7722700000.0,4754400000.0,,,806300000.0,,1328000000.0,,1010900000.0,227100000.0,784000000.0,2.44,2.43,321544000.0,322644000.0,55600000.0,,1162900000.0,55300000.0,,39000000.0,255400000.0,1473900000.0,,8257600000.0,11650500000.0,,701700000.0,22329100000.0,697200000.0,,341100000.0,2997400000.0,,,,591500000.0,,5155900000.0,-8500000.0,7976500000.0,22329100000.0,844500000.0,29200000.0,72900000.0,65300000.0,,,,-9300000.0,,52200000.0,1786900000.0,,,,,455900000.0,908300000.0,,5200000.0,-1316600000.0,5300000.0,,-475000000.0,-4700000.0,4300000.0
2019-12-31,10299400000.0,6298400000.0,,,1091900000.0,,1787200000.0,,1295800000.0,222000000.0,1073300000.0,3.34,3.33,321100000.0,322000000.0,47100000.0,,1125900000.0,56800000.0,477600000.0,88100000.0,433000000.0,1606000000.0,,8383500000.0,11633400000.0,,747600000.0,22683800000.0,777900000.0,,336000000.0,3064600000.0,,,,579400000.0,,5317300000.0,2200000.0,8118200000.0,22683800000.0,1122400000.0,39500000.0,166100000.0,38300000.0,,,,6400000.0,,51900000.0,2352100000.0,,,,,575100000.0,1207100000.0,,100000.0,-1719000000.0,9300000.0,,-589000000.0,44100000.0,31000000.0
2020-03-31,2553900000.0,1550100000.0,,,277100000.0,,433000000.0,,322600000.0,75800000.0,246300000.0,0.77,0.77,319600000.0,320231000.0,281600000.0,,1095300000.0,57100000.0,,61100000.0,377000000.0,1753900000.0,,8442000000.0,11667500000.0,,797800000.0,22908900000.0,660600000.0,,342900000.0,1980600000.0,,,,684900000.0,,5433600000.0,-17600000.0,8117200000.0,22908900000.0,289500000.0,9900000.0,17600000.0,-28000000.0,,,,-63500000.0,,-54300000.0,569500000.0,,,,,61000000.0,346800000.0,,25000000.0,-435400000.0,-9500000.0,,31900000.0,166000000.0,1400000.0
2020-06-30,5008300000.0,3018200000.0,,,539200000.0,,828200000.0,,622700000.0,149600000.0,471800000.0,1.48,1.47,319312000.0,319900000.0,269700000.0,,1066500000.0,58500000.0,,22300000.0,232600000.0,1568800000.0,,8499100000.0,11673500000.0,,815600000.0,22826300000.0,657400000.0,,334600000.0,2066100000.0,,,,745900000.0,,5529200000.0,-16500000.0,8227100000.0,22826300000.0,579400000.0,19400000.0,11400000.0,-45500000.0,,,,-60800000.0,,23900000.0,1333500000.0,,,,,95100000.0,654700000.0,,500000.0,-721800000.0,-6700000.0,,-438400000.0,173300000.0,6600000.0
2020-09-30,7580400000.0,4553300000.0,,,795300000.0,,1276400000.0,,941400000.0,208100000.0,731800000.0,2.29,2.29,319300000.0,319824000.0,406400000.0,,1097200000.0,58800000.0,,39000000.0,270700000.0,1774300000.0,,8527500000.0,11712100000.0,,823500000.0,23110100000.0,646300000.0,,341600000.0,2190800000.0,,,,734100000.0,,5652800000.0,-15500000.0,8370100000.0,23110100000.0,870800000.0,29000000.0,45700000.0,-3400000.0,,,,-60400000.0,,77000000.0,1909000000.0,,,,,189900000.0,889000000.0,,0.0,-1032900000.0,1300000.0,,-564300000.0,311800000.0,34200000.0
2020-12-31,10153600000.0,6100500000.0,,,1053000000.0,,1709100000.0,,1142700000.0,173100000.0,967237000.0,3.03,3.02,319300000.0,319836000.0,38200000.0,,1091300000.0,59100000.0,473200000.0,32200000.0,392300000.0,1521800000.0,,,12046400000.0,,817400000.0,23434000000.0,779000000.0,,345600000.0,2282000000.0,,,,681800000.0,,5751800000.0,-12400000.0,8483900000.0,23434000000.0,1158800000.0,37300000.0,60800000.0,-13800000.0,,,,-46700000.0,,18600000.0,2471600000.0,,,,,769500000.0,1194600000.0,,0.0,-1922800000.0,3900000.0,,-612000000.0,-63200000.0,124000000.0
2021-03-31,2596400000.0,1534300000.0,,,265400000.0,,492400000.0,,400100000.0,103700000.0,295900000.0,0.93,0.93,319449000.0,319832000.0,23200000.0,,1095400000.0,61100000.0,,46900000.0,324500000.0,1443100000.0,,,12047200000.0,,767000000.0,23252600000.0,678300000.0,,359300000.0,2148800000.0,,,,618600000.0,,5911200000.0,-11300000.0,8632900000.0,23252600000.0,302600000.0,12600000.0,15300000.0,8900000.0,,,,27600000.0,,-61400000.0,661000000.0,,,,,18000000.0,331000000.0,,0.0,-344600000.0,-12300000.0,,-342300000.0,-25900000.0,-400000.0
2021-06-30,5409200000.0,3185000000.0,,,581200000.0,,1010300000.0,,827500000.0,199100000.0,627009000.0,1.96,1.96,319526000.0,320041000.0,34000000.0,,1163900000.0,63900000.0,,32700000.0,283000000.0,1480900000.0,,,12476000000.0,,788300000.0,23922100000.0,728100000.0,,366600000.0,2314800000.0,,,,642200000.0,,6106000000.0,-10800000.0,8778300000.0,23922100000.0,626300000.0,38600000.0,42500000.0,68100000.0,,,,54400000.0,,42600000.0,1482800000.0,,,,,576600000.0,608600000.0,,300000.0,-1133100000.0,-9500000.0,,-351900000.0,-2200000.0,54300000.0
2021-09-30,8342200000.0,4928000000.0,,,880300000.0,,1574500000.0,,1298200000.0,319000000.0,977344000.0,3.06,3.06,319204000.0,319748000.0,40100000.0,,1265000000.0,68200000.0,,38700000.0,264300000.0,1569400000.0,,,12736300000.0,,800600000.0,24428900000.0,815000000.0,,381500000.0,2333400000.0,,,,656100000.0,,6309400000.0,-9600000.0,8873300000.0,24428900000.0,948400000.0,49100000.0,-32800000.0,137700000.0,,,,99400000.0,,87600000.0,2137800000.0,,,,,936300000.0,904200000.0,,300000.0,-1785600000.0,-7100000.0,,-343500000.0,8700000.0,182100000.0
2021-12-31,11295000000.0,6737700000.0,,,1195800000.0,,2076200000.0,,1575100000.0,282800000.0,1290405000.0,4.05,4.04,318811000.0,319425000.0,29000000.0,,1271400000.0,72200000.0,464400000.0,32200000.0,410400000.0,1710800000.0,,,12826000000.0,,787600000.0,24955000000.0,910000000.0,,381300000.0,2415600000.0,,,,642400000.0,,6475600000.0,-14600000.0,8978900000.0,24955000000.0,1268200000.0,57000000.0,-15500000.0,135400000.0,,,,113800000.0,,101300000.0,2786700000.0,,,,,1221700000.0,1316300000.0,,1000000.0,-2466100000.0,-12000000.0,,-329200000.0,-8600000.0,300000000.0
2022-03-31,2968800000.0,1762300000.0,,,307800000.0,,560600000.0,,472200000.0,120300000.0,352000000.0,1.11,1.11,316602000.0,317200000.0,39000000.0,,1306100000.0,80500000.0,,46700000.0,350700000.0,1695800000.0,,,12832700000.0,,785300000.0,24880100000.0,846600000.0,,408200000.0,2258100000.0,,,,619000000.0,,6681400000.0,-13500000.0,8984000000.0,24880100000.0,332100000.0,12400000.0,24900000.0,38400000.0,,,,73000000.0,,-118900000.0,705600000.0,,,,,81600000.0,334100000.0,,100000.0,-399400000.0,,,-314700000.0,-8500000.0,3700000.0
2022-06-30,6383700000.0,3828100000.0,,,699300000.0,,1150200000.0,,950300000.0,226600000.0,723912000.0,2.29,2.28,316538000.0,317100000.0,119400000.0,,1654700000.0,100200000.0,,28700000.0,366500000.0,2140600000.0,,,14166300000.0,,990000000.0,28212900000.0,1044600000.0,,419600000.0,2934600000.0,,,,665200000.0,,6907100000.0,-13400000.0,9215400000.0,28212900000.0,692000000.0,21200000.0,52800000.0,150400000.0,,,,167100000.0,,-52200000.0,1563500000.0,,,,,2655000000.0,647200000.0,,1000000.0,-3283900000.0,,,1798700000.0,78200000.0,78900000.0
2022-09-30,9981500000.0,6020400000.0,,,1062200000.0,,1814500000.0,,1458100000.0,317500000.0,1140836000.0,3.6,3.6,316527000.0,317100000.0,81400000.0,,1698700000.0,101100000.0,,61200000.0,419300000.0,2199400000.0,,,14194300000.0,,1046700000.0,28401000000.0,1024300000.0,,463100000.0,3163800000.0,,,,683900000.0,,7166800000.0,-10600000.0,9489900000.0,28401000000.0,1001800000.0,30800000.0,100200000.0,206100000.0,,,,97700000.0,,39400000.0,2383400000.0,,,,,2847600000.0,924800000.0,,2300000.0,-3700900000.0,,,1362800000.0,42200000.0,90500000.0
2022-12-31,13511300000.0,8205000000.0,,,1454300000.0,,2391700000.0,,1831500000.0,343900000.0,1487600000.0,4.7,4.69,316530000.0,317100000.0,143400000.0,,1677200000.0,96600000.0,503100000.0,59800000.0,536500000.0,2357100000.0,,,14451500000.0,,1025500000.0,29052900000.0,1221800000.0,,443000000.0,3390700000.0,,,,660700000.0,,7356300000.0,-12100000.0,9686000000.0,29052900000.0,1351600000.0,38800000.0,181100000.0,198800000.0,,,,106400000.0,,64500000.0,3190000000.0,,,,,3038500000.0,1454000000.0,,14000000.0,-4423000000.0,-13600000.0,,1344200000.0,108700000.0,185000000.0
2023-03-31,3581100000.0,2169500000.0,,,379200000.0,,644100000.0,,522100000.0,138200000.0,383900000.0,1.21,1.21,316712000.0,317142000.0,132200000.0,,1686400000.0,97900000.0,,49500000.0,422800000.0,2241400000.0,,,14622200000.0,,1071000000.0,29081400000.0,984200000.0,,467100000.0,3029300000.0,,,,628700000.0,,7582700000.0,-9300000.0,9916500000.0,29081400000.0,358700000.0,11600000.0,14500000.0,3300000.0,,,,-71100000.0,,-126200000.0,687700000.0,,,,,290900000.0,378600000.0,,-11000000.0,-653300000.0,,,-42000000.0,-7600000.0,7700000.0
2023-06-30,7307000000.0,4393800000.0,,,775200000.0,,1351400000.0,,1102300000.0,290900000.0,811250000.0,2.56,2.56,316849000.0,317309000.0,181600000.0,,1740000000.0,96100000.0,,54500000.0,340100000.0,2261700000.0,,,15353600000.0,,1065200000.0,29823300000.0,1098400000.0,,467400000.0,2987900000.0,,,,609500000.0,,7852700000.0,-6700000.0,10203700000.0,29823300000.0,717000000.0,21400000.0,33400000.0,52000000.0,,,,35100000.0,,-5400000.0,1766200000.0,,,,,987700000.0,714300000.0,,-11500000.0,-1674300000.0,,,-33700000.0,58700000.0,88000000.0
2023-09-30,11132900000.0,6678000000.0,,,1177300000.0,,2079200000.0,,1708600000.0,416900000.0,1291419000.0,4.08,4.07,316541000.0,317003000.0,157500000.0,,1829700000.0,100000000.0,,53900000.0,361200000.0,2348400000.0,,,15290700000.0,,1101800000.0,30042800000.0,1198200000.0,,484800000.0,4068800000.0,,,,595700000.0,,8163500000.0,-2500000.0,10331300000.0,30042800000.0,1099400000.0,31700000.0,52200000.0,161000000.0,,,,93500000.0,,86900000.0,2719300000.0,,,,,1051100000.0,1083200000.0,,-7500000.0,-2100800000.0,,,-579200000.0,39500000.0,137900000.0
2023-12-31,14964500000.0,8942200000.0,,,1608700000.0,,2780200000.0,,2191500000.0,460100000.0,1731000000.0,5.47,5.47,316200000.0,316700000.0,140000000.0,,1768400000.0,97300000.0,458500000.0,63200000.0,472600000.0,2381000000.0,,,15834500000.0,,1183900000.0,31410100000.0,1411500000.0,,467300000.0,4228300000.0,,,,594600000.0,,8433900000.0,-12100000.0,10542300000.0,31410100000.0,1501400000.0,40900000.0,101700000.0,71300000.0,,,,82800000.0,,43400000.0,3617800000.0,,,,,2065300000.0,1631100000.0,,-9800000.0,-3666800000.0,,,61900000.0,13200000.0,343000000.0
2024-03-31,3861700000.0,2283200000.0,,,414000000.0,,732800000.0,,598900000.0,145200000.0,453800000.0,1.44,1.44,315300000.0,315700000.0,91600000.0,,1763000000.0,101400000.0,,73500000.0,419000000.0,2273600000.0,,,15852300000.0,,1319400000.0,31381700000.0,1179200000.0,,472200000.0,4325900000.0,,,,602600000.0,,8717900000.0,-5300000.0,10819800000.0,31381700000.0,399200000.0,11200000.0,47500000.0,1100000.0,,,,-1200000.0,,-161600000.0,811500000.0,,,,,166300000.0,514500000.0,,0.0,-678900000.0,,,-201200000.0,-69100000.0,7800000.0
2024-06-30,7909800000.0,4665800000.0,,,821700000.0,,1546600000.0,,1252900000.0,287300000.0,965330000.0,3.06,3.06,315102000.0,315538000.0,490600000.0,,1817800000.0,99900000.0,,56200000.0,351300000.0,2659700000.0,,,15864900000.0,,1321600000.0,31934100000.0,1285500000.0,,472500000.0,4533600000.0,,,,600200000.0,,9060700000.0,-9100000.0,11005100000.0,31934100000.0,812200000.0,21800000.0,47500000.0,69400000.0,,,,19500000.0,,-47300000.0,1910900000.0,,,,,201000000.0,917900000.0,,200000.0,-1112700000.0,,,-434600000.0,364300000.0,109300000.0
2024-09-30,11986000000.0,7032700000.0,,,1227600000.0,,2392600000.0,,1899300000.0,367800000.0,1531000000.0,4.86,4.86,314735000.0,315149000.0,83400000.0,,1847500000.0,97700000.0,,71900000.0,417500000.0,2348400000.0,,,15883100000.0,,1399200000.0,31814200000.0,1225400000.0,,485500000.0,3641500000.0,,,,575200000.0,,9443900000.0,-18600000.0,11228800000.0,31814200000.0,1234200000.0,31000000.0,70200000.0,99900000.0,,,,-26300000.0,,21900000.0,2914000000.0,,,,,400400000.0,1357400000.0,,300000.0,-1748500000.0,,,-1188100000.0,-21500000.0,183400000.0
