Date,Net sales,Cost of sales,Gross margin,Research and development,"Selling, general and administrative",Total operating expenses,Operating income,"Other income/(expense), net",Income before provision for income taxes,Provision for income taxes,Net income,Earnings per share basic,Earnings per share diluted,Weighted-average basic,Weighted-average diluted,Cash and cash equivalents,Short-term marketable securities,"Accounts receivable, net",Inventories,Deferred tax assets,Vendor non-trade receivables,Other current assets,Total current assets,Long-term marketable securities,"Property, Plant and Equipment, Net",Goodwill,"Acquired intangible assets, net","Other Assets, Noncurrent",Total assets,accounts payable,Accrued expenses,Deferred revenue,Total current liabilities,Deferred revenue - non-current,deferred tax liabilities,long term taxes payable,Total other non-current liabilities,Total liabilities,Retained Earnings (Accumulated Deficit),Accumulated other comprehensive (loss)/income,Total shareholders equity,Total liabilities and shareholders' equity,"Depreciation, amortization and accretion",Stock-based compensation expense,Deferred income tax expense,"Increase (Decrease) in Accounts receivable, net",Increase (Decrease) in Inventories,Increase (Decrease) in Other Receivables,Increase (Decrease) in Other Operating Assets,Increase (Decrease) in Accounts Payable,Increase (Decrease) in Deferred Revenue,Increase (Decrease) Other liabilities,Cash generated by operating activities,Purchases of marketable securities,Proceeds from maturities of marketable securities,Proceeds from sales of marketable securities,Purchases of other long-term investments,"Business acquisitions, net of cash acquired",Cash payments for capital asset purchases,Payments for acquisition of intangible assets,Payments for (Proceeds from) Other Investing Activities,Cash used in investing activities,Proceeds from issuance of common stock,Excess tax benefits from stock-based compensation,Cash generated/used in financing activities,Increase/(decrease) in cash and cash equivalents,"Cash paid for income taxes, net"
2010-07-04,962931000.0,551495000.0,,54128000.0,265388000.0,,82070000.0,,100052000.0,20090000.0,82034000.0,0.7,0.69,117361000.0,118304000.0,215664000.0,,365175000.0,232476000.0,,,108417000.0,923868000.0,1138000.0,205589000.0,1525098000.0,459429000.0,30917000.0,3146039000.0,174943000.0,313916000.0,,513913000.0,,,,368296000.0,1502347000.0,1354073000.0,-98149000.0,1643692000.0,3146039000.0,48518000.0,7970000.0,,-15208000.0,-20563000.0,,,22823000.0,,,120059000.0,,,,,126728000.0,18547000.0,,,-123772000.0,,24000.0,51976000.0,35957000.0,
2010-10-03,1234376000.0,684074000.0,,69797000.0,365392000.0,,105280000.0,,117131000.0,23771000.0,95425000.0,0.81,0.81,117475000.0,118207000.0,250988000.0,,323536000.0,210158000.0,,,90201000.0,977585000.0,1228000.0,161050000.0,1528084000.0,439440000.0,31688000.0,3248011000.0,143010000.0,302208000.0,,513845000.0,,,,344454000.0,1540976000.0,1359201000.0,-44916000.0,1707035000.0,3248011000.0,65870000.0,10352000.0,,-902000.0,-23171000.0,,,8776000.0,,,135331000.0,,,,,,22882000.0,,,-157489000.0,,82000.0,89520000.0,71281000.0,
2011-01-02,1704346000.0,945715000.0,,95409000.0,490658000.0,,153601000.0,,161984000.0,26062000.0,383919000.0,3.28,3.25,,,420086000.0,,356763000.0,207278000.0,,,100685000.0,1085039000.0,1350000.0,161820000.0,1504815000.0,424248000.0,32101000.0,3209373000.0,161042000.0,323038000.0,,515202000.0,,,,344353000.0,1283555000.0,1639581000.0,-53491000.0,1925818000.0,3209373000.0,89163000.0,12416000.0,-25476000.0,38103000.0,22630000.0,,,27789000.0,,,164253000.0,,,,,,33646000.0,,,295149000.0,,2405000.0,-218367000.0,240379000.0,
2011-04-03,447864000.0,247643000.0,,26317000.0,134562000.0,,39342000.0,,33586000.0,7686000.0,23522000.0,0.21,0.2,113998000.0,115140000.0,415848000.0,,345492000.0,224832000.0,,,101297000.0,1087700000.0,1389000.0,165105000.0,1585355000.0,432472000.0,34079000.0,3306100000.0,149196000.0,341240000.0,,511214000.0,,,,372954000.0,1398168000.0,1655223000.0,-6083000.0,1907932000.0,3306100000.0,23953000.0,3054000.0,,-24609000.0,9558000.0,,,-16330000.0,,,42651000.0,,,,,,7681000.0,,,-64283000.0,,7772000.0,-3811000.0,-4238000.0,
2011-07-03,927355000.0,518129000.0,,54482000.0,274572000.0,,76832000.0,10027000.0,66805000.0,13012000.0,52075000.0,0.46,0.46,113246000.0,114381000.0,395208000.0,,382717000.0,222238000.0,,,75777000.0,1076171000.0,1177000.0,167251000.0,1781127000.0,534965000.0,35168000.0,3595859000.0,149212000.0,391111000.0,,559352000.0,,,,409046000.0,1639398000.0,1675879000.0,10395000.0,1956461000.0,3595859000.0,50601000.0,7960000.0,,-3904000.0,3382000.0,,,-19838000.0,,,94551000.0,,,,,,15970000.0,,,-297649000.0,,8591000.0,148801000.0,-24878000.0,
2012-01-01,1921287000.0,,850579000.0,115821000.0,627172000.0,,91128000.0,-26774000.0,64354000.0,63182000.0,-83641000.0,-0.74,-0.74,112976000.0,113864000.0,142342000.0,,409888000.0,240763000.0,-49109000.0,,69023000.0,862218000.0,1105000.0,174567000.0,2093626000.0,661607000.0,41075000.0,3834198000.0,173153000.0,411526000.0,139741000.0,600066000.0,,65400000.0,,447008000.0,1991982000.0,1510683000.0,54086000.0,1842216000.0,3834198000.0,110921000.0,15482000.0,-289000.0,20597000.0,2200000.0,,,-1776000.0,,,224874000.0,,,,,,30592000.0,,,-909861000.0,,9321000.0,397204000.0,-277744000.0,
2012-04-01,510890000.0,278876000.0,,32624000.0,156849000.0,,36382000.0,-12830000.0,23552000.0,1476000.0,22569000.0,0.2,0.2,113097000.0,114119000.0,144757000.0,,407867000.0,251858000.0,,,103380000.0,908064000.0,,171683000.0,2103059000.0,638763000.0,41556000.0,3864238000.0,163003000.0,423517000.0,,602786000.0,,,,444898000.0,1981655000.0,1525147000.0,68186000.0,1882583000.0,3864238000.0,32007000.0,5476000.0,,-5850000.0,12970000.0,,,-11719000.0,,,15539000.0,,,,,,5228000.0,,,-5228000.0,,1139000.0,-10195000.0,2415000.0,
2012-07-01,1032680000.0,561872000.0,,66693000.0,306584000.0,,86169000.0,-24188000.0,61981000.0,6337000.0,56202000.0,0.5,0.49,113515000.0,114578000.0,171403000.0,,389466000.0,244436000.0,,,92293000.0,897800000.0,,167177000.0,2080031000.0,613009000.0,41818000.0,3800937000.0,174028000.0,397353000.0,,587685000.0,,,,416879000.0,1915607000.0,1550821000.0,38128000.0,1885330000.0,3800937000.0,64163000.0,10252000.0,,-13473000.0,12652000.0,,,1645000.0,,,91929000.0,,,,,,11449000.0,,,-10261000.0,,1139000.0,-48828000.0,29061000.0,
2012-09-30,1542284000.0,840736000.0,,99101000.0,452026000.0,,129387000.0,-36060000.0,93327000.0,8694000.0,85796000.0,0.76,0.75,113860000.0,114998000.0,170828000.0,,394937000.0,261400000.0,,,113627000.0,940994000.0,,201648000.0,2092351000.0,606100000.0,47734000.0,3889971000.0,155728000.0,402807000.0,,582277000.0,,,,434394000.0,1947531000.0,1572385000.0,58892000.0,1942440000.0,3889971000.0,94791000.0,15352000.0,,-15088000.0,24447000.0,,,-18611000.0,,,112646000.0,,,,,,24350000.0,,,-28454000.0,,1767000.0,-56274000.0,28486000.0,
2012-12-30,,,,,,,,,,,,,,,,171444000.0,,457011000.0,247688000.0,2460000.0,,95611000.0,971754000.0,1149000.0,210516000.0,2122788000.0,529901000.0,65654000.0,3901762000.0,168943000.0,388026000.0,154247000.0,581100000.0,,32400000.0,,442026000.0,1961950000.0,1548573000.0,66593000.0,1939812000.0,3901762000.0,,,,,,,,,,,,,,,,,,,,,,,,,
2013-03-31,505378000.0,280493000.0,,34177000.0,151497000.0,,35901000.0,-12040000.0,23861000.0,-8428000.0,32216000.0,0.28,0.28,113454000.0,114716000.0,125871000.0,,410782000.0,259762000.0,,,100277000.0,896692000.0,,212672000.0,2111621000.0,506540000.0,79441000.0,3808146000.0,172166000.0,375156000.0,,573354000.0,,,,381024000.0,1973723000.0,1572975000.0,53400000.0,1834423000.0,3808146000.0,30571000.0,4416000.0,,-40227000.0,16187000.0,,,4941000.0,,,10931000.0,,,,,,11829000.0,,,-10306000.0,,0.0,-42594000.0,-45573000.0,
2013-06-30,1048675000.0,581491000.0,,68780000.0,300252000.0,,75565000.0,-24905000.0,50660000.0,-8565000.0,60141000.0,0.53,0.53,112515000.0,113717000.0,112470000.0,,434798000.0,259470000.0,,,99767000.0,906505000.0,,214129000.0,2117062000.0,487312000.0,85137000.0,3811284000.0,170122000.0,357803000.0,,563281000.0,,,,386293000.0,1951432000.0,1593057000.0,52457000.0,1859852000.0,3811284000.0,62810000.0,7642000.0,,-14630000.0,17550000.0,,,3478000.0,,,38793000.0,,,,,,22852000.0,,,-22187000.0,,0.0,-70969000.0,-58974000.0,
2013-09-29,1572952000.0,872256000.0,,100321000.0,443901000.0,,132761000.0,-37245000.0,95516000.0,4557000.0,100339000.0,0.89,0.88,112285000.0,113516000.0,132303000.0,,428531000.0,278351000.0,,,109239000.0,948424000.0,,194695000.0,2131051000.0,481417000.0,94719000.0,3851526000.0,162523000.0,396126000.0,,589391000.0,,,,409272000.0,1931955000.0,1625381000.0,69203000.0,1919571000.0,3851526000.0,96453000.0,11423000.0,,-26839000.0,31782000.0,,,-6035000.0,,,86888000.0,,,,,,31564000.0,,,14866000.0,,0.0,-138734000.0,-39141000.0,
2013-12-29,2166232000.0,,976974000.0,133023000.0,585850000.0,,217442000.0,-64110000.0,153332000.0,-14592000.0,167212000.0,1.49,1.47,112254000.0,113503000.0,173242000.0,,470028000.0,261036000.0,33006000.0,,140532000.0,1044838000.0,1319000.0,185373000.0,2143120000.0,460430000.0,111632000.0,3946712000.0,167196000.0,404064000.0,164723000.0,602796000.0,,45300000.0,,417325000.0,1952225000.0,1684364000.0,77591000.0,1994487000.0,3946712000.0,128471000.0,14053000.0,-29907000.0,14440000.0,13851000.0,,,-1800000.0,,,158591000.0,,,,,,38991000.0,,,-1211000.0,,0.0,-154160000.0,1798000.0,
2014-03-30,531904000.0,296384000.0,,29449000.0,153204000.0,,50732000.0,-11289000.0,39443000.0,5124000.0,34224000.0,0.3,0.3,112553000.0,113777000.0,224113000.0,,442976000.0,279031000.0,,,151462000.0,1097582000.0,,182668000.0,2142475000.0,437882000.0,109171000.0,3971078000.0,168039000.0,412962000.0,,605462000.0,,,,409283000.0,1941642000.0,1710667000.0,78193000.0,2029436000.0,3971078000.0,29443000.0,4516000.0,,-27023000.0,17689000.0,,,904000.0,,,67711000.0,,,,,,6020000.0,,,-6020000.0,,0.0,-11548000.0,50871000.0,
2014-06-29,1086780000.0,603083000.0,,59731000.0,299690000.0,,121399000.0,-20253000.0,101146000.0,14192000.0,84714000.0,0.75,0.74,112788000.0,113971000.0,205258000.0,,443722000.0,277991000.0,,,151715000.0,1080649000.0,,179676000.0,2141819000.0,417308000.0,113714000.0,3936568000.0,155415000.0,404322000.0,,578599000.0,,,,407696000.0,1880577000.0,1753253000.0,80901000.0,2055991000.0,3936568000.0,57907000.0,9319000.0,,-23434000.0,15737000.0,,,-11867000.0,,,122106000.0,,,,,,14447000.0,,,-14585000.0,,0.0,-76683000.0,32016000.0,
2014-09-28,1628829000.0,901823000.0,,90175000.0,442687000.0,,180175000.0,-31219000.0,148956000.0,19104000.0,126991000.0,1.13,1.12,112662000.0,113836000.0,203683000.0,,427008000.0,281617000.0,,,161389000.0,1074347000.0,,177324000.0,2123235000.0,396466000.0,111898000.0,3886470000.0,160506000.0,381354000.0,,567433000.0,,,,397705000.0,1823716000.0,1787614000.0,47953000.0,2062754000.0,3886470000.0,86833000.0,11769000.0,,-26841000.0,28536000.0,,,-4009000.0,,,185033000.0,,,,,,22214000.0,,,-23816000.0,,0.0,-123695000.0,30441000.0,
2014-12-28,2237219000.0,,1004608000.0,121141000.0,659335000.0,,210742000.0,-41139000.0,169603000.0,8437000.0,157778000.0,1.4,1.39,112593000.0,113739000.0,174821000.0,,470563000.0,285457000.0,31743000.0,,137710000.0,1068551000.0,1568000.0,176194000.0,2284077000.0,490265000.0,113420000.0,4134075000.0,173953000.0,403021000.0,168928000.0,597310000.0,,30300000.0,,442771000.0,2091973000.0,1810545000.0,24800000.0,2042102000.0,4134075000.0,116736000.0,14464000.0,-33351000.0,16989000.0,24642000.0,,,8103000.0,,,281597000.0,,,,,,29072000.0,,,-295897000.0,,0.0,30931000.0,1579000.0,
2015-03-29,526901000.0,291527000.0,,32120000.0,145873000.0,,57381000.0,-9421000.0,47960000.0,7649000.0,40334000.0,0.36,0.36,112641000.0,113439000.0,168924000.0,,415378000.0,291120000.0,,,147113000.0,1022535000.0,,168499000.0,2253208000.0,470012000.0,112419000.0,4028271000.0,157471000.0,376585000.0,,550581000.0,,,,403139000.0,1968386000.0,1842948000.0,1074000.0,2059885000.0,4028271000.0,28334000.0,3987000.0,,-37582000.0,22498000.0,,,-12335000.0,,,37663000.0,,,,,,4479000.0,,,-9039000.0,,,-24690000.0,-5897000.0,
2015-06-28,1090807000.0,602921000.0,,64803000.0,292615000.0,,125512000.0,-20264000.0,105248000.0,15941000.0,89308000.0,0.79,0.79,113018000.0,113833000.0,192170000.0,,425698000.0,304754000.0,,,147706000.0,1070328000.0,,166317000.0,2275898000.0,454251000.0,114329000.0,4082756000.0,170677000.0,384182000.0,,574344000.0,,,,401056000.0,1961852000.0,1883999000.0,13311000.0,2120904000.0,4082756000.0,56593000.0,8193000.0,,-30843000.0,33327000.0,,,-1541000.0,,,101134000.0,,,,,,10099000.0,,,-28775000.0,,,-48413000.0,17349000.0,
2015-10-04,1654243000.0,911754000.0,,95898000.0,440343000.0,,201410000.0,-32208000.0,169202000.0,24998000.0,144171000.0,1.28,1.27,112763000.0,113565000.0,195066000.0,,414193000.0,313047000.0,,,151531000.0,1073837000.0,,164177000.0,2253943000.0,424239000.0,113897000.0,4031667000.0,149684000.0,389274000.0,,554276000.0,,,,395798000.0,1977343000.0,1931026000.0,-33398000.0,2054324000.0,4031667000.0,83757000.0,12483000.0,,-36361000.0,50824000.0,,,-19916000.0,,,161859000.0,,,,,,17814000.0,,,-35733000.0,,,-92430000.0,20245000.0,
2016-01-03,2262359000.0,,1024500000.0,125928000.0,598848000.0,,286134000.0,-42119000.0,244015000.0,31327000.0,212425000.0,1.89,1.87,112507000.0,113315000.0,237932000.0,,439015000.0,288028000.0,32450000.0,,68186000.0,1033161000.0,1586000.0,167029000.0,2276149000.0,490811000.0,197559000.0,4166295000.0,152726000.0,388446000.0,163167000.0,561485000.0,,,,482607000.0,2055854000.0,1991431000.0,-45956000.0,2110441000.0,4166295000.0,112007000.0,17719000.0,-6571000.0,-6760000.0,28700000.0,,,-16082000.0,,,287098000.0,,,,,,29632000.0,,,-100856000.0,,2435000.0,-107139000.0,63111000.0,
2016-04-03,538684000.0,288587000.0,,33785000.0,147545000.0,,68767000.0,-11086000.0,57681000.0,10176000.0,47466000.0,0.43,0.43,110409000.0,111195000.0,210731000.0,,436755000.0,314060000.0,,,88274000.0,1049820000.0,,168125000.0,2296146000.0,481598000.0,213653000.0,4210721000.0,159480000.0,380899000.0,,554547000.0,,,,486864000.0,2161241000.0,1954822000.0,-14357000.0,2049480000.0,4210721000.0,26957000.0,3953000.0,,-12444000.0,15779000.0,,,4217000.0,,,32040000.0,,,,,,7808000.0,,,-17292000.0,,,-47695000.0,-27201000.0,
2016-07-03,1111351000.0,595971000.0,,68792000.0,301539000.0,,139960000.0,-16479000.0,123481000.0,14754000.0,111323000.0,1.01,1.01,109690000.0,110520000.0,248083000.0,,435822000.0,300262000.0,,,94780000.0,1078947000.0,,167196000.0,2272202000.0,454407000.0,219796000.0,4193996000.0,156442000.0,390000000.0,,561181000.0,,,,487678000.0,2105793000.0,2011035000.0,-45353000.0,2088203000.0,4193996000.0,53396000.0,9911000.0,,-6233000.0,6639000.0,,,2501000.0,,,128278000.0,,,,,,16320000.0,,,-7760000.0,,,-112439000.0,10151000.0,
2016-10-02,1659405000.0,883226000.0,,101967000.0,447332000.0,,221188000.0,-27742000.0,193446000.0,26970000.0,169450000.0,1.55,1.54,109524000.0,110372000.0,311663000.0,,443275000.0,306041000.0,,,92587000.0,1153566000.0,,175226000.0,2313900000.0,452458000.0,207867000.0,4304556000.0,162321000.0,373207000.0,,547991000.0,,,,489218000.0,2169134000.0,2061487000.0,-54785000.0,2135422000.0,4304556000.0,79287000.0,13819000.0,,-1848000.0,12350000.0,,,8986000.0,,,201892000.0,,,,,,25311000.0,,,-78191000.0,,,-52642000.0,73731000.0,
2017-01-01,2115517000.0,,1013353000.0,124278000.0,600885000.0,,283066000.0,-38998000.0,244068000.0,28362000.0,234299000.0,2.14,2.12,109478000.0,110313000.0,359265000.0,,425588000.0,246847000.0,37216000.0,,99246000.0,1189931000.0,1678000.0,145494000.0,2247966000.0,420224000.0,204679000.0,4276683000.0,168033000.0,399700000.0,162987000.0,603355000.0,,,,459544000.0,2123113000.0,2118684000.0,-100861000.0,2153570000.0,4276683000.0,99972000.0,17158000.0,-4549000.0,18960000.0,-6752000.0,,,30716000.0,,,350615000.0,,,,,,31702000.0,,,-100843000.0,,0.0,-115011000.0,121333000.0,
2017-04-02,514115000.0,274504000.0,,33288000.0,145093000.0,,51579000.0,-11596000.0,39983000.0,3921000.0,38603000.0,0.35,0.35,109468000.0,110204000.0,288329000.0,,411084000.0,264633000.0,,,96796000.0,1116579000.0,,153937000.0,2332533000.0,455128000.0,215996000.0,4340501000.0,158118000.0,397814000.0,,600608000.0,,,,462965000.0,2131514000.0,2149610000.0,-81630000.0,2208987000.0,4340501000.0,24747000.0,4926000.0,,-25093000.0,6837000.0,,,-13883000.0,,,53736000.0,,,,,,5981000.0,,,-114686000.0,,,-16181000.0,-70936000.0,
2017-07-02,1061077000.0,563963000.0,,66850000.0,293037000.0,,127576000.0,-16801000.0,110775000.0,11987000.0,242672000.0,2.21,2.2,109894000.0,110762000.0,616308000.0,,440412000.0,275085000.0,,,102021000.0,1433826000.0,,154156000.0,2356690000.0,453059000.0,207373000.0,4605104000.0,153754000.0,418477000.0,,589388000.0,,,,487685000.0,2166468000.0,2345986000.0,-63427000.0,2438636000.0,4605104000.0,49505000.0,11767000.0,,-5215000.0,9913000.0,,,-20855000.0,,,101853000.0,,,,,,11473000.0,,,159179000.0,,,-18767000.0,257043000.0,
2017-10-01,1615352000.0,849416000.0,,101737000.0,443896000.0,,207383000.0,25247000.0,215829000.0,20495000.0,333750000.0,3.04,3.02,110003000.0,110993000.0,709488000.0,,440649000.0,295176000.0,,,100347000.0,1545660000.0,,157665000.0,2373009000.0,441425000.0,221196000.0,4738955000.0,163735000.0,420263000.0,,597512000.0,,,,496145000.0,2202926000.0,2429361000.0,-53575000.0,2536029000.0,4738955000.0,75507000.0,16179000.0,,-10971000.0,25208000.0,,,-12459000.0,,,160357000.0,,,,,,22362000.0,,,204522000.0,,,-34450000.0,350223000.0,
2017-12-31,,,,,,,,,,,,,,,,202134000.0,,552304000.0,351675000.0,,,93842000.0,1199955000.0,2208000.0,298066000.0,3002198000.0,1346940000.0,244304000.0,6091463000.0,222093000.0,500642000.0,159923000.0,950902000.0,,,,848570000.0,3588275000.0,2380517000.0,-46518000.0,2503188000.0,6091463000.0,,,,,,,,,,,,,,,,,,,,,,,,,
2018-04-01,643972000.0,351750000.0,,45984000.0,199725000.0,,39935000.0,-11430000.0,28505000.0,2470000.0,26024000.0,0.24,0.23,110296000.0,111330000.0,180800000.0,,575740000.0,374808000.0,,,102656000.0,1234004000.0,,307234000.0,2997851000.0,1334566000.0,252531000.0,6126186000.0,215404000.0,478230000.0,33200000.0,925984000.0,,,,785252000.0,3570934000.0,2406952000.0,-27978000.0,2555252000.0,6126186000.0,44453000.0,5332000.0,,10280000.0,25028000.0,,,-10026000.0,,,-14558000.0,,,,,,22652000.0,,,-23667000.0,,,13009000.0,-21366000.0,
2018-07-01,1347334000.0,714972000.0,,93180000.0,404605000.0,,127999000.0,-27786000.0,100213000.0,9505000.0,90087000.0,0.82,0.81,110477000.0,111452000.0,163392000.0,,564041000.0,366961000.0,,,108019000.0,1202413000.0,,304538000.0,2940825000.0,1270867000.0,239135000.0,5957778000.0,197128000.0,488642000.0,26900000.0,712693000.0,,,,743955000.0,3440601000.0,2463287000.0,-130566000.0,2517177000.0,5957778000.0,88225000.0,12148000.0,,18768000.0,42993000.0,,,-24384000.0,,,58427000.0,,,,,,39608000.0,,,-79920000.0,,,-12931000.0,-38775000.0,
2018-09-30,2021647000.0,1056958000.0,,142028000.0,601374000.0,,208201000.0,-29947000.0,178254000.0,12101000.0,166635000.0,1.51,1.49,110724000.0,111747000.0,149513000.0,,551385000.0,354244000.0,,,110353000.0,1165495000.0,,317049000.0,2920689000.0,1223775000.0,235347000.0,5862355000.0,180693000.0,475743000.0,26300000.0,686752000.0,,,,720632000.0,3289886000.0,2532060000.0,-160648000.0,2572469000.0,5862355000.0,133386000.0,23275000.0,,12670000.0,41313000.0,,,-36587000.0,,,151619000.0,,,,,,60443000.0,,,-71901000.0,,,-121962000.0,-49654000.0,
2018-12-30,2777996000.0,1437057000.0,1340939000.0,193998000.0,811913000.0,,323884000.0,-66201000.0,257683000.0,20208000.0,237927000.0,2.15,2.13,110561000.0,111534000.0,163111000.0,,632669000.0,338347000.0,,,100507000.0,1234634000.0,2447000.0,318590000.0,2952608000.0,1199667000.0,270023000.0,5975522000.0,220949000.0,528827000.0,30800000.0,771631000.0,,,,742312000.0,3390567000.0,2602067000.0,-176481000.0,2584955000.0,5975522000.0,180588000.0,28767000.0,-51103000.0,94512000.0,30183000.0,,,8900000.0,,,311038000.0,,,,,,93253000.0,,,-159859000.0,,0.0,-179230000.0,-36055000.0,
2019-03-31,648737000.0,340931000.0,,47980000.0,198857000.0,,53330000.0,-16565000.0,36765000.0,1312000.0,35412000.0,0.32,0.32,110543000.0,111293000.0,134252000.0,,623927000.0,376507000.0,,,112960000.0,1247646000.0,,293142000.0,2939082000.0,1167576000.0,247800000.0,6086497000.0,219341000.0,498221000.0,30300000.0,742268000.0,,,,689074000.0,3448025000.0,2643026000.0,-173535000.0,2638472000.0,6086497000.0,50469000.0,6097000.0,,-7864000.0,38441000.0,,,-1451000.0,,,-5316000.0,,,,,,19875000.0,5000000.0,,-29228000.0,,,5235000.0,-28859000.0,
2019-06-30,1371254000.0,715655000.0,,96324000.0,400410000.0,,145065000.0,-36473000.0,108592000.0,3998000.0,104499000.0,0.94,0.94,110845000.0,111528000.0,150016000.0,,654454000.0,414330000.0,,,118961000.0,1337761000.0,,302720000.0,3042049000.0,1282440000.0,246168000.0,6399072000.0,188051000.0,497426000.0,31600000.0,706799000.0,,,,716929000.0,3692205000.0,2704367000.0,-180752000.0,2706867000.0,6399072000.0,103793000.0,12801000.0,,9604000.0,50450000.0,,,-39951000.0,,,41543000.0,,,,,,36461000.0,5000000.0,,-286517000.0,,,231194000.0,-13095000.0,
2019-09-29,2078177000.0,1080303000.0,,141700000.0,604581000.0,,223725000.0,-51879000.0,171846000.0,8642000.0,163057000.0,1.47,1.46,110946000.0,111559000.0,392969000.0,,646286000.0,391820000.0,,,117330000.0,1548405000.0,,298240000.0,2987541000.0,1199461000.0,280745000.0,6489081000.0,190261000.0,472156000.0,26200000.0,1188102000.0,,,,690041000.0,3782284000.0,2755165000.0,-243457000.0,2706797000.0,6489081000.0,157117000.0,25105000.0,,22132000.0,48367000.0,,,-34043000.0,,,148258000.0,,,,,,53082000.0,5000000.0,,-315539000.0,,,401327000.0,229662000.0,
2019-12-29,2883673000.0,,1396055000.0,189336000.0,815318000.0,,361973000.0,-124831000.0,237142000.0,9389000.0,227558000.0,2.06,2.04,110827000.0,111501000.0,191877000.0,,725184000.0,356937000.0,,,100381000.0,1374379000.0,2906000.0,318223000.0,3111227000.0,1283286000.0,284173000.0,6538564000.0,235855000.0,503332000.0,29900000.0,762832000.0,,,,751468000.0,3724740000.0,2811973000.0,-199646000.0,2813824000.0,6538564000.0,214025000.0,31514000.0,-61353000.0,100630000.0,9607000.0,,,7351000.0,,,363469000.0,,,,,,76331000.0,5000000.0,,-487573000.0,,0.0,150130000.0,25579000.0,
2020-04-05,652396000.0,344373000.0,,48914000.0,208569000.0,,44682000.0,-9993000.0,34689000.0,974000.0,33665000.0,0.3,0.3,111121000.0,111644000.0,195146000.0,,626150000.0,393164000.0,,,127366000.0,1341826000.0,,313857000.0,3051694000.0,1200288000.0,280412000.0,6384396000.0,233227000.0,473853000.0,32100000.0,730144000.0,,,,704154000.0,3624650000.0,2836531000.0,-278327000.0,2759746000.0,6384396000.0,60758000.0,3050000.0,,-80600000.0,54758000.0,,,3164000.0,,,60050000.0,,,,,,20488000.0,0.0,,-22014000.0,,,-24592000.0,3275000.0,
2020-07-05,1464114000.0,708747000.0,,98435000.0,429595000.0,,220321000.0,-20805000.0,199516000.0,28588000.0,170827000.0,1.54,1.53,111329000.0,111869000.0,218536000.0,,708799000.0,477707000.0,,,126371000.0,1531413000.0,,322789000.0,3107373000.0,1188464000.0,291555000.0,6636816000.0,255137000.0,550067000.0,35100000.0,1163256000.0,,,,703208000.0,3669353000.0,2965890000.0,-216672000.0,2967463000.0,6636816000.0,120047000.0,12654000.0,,-4312000.0,126707000.0,,,20907000.0,,,198646000.0,,,,,,37138000.0,0.0,,-45575000.0,,,-120366000.0,28047000.0,
2020-10-04,2428139000.0,1145327000.0,,148566000.0,654844000.0,,468327000.0,-35054000.0,433273000.0,85609000.0,347526000.0,3.12,3.1,111684000.0,112292000.0,258293000.0,,797911000.0,486555000.0,,,133062000.0,1675821000.0,,336442000.0,3161998000.0,1181754000.0,315653000.0,6865565000.0,258038000.0,614101000.0,35000000.0,1244797000.0,,,,720800000.0,3633884000.0,3134750000.0,-143767000.0,3231681000.0,6865565000.0,182521000.0,19770000.0,,67695000.0,120934000.0,,,16391000.0,,,410080000.0,,,,,,57391000.0,0.0,,-68098000.0,,,-276305000.0,66509000.0,
2021-01-03,3782745000.0,,2109877000.0,205389000.0,917894000.0,,978581000.0,-72217000.0,906364000.0,178266000.0,727887000.0,6.53,6.49,111514000.0,112085000.0,402036000.0,,1155109000.0,514567000.0,,,167208000.0,2238920000.0,2154000.0,368304000.0,3447114000.0,1365693000.0,333048000.0,7960315000.0,327325000.0,937027000.0,238100000.0,1652189000.0,,,,774531000.0,4224823000.0,3507262000.0,-31961000.0,3735492000.0,7960315000.0,246507000.0,29126000.0,-29121000.0,373895000.0,122513000.0,,,62753000.0,235500000.0,,892177000.0,,,,,,77506000.0,0.0,,-504498000.0,,,-202872000.0,210720000.0,
2021-04-04,1307689000.0,522543000.0,,60216000.0,251410000.0,,467776000.0,12706000.0,480482000.0,101139000.0,379305000.0,3.39,3.37,112028000.0,112495000.0,988234000.0,,978598000.0,529908000.0,,,177831000.0,2674571000.0,,371102000.0,3683790000.0,1473256000.0,346700000.0,8762725000.0,339326000.0,822749000.0,221000000.0,1520510000.0,,,,827636000.0,4760420000.0,3878721000.0,-104172000.0,4002305000.0,8762725000.0,70186000.0,5157000.0,,-165190000.0,15008000.0,,,-5048000.0,,,473500000.0,,,,,,14311000.0,,,-461854000.0,,,582991000.0,587788000.0,
2021-07-04,2536160000.0,1065820000.0,,126040000.0,533229000.0,,800264000.0,-6431000.0,806539000.0,181228000.0,625235000.0,5.58,5.56,112000000.0,112456000.0,572810000.0,,992602000.0,513429000.0,,,181151000.0,2259992000.0,,379065000.0,3844070000.0,1561534000.0,486306000.0,8739461000.0,324711000.0,793443000.0,230700000.0,1122823000.0,,,,838974000.0,4499654000.0,4116825000.0,-92437000.0,4239807000.0,8739461000.0,145822000.0,12361000.0,,-155270000.0,-7239000.0,,,-26795000.0,,,761362000.0,,,,,,34675000.0,,,-751879000.0,,,325267000.0,324091000.0,
2021-10-03,3702844000.0,1600668000.0,,194648000.0,872276000.0,,1022234000.0,-60302000.0,968207000.0,215111000.0,752973000.0,6.67,6.65,114508000.0,115022000.0,487373000.0,,947805000.0,645419000.0,,,170207000.0,2250804000.0,,537710000.0,7420271000.0,4160736000.0,321667000.0,14899849000.0,320435000.0,820109000.0,209600000.0,1145029000.0,,,,1512153000.0,7941264000.0,4235831000.0,-146196000.0,6958585000.0,14899849000.0,232935000.0,18957000.0,,-242386000.0,-6316000.0,,,-37002000.0,,,1075158000.0,,,,,,67459000.0,,,-4052807000.0,,,3080682000.0,86449000.0,
2022-01-02,5067169000.0,,,274969000.0,1227521000.0,,1332378000.0,-52492000.0,1279886000.0,336603000.0,943157000.0,8.12,8.08,116165000.0,116674000.0,618319000.0,,1023792000.0,624714000.0,,,173955000.0,2440780000.0,53073000.0,545605000.0,7416584000.0,4063104000.0,326706000.0,15000554000.0,355458000.0,854046000.0,201073000.0,1213744000.0,,,,1480469000.0,7859309000.0,4417174000.0,-162692000.0,7141245000.0,15000554000.0,358004000.0,32780000.0,-49342000.0,155391000.0,2376000.0,,,823000.0,62955000.0,,1410750000.0,,,,,,99888000.0,0.0,,-4112758000.0,,,-2941657000.0,216723000.0,
2022-04-03,1259442000.0,580211000.0,,76609000.0,334393000.0,,254845000.0,-37245000.0,217600000.0,40597000.0,176962000.0,1.4,1.4,126137000.0,126635000.0,669755000.0,,941722000.0,645924000.0,,,197110000.0,2454511000.0,,547035000.0,7367284000.0,3942878000.0,334793000.0,14848467000.0,376694000.0,882628000.0,171868000.0,1263051000.0,,,,1354991000.0,7662125000.0,4585231000.0,-246719000.0,7186342000.0,14848467000.0,120052000.0,15262000.0,,-69065000.0,46968000.0,,,26352000.0,,,283215000.0,,,,,,29431000.0,,,-56306000.0,,,-164858000.0,51415000.0,
2022-07-03,2489011000.0,1143617000.0,,149961000.0,664418000.0,,505703000.0,-63631000.0,442072000.0,85817000.0,356174000.0,2.82,2.81,126132000.0,126581000.0,360860000.0,,932131000.0,624297000.0,,,190484000.0,2107772000.0,,533645000.0,7243492000.0,3771221000.0,324245000.0,14189707000.0,333711000.0,705922000.0,50943000.0,1043813000.0,,,,1311435000.0,7022552000.0,4756566000.0,-459085000.0,7167155000.0,14189707000.0,239457000.0,31292000.0,,-47485000.0,70297000.0,,,-7382000.0,,,380700000.0,,,,,,52585000.0,,,-84661000.0,,,-519466000.0,-257404000.0,
2022-10-02,2570608000.0,1017108000.0,,167081000.0,765746000.0,,605230000.0,-91840000.0,513390000.0,98211000.0,441521000.0,3.5,3.49,126155000.0,126544000.0,400741000.0,,540867000.0,378256000.0,,,138867000.0,3116480000.0,,460397000.0,6373327000.0,3401143000.0,312297000.0,13823764000.0,275824000.0,471570000.0,34210000.0,1485731000.0,,,,1231724000.0,6758564000.0,4834046000.0,-649782000.0,7065200000.0,13823764000.0,322766000.0,39776000.0,,-120138000.0,44475000.0,,,-27968000.0,,,540652000.0,,,,,,59502000.0,,,-107167000.0,,,-585106000.0,-203025000.0,
2023-01-01,3311822000.0,,1989830000.0,221617000.0,1025514000.0,,742699000.0,-90862000.0,651837000.0,139161000.0,569179000.0,4.51,4.5,126155000.0,126426000.0,454358000.0,,612780000.0,405462000.0,,,122254000.0,3288558000.0,25500000.0,482950000.0,6481768000.0,3377174000.0,311054000.0,14129855000.0,272826000.0,527863000.0,30133000.0,1544483000.0,,,,1109181000.0,6746979000.0,4951018000.0,-447497000.0,7382876000.0,14129855000.0,427000000.0,51518000.0,-105923000.0,66093000.0,-48634000.0,,,-43804000.0,,,679810000.0,,,,,,85632000.0,,,-132851000.0,,,-661803000.0,-148591000.0,
2023-04-02,674865000.0,293499000.0,,56690000.0,248557000.0,,76119000.0,-46679000.0,29440000.0,4595000.0,569475000.0,4.51,4.5,126285000.0,126469000.0,2267183000.0,193963000.0,586922000.0,429423000.0,,,318116000.0,3795607000.0,,491162000.0,6505956000.0,3294657000.0,382868000.0,14638155000.0,266884000.0,817432000.0,21971000.0,1563739000.0,,,,1010230000.0,6604345000.0,5511652000.0,-304381000.0,8033810000.0,14638155000.0,109008000.0,9893000.0,,-34424000.0,18520000.0,,,-4895000.0,,,63463000.0,,,,,,20946000.0,,,1864502000.0,,,-113185000.0,1797811000.0,
2023-07-02,1383931000.0,600234000.0,,113943000.0,515579000.0,,154175000.0,-53181000.0,100994000.0,17527000.0,605034000.0,4.81,4.8,125745000.0,125918000.0,1331903000.0,739055000.0,626935000.0,436822000.0,,,388626000.0,3523341000.0,,490923000.0,6518419000.0,3197230000.0,321568000.0,14218549000.0,235721000.0,652173000.0,19850000.0,1366830000.0,,,,953838000.0,6348591000.0,5538524000.0,-304972000.0,7869958000.0,14218549000.0,217938000.0,23526000.0,,10216000.0,26775000.0,,,-49225000.0,,,-71856000.0,,,,,,34895000.0,,,1293461000.0,,,-341458000.0,862576000.0,
2023-10-01,2054670000.0,898457000.0,,166982000.0,765828000.0,,223403000.0,-71806000.0,151597000.0,35661000.0,614531000.0,4.91,4.9,125161000.0,125335000.0,1136721000.0,292971000.0,644574000.0,435696000.0,,,403275000.0,2913237000.0,,489747000.0,6470139000.0,3085253000.0,307029000.0,13421548000.0,188302000.0,532004000.0,24314000.0,1447845000.0,,,,993046000.0,5727267000.0,5539402000.0,-379240000.0,7694281000.0,13421548000.0,326201000.0,34229000.0,,30913000.0,34834000.0,,,-85394000.0,,,-105341000.0,,,,,,57252000.0,,,1728330000.0,,,-927507000.0,667212000.0,
2023-12-31,,,,,,,,,,,,,,,,913163000.0,689916000.0,632811000.0,428062000.0,,,337139000.0,3001091000.0,13913000.0,509654000.0,6533550000.0,3022321000.0,342966000.0,13564665000.0,204121000.0,524470000.0,22504000.0,1450463000.0,,,,930946000.0,5691926000.0,5609212000.0,-276692000.0,7872739000.0,13564665000.0,,,,,,,,,,,,,,,,,,,,,,,,,
2024-03-31,649920000.0,294873000.0,,50360000.0,260571000.0,,44116000.0,-9567000.0,34549000.0,5853000.0,26013000.0,0.21,0.21,123428000.0,123538000.0,998081000.0,697327000.0,588974000.0,414029000.0,,,360929000.0,3059340000.0,,503964000.0,6503897000.0,2919145000.0,297635000.0,13432705000.0,183532000.0,479247000.0,22680000.0,1374222000.0,,,,919795000.0,5586209000.0,5626580000.0,-325354000.0,7846496000.0,13432705000.0,107802000.0,11692000.0,,-37189000.0,-7209000.0,,,-18227000.0,,,147563000.0,,,,,,17844000.0,,,-18181000.0,,,-35013000.0,85092000.0,
2024-06-30,1341605000.0,601052000.0,,98492000.0,512221000.0,,129840000.0,-8629000.0,121211000.0,19909000.0,81373000.0,0.66,0.66,123391000.0,123494000.0,1248120000.0,706070000.0,597436000.0,401432000.0,,,205631000.0,3158689000.0,,503119000.0,6496971000.0,2825487000.0,296794000.0,13424849000.0,174871000.0,503728000.0,20369000.0,1390013000.0,,,,878788000.0,5554535000.0,5673297000.0,-341934000.0,7870314000.0,13424849000.0,215146000.0,22218000.0,,-28194000.0,-17251000.0,,,-22974000.0,,,306184000.0,,,,,,39875000.0,,,103310000.0,,,-61508000.0,335055000.0,
2024-09-29,2025654000.0,900285000.0,,147636000.0,749742000.0,,227991000.0,-6423000.0,221568000.0,26880000.0,175740000.0,1.43,1.42,123198000.0,123336000.0,1229778000.0,0.0,602141000.0,404570000.0,,,211917000.0,2448406000.0,,517932000.0,6558660000.0,2763211000.0,332223000.0,12769737000.0,176407000.0,510488000.0,20021000.0,687940000.0,,,,845998000.0,4848036000.0,5759120000.0,-231915000.0,7921701000.0,12769737000.0,322816000.0,32756000.0,,-33291000.0,-26817000.0,,,-24782000.0,,,454069000.0,,,,,,62194000.0,,,793491000.0,,,-935245000.0,316435000.0,
,,,,,,,,,,,,,,,,,,,,,,,,,,,,,,,,,,,,,,,,,,,,,,,,,,,,,,,,,,,,,,,,,,,
,,,,,,,,,,,,,,,,,,,,,,,,,,,,,,,,,,,,,,,,,,,,,,,,,,,,,,,,,,,,,,,,,,,
