Date,Net sales,Cost of sales,Gross margin,Research and development,"Selling, general and administrative",Total operating expenses,Operating income,"Other income/(expense), net",Income before provision for income taxes,Provision for income taxes,Net income,Earnings per share basic,Earnings per share diluted,Weighted-average basic,Weighted-average diluted,Cash and cash equivalents,Short-term marketable securities,"Accounts receivable, net",Inventories,Deferred tax assets,Vendor non-trade receivables,Other current assets,Total current assets,Long-term marketable securities,"Property, Plant and Equipment, Net",Goodwill,"Acquired intangible assets, net","Other Assets, Noncurrent",Total assets,accounts payable,Accrued expenses,Deferred revenue,Total current liabilities,Deferred revenue - non-current,deferred tax liabilities,long term taxes payable,Total other non-current liabilities,Total liabilities,Retained Earnings (Accumulated Deficit),Accumulated other comprehensive (loss)/income,Total shareholders equity,Total liabilities and shareholders' equity,"Depreciation, amortization and accretion",Stock-based compensation expense,Deferred income tax expense,"Increase (Decrease) in Accounts receivable, net",Increase (Decrease) in Inventories,Increase (Decrease) in Other Receivables,Increase (Decrease) in Other Operating Assets,Increase (Decrease) in Accounts Payable,Increase (Decrease) in Deferred Revenue,Increase (Decrease) Other liabilities,Cash generated by operating activities,Purchases of marketable securities,Proceeds from maturities of marketable securities,Proceeds from sales of marketable securities,Purchases of other long-term investments,"Business acquisitions, net of cash acquired",Cash payments for capital asset purchases,Payments for acquisition of intangible assets,Payments for (Proceeds from) Other Investing Activities,Cash used in investing activities,Proceeds from issuance of common stock,Excess tax benefits from stock-based compensation,Cash generated/used in financing activities,Increase/(decrease) in cash and cash equivalents,"Cash paid for income taxes, net"
2009-12-27,2722700000.0,1145700000.0,,,,2399500000.0,352600000.0,,,126000000.0,241500000.0,0.32,0.32,744200000.0,762900000.0,1306300000.0,2500000.0,263400000.0,544900000.0,277900000.0,,,2583900000.0,78000000.0,2482700000.0,262500000.0,68600000.0,310500000.0,6101600000.0,241900000.0,182000000.0,569900000.0,1779200000.0,,,,409000000.0,2737500000.0,3034600000.0,58200000.0,3351300000.0,6101600000.0,138200000.0,24300000.0,1000000.0,,120700000.0,,38800000.0,-43800000.0,180300000.0,-35300000.0,768700000.0,9600000.0,21800000.0,,,10600000.0,99700000.0,,,-100000000.0,,8600000.0,39800000.0,706500000.0,
2010-03-28,5257400000.0,2209800000.0,,,,4628800000.0,692400000.0,,,244700000.0,458800000.0,0.62,0.6,747100000.0,766900000.0,1086000000.0,158300000.0,299700000.0,488700000.0,272000000.0,,,2490400000.0,270000000.0,2414600000.0,262800000.0,69100000.0,319000000.0,6144700000.0,286800000.0,,433900000.0,1646600000.0,,,,394100000.0,2590000000.0,3177100000.0,47900000.0,3541000000.0,6144700000.0,272500000.0,53400000.0,-10600000.0,,174700000.0,,-1600000.0,3300000.0,44300000.0,-19400000.0,957800000.0,359800000.0,23900000.0,,,10600000.0,184500000.0,,,-529800000.0,,13800000.0,69100000.0,486200000.0,
2010-06-27,7869400000.0,3286000000.0,,,,6949400000.0,1020100000.0,,,354600000.0,666700000.0,0.89,0.87,746100000.0,766700000.0,1125200000.0,223900000.0,282500000.0,496600000.0,280700000.0,,,2610900000.0,263900000.0,2361500000.0,260900000.0,69700000.0,311100000.0,6206900000.0,288200000.0,,434300000.0,1726600000.0,,,,396300000.0,2672300000.0,3288300000.0,30400000.0,3520900000.0,6206900000.0,404500000.0,81900000.0,-15900000.0,,163600000.0,,1300000.0,1300000.0,44800000.0,25700000.0,1375400000.0,459100000.0,63500000.0,,,10600000.0,285600000.0,,,-690000000.0,,20700000.0,-140300000.0,525400000.0,
2010-10-03,10707400000.0,4458600000.0,,,,9436100000.0,1419400000.0,,,488700000.0,945600000.0,1.27,1.24,744400000.0,764200000.0,1164000000.0,236500000.0,302700000.0,543300000.0,499500000.0,,,2756400000.0,191800000.0,2416500000.0,262400000.0,70800000.0,346500000.0,6385900000.0,282600000.0,,414100000.0,1779100000.0,,,,375100000.0,2703600000.0,3471200000.0,57200000.0,3674700000.0,6385900000.0,540800000.0,113600000.0,-42000000.0,,123200000.0,,-16100000.0,-3600000.0,24200000.0,17600000.0,1704900000.0,549000000.0,209900000.0,1100000.0,,12000000.0,440700000.0,,,-789500000.0,,36900000.0,-346000000.0,564200000.0,
2011-01-02,2950800000.0,1200800000.0,,,,2483400000.0,501900000.0,,,160800000.0,346600000.0,0.46,0.45,745700000.0,766700000.0,1792000000.0,204500000.0,316100000.0,620500000.0,262200000.0,,,3400400000.0,130600000.0,2393600000.0,263800000.0,71900000.0,317900000.0,6931100000.0,296800000.0,,608200000.0,1956400000.0,,,,365000000.0,2870800000.0,3720100000.0,62600000.0,4051700000.0,6931100000.0,135300000.0,36500000.0,53700000.0,,77600000.0,,-20900000.0,15400000.0,193000000.0,-70100000.0,673600000.0,21000000.0,113800000.0,,,0.0,128900000.0,,,-36800000.0,,36600000.0,-9900000.0,628000000.0,
2011-04-03,5736500000.0,2380900000.0,,,,4931200000.0,878000000.0,,897200000.0,287300000.0,608100000.0,0.81,0.79,750300000.0,771800000.0,1645200000.0,224800000.0,355700000.0,772400000.0,258000000.0,,,3540300000.0,93500000.0,2378500000.0,265300000.0,72600000.0,323400000.0,7027600000.0,330200000.0,,487000000.0,1794200000.0,,,,356800000.0,2700400000.0,3883700000.0,84600000.0,4317800000.0,7027600000.0,271600000.0,71200000.0,49100000.0,,226200000.0,,129100000.0,46100000.0,70700000.0,-69400000.0,669500000.0,105000000.0,214600000.0,,,0.0,239100000.0,,,-139100000.0,,67600000.0,-61300000.0,481200000.0,
2011-07-03,8668700000.0,3626900000.0,,,,7505300000.0,1280300000.0,,1307100000.0,417200000.0,887400000.0,1.19,1.15,750500000.0,771900000.0,1720800000.0,173600000.0,361500000.0,856700000.0,263500000.0,,,3587000000.0,89600000.0,2384800000.0,265700000.0,74500000.0,312100000.0,7097800000.0,339900000.0,,489900000.0,1859400000.0,,,,347500000.0,2756300000.0,4065700000.0,97500000.0,4338900000.0,7097800000.0,408200000.0,108200000.0,58400000.0,,308500000.0,,66100000.0,55500000.0,73500000.0,-57900000.0,1126700000.0,169700000.0,333700000.0,,,0.0,372400000.0,,,-217000000.0,,87300000.0,-367400000.0,556800000.0,
2011-10-02,11700400000.0,4949300000.0,,,,10175800000.0,1728500000.0,,1811100000.0,563100000.0,1245700000.0,1.66,1.62,748300000.0,769700000.0,1148100000.0,855000000.0,386500000.0,965800000.0,375300000.0,,,3794900000.0,107000000.0,2355000000.0,321600000.0,111900000.0,297700000.0,7360400000.0,540000000.0,,449300000.0,2075800000.0,,6500000.0,,347800000.0,2973100000.0,4297400000.0,46300000.0,4384900000.0,7360400000.0,550000000.0,145200000.0,106200000.0,88700000.0,422300000.0,,22500000.0,227500000.0,35800000.0,-81900000.0,1612400000.0,966000000.0,430000000.0,0.0,,55800000.0,531900000.0,,,-1019500000.0,,103900000.0,-608000000.0,-15900000.0,
2012-01-01,3435900000.0,1496100000.0,,,,2924800000.0,556000000.0,,570600000.0,188400000.0,382100000.0,0.51,0.5,747900000.0,768500000.0,1569600000.0,651200000.0,431000000.0,1124000000.0,228800000.0,,,4237100000.0,146100000.0,2347300000.0,337100000.0,110800000.0,386000000.0,7835600000.0,365900000.0,963100000.0,673800000.0,2158800000.0,,,,352000000.0,3060300000.0,4551200000.0,42100000.0,4772800000.0,7835600000.0,143600000.0,39800000.0,30000000.0,,157700000.0,,,-178200000.0,224300000.0,,466300000.0,,,,,29700000.0,153500000.0,,-4800000.0,-19700000.0,,76000000.0,-26600000.0,421500000.0,
2012-04-01,6631800000.0,2908000000.0,,,,5742500000.0,986400000.0,,1027500000.0,335200000.0,691900000.0,0.92,0.9,754600000.0,773300000.0,1432200000.0,743400000.0,437400000.0,1205000000.0,215200000.0,,,4351500000.0,145900000.0,2382500000.0,340700000.0,112500000.0,392100000.0,8006500000.0,388300000.0,896300000.0,530900000.0,1971400000.0,,,,348800000.0,2869800000.0,4732100000.0,41700000.0,5133900000.0,8006500000.0,287900000.0,76000000.0,44600000.0,,236500000.0,,,-159300000.0,81600000.0,,575600000.0,,,,,29700000.0,313800000.0,,9500000.0,-287000000.0,,135200000.0,-11900000.0,284100000.0,
2012-07-01,9935400000.0,4354100000.0,,,,8606300000.0,1477900000.0,,1519900000.0,494200000.0,1025100000.0,1.36,1.33,758900000.0,776800000.0,1501300000.0,940200000.0,433000000.0,1249200000.0,216900000.0,,,4569600000.0,140100000.0,2444200000.0,336700000.0,117800000.0,404000000.0,8308900000.0,402200000.0,935600000.0,520800000.0,2018200000.0,,,,353100000.0,2920900000.0,4935800000.0,-2500000.0,5385000000.0,8308900000.0,427700000.0,114800000.0,33600000.0,,285100000.0,,,-139100000.0,71800000.0,,1126900000.0,,,,,29700000.0,516500000.0,,12300000.0,-684200000.0,,156500000.0,-88500000.0,353200000.0,
2012-09-30,13299500000.0,5813300000.0,,,,11512800000.0,1997400000.0,,2059100000.0,674400000.0,1383800000.0,1.83,1.79,754400000.0,773000000.0,1188600000.0,790800000.0,485900000.0,1241500000.0,324100000.0,,,4199600000.0,116000000.0,2658900000.0,399100000.0,143700000.0,385700000.0,8219200000.0,398100000.0,1133800000.0,510200000.0,2209800000.0,,10600000.0,,345300000.0,3104700000.0,5046200000.0,22700000.0,5109000000.0,8219200000.0,580600000.0,153600000.0,61100000.0,90300000.0,273300000.0,,,-105200000.0,60800000.0,,1750300000.0,,,5000000.0,,129100000.0,856200000.0,,41800000.0,-974000000.0,,169800000.0,-745500000.0,40500000.0,
2012-12-30,3799600000.0,1620700000.0,,,,3223500000.0,630600000.0,,621100000.0,188700000.0,432200000.0,0.58,0.57,746100000.0,761300000.0,1852100000.0,549800000.0,469200000.0,1093200000.0,215600000.0,,,4416000000.0,80000000.0,2711100000.0,400200000.0,146600000.0,428500000.0,8490100000.0,380800000.0,1055500000.0,785500000.0,2390900000.0,,,,374600000.0,3315100000.0,5117300000.0,11900000.0,5169300000.0,8490100000.0,156800000.0,37400000.0,16700000.0,,-150100000.0,,,-9600000.0,275300000.0,,1067300000.0,,,,,0.0,242300000.0,,5300000.0,28700000.0,,167500000.0,-434000000.0,663500000.0,
2013-03-31,7355400000.0,3151100000.0,,,,6287800000.0,1174600000.0,,1209900000.0,386800000.0,822500000.0,1.1,1.08,749100000.0,761300000.0,1223200000.0,411200000.0,520000000.0,1124500000.0,211300000.0,,,3810200000.0,44400000.0,2845300000.0,863600000.0,267400000.0,514800000.0,8502800000.0,355700000.0,1075400000.0,667900000.0,2269700000.0,,,,356000000.0,3175300000.0,5298600000.0,-17300000.0,5321400000.0,8502800000.0,318100000.0,70900000.0,-6900000.0,25200000.0,-138600000.0,,,-37200000.0,154000000.0,,1372500000.0,,,,,568800000.0,484900000.0,,9300000.0,-613000000.0,,193200000.0,-718500000.0,34600000.0,
2013-06-30,11097200000.0,4748600000.0,,,,9477700000.0,1789900000.0,,1822300000.0,581400000.0,1240300000.0,1.66,1.63,749700000.0,761900000.0,1430800000.0,551800000.0,506800000.0,1173800000.0,212800000.0,,,4239700000.0,45500000.0,2987100000.0,860900000.0,268800000.0,485800000.0,9062400000.0,415200000.0,1149700000.0,682000000.0,2424400000.0,,,,340700000.0,3314800000.0,5558500000.0,14500000.0,5741500000.0,9062400000.0,479300000.0,105600000.0,3900000.0,20300000.0,-88800000.0,,,20800000.0,168100000.0,,2037800000.0,,,,,576900000.0,782200000.0,,-3000000.0,-998400000.0,199500000.0,229200000.0,-783800000.0,242200000.0,
2013-09-29,14892200000.0,6382300000.0,,,,15469000000.0,-325400000.0,,-229900000.0,-238700000.0,8300000.0,0.01,0.01,749300000.0,762300000.0,2575700000.0,591500000.0,561400000.0,1111200000.0,1233200000.0,,,5471400000.0,58300000.0,3200500000.0,862900000.0,274800000.0,185300000.0,11516700000.0,491700000.0,1269300000.0,653700000.0,5377300000.0,,10100000.0,,357700000.0,7034400000.0,4130300000.0,67000000.0,4480200000.0,11516700000.0,655600000.0,142300000.0,-1045900000.0,68300000.0,-152500000.0,,,88700000.0,139900000.0,,2908300000.0,,,,,610400000.0,1151200000.0,,27200000.0,-1411200000.0,247200000.0,258100000.0,-108200000.0,1387100000.0,
2013-12-29,4239600000.0,1795100000.0,,,,3477200000.0,813500000.0,,818800000.0,278100000.0,540700000.0,0.72,0.71,754900000.0,766200000.0,1545800000.0,85600000.0,589800000.0,943300000.0,252400000.0,,,3759400000.0,480000000.0,3233000000.0,862600000.0,276100000.0,205800000.0,10255200000.0,444200000.0,1309200000.0,1013400000.0,2953000000.0,,,,364800000.0,5365700000.0,4474200000.0,68700000.0,4887400000.0,10255200000.0,180100000.0,47800000.0,35700000.0,26100000.0,-167900000.0,,,-41800000.0,359700000.0,,-1401900000.0,,,,,,256100000.0,,19400000.0,-193300000.0,61600000.0,72600000.0,568900000.0,-1029900000.0,
2014-03-30,8113400000.0,3424200000.0,,,,6766700000.0,1457700000.0,,1464000000.0,496400000.0,967600000.0,1.28,1.26,755200000.0,765400000.0,1190300000.0,,590000000.0,954700000.0,258700000.0,,,3579000000.0,449800000.0,3278100000.0,860800000.0,277200000.0,195900000.0,10097000000.0,472600000.0,1260100000.0,816300000.0,2733500000.0,,,,368400000.0,5149900000.0,4705400000.0,64300000.0,4945100000.0,10097000000.0,364200000.0,91600000.0,36100000.0,28600000.0,-156200000.0,,,-9600000.0,162500000.0,,-983500000.0,,,,,0.0,503600000.0,,14400000.0,-549000000.0,89500000.0,87300000.0,157400000.0,-1385400000.0,
2014-06-29,12267100000.0,5135700000.0,,,,10224700000.0,2226300000.0,,2235600000.0,755400000.0,1480300000.0,1.96,1.94,753900000.0,763900000.0,1019400000.0,,580900000.0,1025800000.0,264500000.0,,,3356900000.0,832700000.0,3373700000.0,861700000.0,278700000.0,193000000.0,10385300000.0,474500000.0,1376000000.0,830800000.0,2883900000.0,,,,382500000.0,5314500000.0,4957700000.0,70900000.0,5068800000.0,10385300000.0,554000000.0,142600000.0,32100000.0,19000000.0,-85200000.0,,,-3100000.0,177000000.0,,-133400000.0,,,,,0.0,811200000.0,,24400000.0,-1122900000.0,117600000.0,101600000.0,-295700000.0,-1556300000.0,
2014-09-28,16447800000.0,6858800000.0,,,,13635000000.0,3081100000.0,,3159700000.0,1092000000.0,2068100000.0,2.75,2.71,753100000.0,763100000.0,1708400000.0,,631000000.0,1090900000.0,1209600000.0,,,4168700000.0,318400000.0,3519000000.0,856200000.0,273500000.0,198900000.0,10752900000.0,533700000.0,1514400000.0,794500000.0,3038700000.0,,6900000.0,,392200000.0,5479200000.0,5206600000.0,25300000.0,5272000000.0,10752900000.0,748400000.0,183200000.0,10200000.0,79700000.0,-14300000.0,,,60400000.0,140800000.0,,607800000.0,,456100000.0,1454800000.0,,0.0,1160900000.0,,19100000.0,-817700000.0,139700000.0,114400000.0,-623300000.0,-867300000.0,766300000.0
2014-12-28,4803200000.0,1991200000.0,,,,3940500000.0,915500000.0,,1299500000.0,315000000.0,983100000.0,1.31,1.3,749400000.0,758400000.0,1857000000.0,,664900000.0,1018300000.0,309300000.0,,,4546100000.0,307500000.0,3822300000.0,1584900000.0,555500000.0,382200000.0,12351100000.0,547700000.0,1561700000.0,1230900000.0,3557500000.0,,,,587400000.0,6193300000.0,5832200000.0,-97000000.0,5775400000.0,12351100000.0,216300000.0,51900000.0,100000000.0,9300000.0,-92000000.0,,,-20800000.0,408400000.0,,1425200000.0,,7400000.0,177500000.0,,284300000.0,291800000.0,,-1800000.0,-522500000.0,64100000.0,53300000.0,-668300000.0,148600000.0,231200000.0
2015-03-29,9366800000.0,3851000000.0,,,,7781400000.0,1693100000.0,,2061600000.0,581200000.0,1478300000.0,0.99,0.97,1500500000.0,1516700000.0,1750400000.0,,655600000.0,1061100000.0,323800000.0,,,4245400000.0,325100000.0,3897700000.0,1592200000.0,547000000.0,395200000.0,12190700000.0,601300000.0,1685900000.0,1018500000.0,3521200000.0,,,,610300000.0,6180000000.0,6083000000.0,-116900000.0,6008700000.0,12190700000.0,444200000.0,104200000.0,60000000.0,14100000.0,-39600000.0,,,48200000.0,200100000.0,,2000900000.0,,12700000.0,305300000.0,,284300000.0,606600000.0,,17900000.0,-872800000.0,111100000.0,78000000.0,-975400000.0,42000000.0,612800000.0
2015-06-28,14247900000.0,5804900000.0,,,,11784300000.0,2631600000.0,,3006500000.0,899700000.0,2104900000.0,1.4,1.39,1499300000.0,1516300000.0,2080500000.0,,672700000.0,1166000000.0,333000000.0,,,4760700000.0,390100000.0,3977700000.0,1560600000.0,525800000.0,443300000.0,12868800000.0,603200000.0,1656900000.0,1024600000.0,4049200000.0,,,,613900000.0,7010500000.0,5945000000.0,-131100000.0,5856500000.0,12868800000.0,693300000.0,156200000.0,44100000.0,31400000.0,64300000.0,,,53700000.0,206600000.0,,2779200000.0,,16000000.0,420100000.0,,284300000.0,943500000.0,,33900000.0,-1292400000.0,146900000.0,97900000.0,-996800000.0,372100000.0,936500000.0
2015-09-27,19162700000.0,7787500000.0,,,,15811600000.0,3601000000.0,,3903000000.0,1143700000.0,2757400000.0,1.84,1.82,1495900000.0,1513400000.0,1530100000.0,,719000000.0,1306400000.0,1137400000.0,,,4352700000.0,312500000.0,4088300000.0,1575400000.0,520400000.0,415900000.0,12446100000.0,684200000.0,1760700000.0,983800000.0,3653500000.0,,67800000.0,,625300000.0,6626300000.0,5974800000.0,-199400000.0,5818000000.0,12446100000.0,933800000.0,209800000.0,21200000.0,82800000.0,207900000.0,,,137700000.0,170300000.0,,3749100000.0,,18800000.0,600600000.0,,284300000.0,1303700000.0,,-6800000.0,-1520300000.0,191800000.0,132400000.0,-2256500000.0,-178300000.0,1072200000.0
2015-12-27,5373500000.0,2186200000.0,,,,4379600000.0,1058000000.0,,1049600000.0,361900000.0,687600000.0,0.46,0.46,1485900000.0,1503300000.0,2263500000.0,,764400000.0,1242600000.0,,,,4727700000.0,366900000.0,4122500000.0,1572300000.0,509100000.0,416900000.0,12943500000.0,648000000.0,1686000000.0,1448800000.0,4420100000.0,,,,592100000.0,6960100000.0,6164000000.0,-225100000.0,5981500000.0,12943500000.0,247300000.0,57300000.0,225200000.0,65100000.0,-60600000.0,,,-28200000.0,468900000.0,,1636000000.0,,800000.0,85300000.0,,0.0,331800000.0,,-1000000.0,-360100000.0,48400000.0,67200000.0,-528700000.0,733400000.0,86700000.0
2016-03-27,10366800000.0,4196500000.0,,,,8574200000.0,1922300000.0,,1910000000.0,647400000.0,1262600000.0,0.85,0.84,1479000000.0,1495000000.0,1294400000.0,,743700000.0,1293100000.0,,,,3883500000.0,605000000.0,4246900000.0,1625000000.0,515200000.0,401200000.0,12519400000.0,662700000.0,1695700000.0,1203500000.0,4351200000.0,,,,624200000.0,7423000000.0,5241200000.0,-189200000.0,5094600000.0,12519400000.0,509300000.0,108600000.0,260200000.0,39800000.0,-15300000.0,,,-17200000.0,216200000.0,,2185500000.0,,4400000.0,247700000.0,,0.0,668200000.0,,-12100000.0,-952800000.0,79600000.0,89300000.0,-1463000000.0,-235700000.0,458100000.0
2016-06-26,15604700000.0,6256900000.0,,,,12872500000.0,2944500000.0,,2983400000.0,966200000.0,2016800000.0,1.37,1.35,1474400000.0,1489700000.0,2141800000.0,,747300000.0,1325100000.0,,,,4856200000.0,819500000.0,4359200000.0,1705100000.0,526700000.0,391100000.0,13833200000.0,675700000.0,1714500000.0,1216600000.0,4245200000.0,,,,661600000.0,8109200000.0,5702000000.0,-128600000.0,5721800000.0,13833200000.0,768200000.0,158400000.0,344700000.0,39500000.0,15700000.0,,,-3700000.0,223500000.0,,3266900000.0,,11800000.0,409600000.0,,0.0,1029700000.0,,-3300000.0,-1558100000.0,120900000.0,110900000.0,-1094100000.0,611700000.0,669800000.0
2016-10-02,21315900000.0,8511100000.0,,,,17462200000.0,4171900000.0,,4198600000.0,1379700000.0,2817700000.0,1.91,1.9,1471600000.0,1486700000.0,2128800000.0,,768800000.0,1378500000.0,870700000.0,,,4760500000.0,1141700000.0,4533800000.0,1719600000.0,516300000.0,417700000.0,14329500000.0,730600000.0,1999100000.0,1171200000.0,4546900000.0,,14700000.0,,689700000.0,8438800000.0,5949800000.0,-108400000.0,5884000000.0,14329500000.0,1030100000.0,218100000.0,265700000.0,55600000.0,67500000.0,,,46900000.0,180400000.0,,4575100000.0,,27900000.0,680700000.0,,0.0,1440300000.0,,-24900000.0,-2222900000.0,160700000.0,122800000.0,-1750000000.0,598700000.0,878700000.0
2017-01-01,5732900000.0,2295000000.0,,,,4684700000.0,1132600000.0,,1132900000.0,381400000.0,751800000.0,0.52,0.51,1457500000.0,1470500000.0,2034600000.0,,865100000.0,1218700000.0,,,,4616200000.0,1278300000.0,4478500000.0,1599000000.0,470600000.0,394900000.0,14017300000.0,662500000.0,1944900000.0,1578300000.0,4397300000.0,,,,631200000.0,8214200000.0,5996300000.0,-242300000.0,5796600000.0,14017300000.0,263200000.0,55000000.0,56400000.0,128700000.0,-146400000.0,,,-34700000.0,425000000.0,,1495700000.0,,18100000.0,149600000.0,,,307400000.0,,-61600000.0,-401500000.0,51200000.0,34100000.0,-1155000000.0,-94200000.0,270800000.0
2017-04-02,11027000000.0,4436200000.0,,,,9127300000.0,2068300000.0,,2113600000.0,709000000.0,1404900000.0,0.97,0.96,1455300000.0,1467700000.0,2163900000.0,,791000000.0,1323600000.0,,,,4919400000.0,1070100000.0,4564500000.0,1635800000.0,467700000.0,368000000.0,14227900000.0,686900000.0,1730600000.0,1339700000.0,4000100000.0,,,,673900000.0,8616500000.0,5768900000.0,-206400000.0,5605000000.0,14227900000.0,529800000.0,104900000.0,62800000.0,45600000.0,-45400000.0,,,-21500000.0,179200000.0,,1939000000.0,,33600000.0,470600000.0,,,637900000.0,,-54100000.0,-565300000.0,97500000.0,52700000.0,-1317900000.0,35100000.0,822600000.0
2017-07-02,16688500000.0,6685300000.0,,,,13845900000.0,3112100000.0,,3165600000.0,1070100000.0,2096100000.0,1.44,1.43,1452800000.0,1464900000.0,2716200000.0,,791100000.0,1357300000.0,,,,5509300000.0,708300000.0,4699800000.0,1549100000.0,454800000.0,365300000.0,14522700000.0,702200000.0,1770600000.0,1342200000.0,4026500000.0,,,,711200000.0,8673200000.0,5986000000.0,-185100000.0,5843400000.0,14522700000.0,796400000.0,148700000.0,75100000.0,40100000.0,-19100000.0,,,-18300000.0,178300000.0,,3089600000.0,,61700000.0,831700000.0,,,1025300000.0,,-54900000.0,-669500000.0,131500000.0,69400000.0,-1822800000.0,587400000.0,1084600000.0
2017-10-01,22386800000.0,9038200000.0,,,,18643500000.0,4134700000.0,,4317500000.0,1432600000.0,2884700000.0,1.99,1.97,1449500000.0,1461500000.0,2462300000.0,,870400000.0,1364000000.0,789100000.0,,,5283400000.0,542300000.0,4919500000.0,1539200000.0,441400000.0,362800000.0,14365600000.0,782500000.0,1934500000.0,1288500000.0,4220700000.0,,6300000.0,,755300000.0,8908600000.0,5563200000.0,-155600000.0,5450100000.0,14365600000.0,1067100000.0,176000000.0,95100000.0,96800000.0,-14000000.0,,,46400000.0,130800000.0,,4174300000.0,,149600000.0,999700000.0,,0.0,1519400000.0,,-54300000.0,-850000000.0,150800000.0,77500000.0,-3001600000.0,333500000.0,1389100000.0
2017-12-31,6073700000.0,2502900000.0,,,,5047000000.0,1116100000.0,,3005900000.0,755800000.0,2250200000.0,1.58,1.57,1421000000.0,1434600000.0,3661400000.0,,851800000.0,1313200000.0,,,,6883500000.0,363500000.0,5378700000.0,3674800000.0,1246200000.0,526300000.0,18518500000.0,852100000.0,3761100000.0,1668000000.0,6841100000.0,,,,1352000000.0,12759600000.0,5834900000.0,-125300000.0,5752100000.0,18518500000.0,272400000.0,61400000.0,744800000.0,-1300000.0,-71200000.0,,,28100000.0,359600000.0,,1834000000.0,,21300000.0,,,,429300000.0,,4500000.0,395000000.0,54300000.0,,-1039700000.0,1199100000.0,140100000.0
2018-04-01,12105500000.0,5018900000.0,,,,10359000000.0,1888600000.0,,3821500000.0,911600000.0,2910300000.0,2.07,2.05,1407900000.0,1420500000.0,2142000000.0,,869600000.0,1375900000.0,,,,5657000000.0,293100000.0,5576800000.0,3793500000.0,1228400000.0,541800000.0,17553500000.0,869700000.0,2261600000.0,1484000000.0,5187000000.0,,,,1120400000.0,12835800000.0,4635800000.0,32900000.0,4711200000.0,17553500000.0,617600000.0,116500000.0,732600000.0,-5200000.0,-10300000.0,,,25500000.0,163700000.0,,2288500000.0,,26500000.0,,,1311300000.0,896700000.0,,2300000.0,-1238900000.0,106300000.0,,-1412500000.0,-320300000.0,723400000.0
2018-07-01,18415900000.0,7573700000.0,,,,15702500000.0,2926900000.0,,4848400000.0,1086500000.0,3762800000.0,2.69,2.67,1397700000.0,1409900000.0,1892100000.0,,854800000.0,1387400000.0,,,,5583400000.0,261400000.0,5689600000.0,3647600000.0,1122900000.0,404700000.0,17182100000.0,921100000.0,2320700000.0,1444600000.0,5551600000.0,,,,1122100000.0,13185400000.0,4150900000.0,-202700000.0,3990700000.0,17182100000.0,961500000.0,185000000.0,763700000.0,14900000.0,21500000.0,,,72400000.0,137700000.0,,3504400000.0,,40600000.0,,,1311300000.0,1407800000.0,,-1900000.0,-1696700000.0,131900000.0,,-2367700000.0,-570200000.0,899700000.0
2018-09-30,24719500000.0,10174500000.0,,,,21137400000.0,3883300000.0,,5780000000.0,1262000000.0,4518300000.0,3.27,3.24,1382700000.0,1394600000.0,8756300000.0,,693100000.0,1400500000.0,560900000.0,,,12494200000.0,267700000.0,5929100000.0,3541600000.0,1042200000.0,412200000.0,24156400000.0,1179300000.0,2298400000.0,1642900000.0,5684200000.0,6775700000.0,270200000.0,,,22980600000.0,1457400000.0,-330300000.0,1169500000.0,24156400000.0,1305900000.0,250300000.0,714900000.0,-131000000.0,41200000.0,,,391600000.0,7109400000.0,,11937800000.0,,45300000.0,459000000.0,,1311300000.0,1976400000.0,,-5600000.0,-2361500000.0,153900000.0,,-3242800000.0,6294000000.0,1176900000.0
2018-12-30,6632700000.0,2758700000.0,,,,5684800000.0,1015700000.0,,965500000.0,205100000.0,760600000.0,0.61,0.61,1242000000.0,1253400000.0,4761600000.0,,721400000.0,1354600000.0,,,,7676300000.0,265000000.0,6039300000.0,3560300000.0,981600000.0,472700000.0,19981300000.0,1100500000.0,2564000000.0,1554200000.0,5427500000.0,6823700000.0,,,,22860100000.0,-2584000000.0,-343200000.0,-2884900000.0,19981300000.0,350800000.0,97300000.0,-354600000.0,28800000.0,-44800000.0,,,-21300000.0,362700000.0,,2379000000.0,,14200000.0,,,0.0,431400000.0,,16600000.0,-510400000.0,108400000.0,,-5858600000.0,-3994700000.0,-707300000.0
2019-03-31,12938700000.0,5362500000.0,,,,11195400000.0,1873400000.0,,1785400000.0,366400000.0,1423600000.0,1.15,1.14,1240600000.0,1252100000.0,2055100000.0,,703600000.0,1443000000.0,,,,4952300000.0,251900000.0,6135500000.0,3603500000.0,918300000.0,464500000.0,17641900000.0,1096700000.0,2569300000.0,1311400000.0,5273400000.0,6761900000.0,,,,22677100000.0,-4807700000.0,-271500000.0,-5036900000.0,17641900000.0,723500000.0,192100000.0,-714500000.0,-9800000.0,51000000.0,,,-83400000.0,9400000.0,,2769400000.0,,55100000.0,,,0.0,845600000.0,,37100000.0,-711000000.0,275700000.0,,-8777900000.0,-6701200000.0,-168800000.0
2019-06-30,19761600000.0,8171100000.0,,,,16973100000.0,2994600000.0,,3462300000.0,670100000.0,2796400000.0,2.27,2.25,1230800000.0,1242400000.0,4763300000.0,,790600000.0,1517200000.0,,,,7734800000.0,222600000.0,6187800000.0,3564700000.0,853200000.0,458000000.0,20894400000.0,1145400000.0,3238700000.0,1300200000.0,5895800000.0,6717900000.0,,,,25213400000.0,-4013900000.0,-349000000.0,-4320600000.0,20894400000.0,1083600000.0,255400000.0,-1243500000.0,70100000.0,140500000.0,,,-15100000.0,-32400000.0,,3938800000.0,,57500000.0,,,0.0,1280700000.0,,72900000.0,-506500000.0,358500000.0,,-7422800000.0,-3993000000.0,126200000.0
2019-09-29,26508600000.0,8526900000.0,,,,22728700000.0,4077900000.0,,4466200000.0,871600000.0,3599200000.0,2.95,2.92,1221200000.0,1233200000.0,2686600000.0,,879200000.0,1529400000.0,1579400000.0,,,5653900000.0,220000000.0,6431700000.0,3490800000.0,781800000.0,479600000.0,19219600000.0,1189700000.0,1753700000.0,1269000000.0,6168700000.0,6744400000.0,186400000.0,,,25450600000.0,-5771200000.0,-503300000.0,-6232200000.0,19219600000.0,1449300000.0,308000000.0,-1495400000.0,197700000.0,173000000.0,,,31900000.0,-30500000.0,,5047000000.0,,,291100000.0,,0.0,1806600000.0,,56200000.0,-1010800000.0,409800000.0,,-10056900000.0,-6069700000.0,470100000.0
2019-12-29,7097100000.0,2236400000.0,,,,5951200000.0,1219800000.0,,1143800000.0,258500000.0,885700000.0,0.75,0.74,1180400000.0,1191000000.0,3040500000.0,,908100000.0,1408700000.0,,,,5899700000.0,199800000.0,6390900000.0,3515900000.0,739100000.0,484700000.0,27731300000.0,1085600000.0,1637800000.0,1694100000.0,8675500000.0,6748800000.0,,,,34490400000.0,-6414800000.0,-387400000.0,-6759900000.0,27731300000.0,369200000.0,90300000.0,10400000.0,22900000.0,-122800000.0,,,-110300000.0,426700000.0,,1836100000.0,,1300000.0,,,,394300000.0,,19900000.0,-386300000.0,33100000.0,,-1123000000.0,353900000.0,92100000.0
2020-03-29,13092800000.0,4234200000.0,,,,11527500000.0,1707200000.0,,1534100000.0,324000000.0,1214100000.0,1.03,1.02,1176100000.0,1185800000.0,2572300000.0,,941000000.0,1492200000.0,1700000000.0,,,5749900000.0,198800000.0,6387000000.0,3493000000.0,678700000.0,580100000.0,27478900000.0,997700000.0,1539000000.0,1436300000.0,8265800000.0,6685500000.0,,,,35011800000.0,-7050600000.0,-521800000.0,-7530100000.0,27478900000.0,746900000.0,146600000.0,47700000.0,60700000.0,-36900000.0,,,-186400000.0,112100000.0,,474800000.0,,4300000.0,,,,758300000.0,,22500000.0,-747900000.0,65400000.0,,150100000.0,-114300000.0,1726200000.0
2020-06-28,17314900000.0,,,,,16521800000.0,1003400000.0,,-812000000.0,190000000.0,-678400000.0,-0.58,-0.58,1173600000.0,1182700000.0,3965900000.0,,881100000.0,1583800000.0,,,,7581000000.0,223400000.0,6295600000.0,3510100000.0,599600000.0,550800000.0,29140600000.0,860800000.0,1511700000.0,1463300000.0,8002000000.0,6642600000.0,,,,37764900000.0,-8208300000.0,-529900000.0,-8621600000.0,29140600000.0,1124000000.0,188000000.0,20000000.0,-13400000.0,51700000.0,,,-320300000.0,92000000.0,,107100000.0,,10000000.0,,,,1138400000.0,,39400000.0,-1331700000.0,98900000.0,,2493000000.0,1279300000.0,1691100000.0
2020-09-27,23518000000.0,,,,,22278800000.0,1561700000.0,,1164400000.0,239700000.0,928300000.0,0.79,0.79,1172800000.0,1181800000.0,4350900000.0,,883400000.0,1551400000.0,1631800000.0,,,7806400000.0,206100000.0,6241400000.0,3597200000.0,552100000.0,568600000.0,29374500000.0,997900000.0,1160700000.0,1456500000.0,7346800000.0,6598500000.0,-158100000.0,,,37173900000.0,-7815600000.0,-364600000.0,-7805100000.0,29374500000.0,1503200000.0,248600000.0,-25800000.0,2700000.0,10900000.0,,,-210800000.0,31000000.0,,1597800000.0,,,177400000.0,,0.0,1483600000.0,,44400000.0,-1711500000.0,298800000.0,,1713300000.0,1664300000.0,1699100000.0
2020-12-27,6749400000.0,,,,,5918600000.0,913500000.0,,808300000.0,186100000.0,622200000.0,0.53,0.53,1175000000.0,1183000000.0,5028100000.0,,888000000.0,1471500000.0,,,,8357500000.0,190900000.0,6177900000.0,3706800000.0,506400000.0,541100000.0,29968400000.0,1050600000.0,1616900000.0,1871200000.0,7883900000.0,6597700000.0,,,,37872400000.0,-8253600000.0,-145900000.0,-7909700000.0,29968400000.0,388400000.0,99300000.0,-6100000.0,-19600000.0,-90100000.0,,,24800000.0,398900000.0,,1835700000.0,,113700000.0,,,,324200000.0,,17700000.0,-272500000.0,102800000.0,,-965800000.0,677200000.0,109400000.0
2021-03-28,13417500000.0,,,,,11676000000.0,1901200000.0,,1698100000.0,416500000.0,1281600000.0,1.09,1.08,1177500000.0,1184800000.0,3880700000.0,,880200000.0,1503600000.0,,,,6979500000.0,284800000.0,6123100000.0,3658900000.0,444300000.0,574900000.0,28371700000.0,1033600000.0,1771600000.0,1622100000.0,6505100000.0,6532100000.0,,,,36020000000.0,-8124300000.0,-126300000.0,-7654000000.0,28371700000.0,772900000.0,175300000.0,-25200000.0,-12800000.0,-51300000.0,,,21300000.0,89800000.0,,2719500000.0,,289000000.0,,,,647900000.0,,20100000.0,-579000000.0,134400000.0,,-2677400000.0,-470200000.0,236200000.0
2021-06-27,20913900000.0,,,,,17789300000.0,3389900000.0,,3109300000.0,673600000.0,2434900000.0,2.07,2.06,1178500000.0,1186200000.0,4753100000.0,,911200000.0,1548200000.0,,,,7931700000.0,285900000.0,6151400000.0,3672000000.0,398000000.0,586300000.0,29476800000.0,1127000000.0,1791400000.0,1628300000.0,7799800000.0,6491400000.0,,,,36271100000.0,-7501600000.0,-29700000.0,-6800800000.0,29476800000.0,1146200000.0,255300000.0,-113200000.0,13100000.0,-8400000.0,,,108200000.0,52400000.0,,4468400000.0,,298700000.0,,,,985700000.0,,62300000.0,-986200000.0,191600000.0,,-3167900000.0,402200000.0,407900000.0
2021-10-03,29060600000.0,,,,,24573800000.0,4872100000.0,,5356900000.0,1156600000.0,4199300000.0,3.57,3.54,1177600000.0,1185500000.0,6455700000.0,,940000000.0,1603900000.0,1726300000.0,,,9756400000.0,281700000.0,6369500000.0,3677300000.0,349900000.0,578500000.0,31392600000.0,1211600000.0,1973200000.0,1596100000.0,8151400000.0,6463000000.0,,,,36707100000.0,-6315700000.0,147200000.0,-5321200000.0,31392600000.0,1524100000.0,319100000.0,-146200000.0,43000000.0,49800000.0,,,189900000.0,-6100000.0,,5989100000.0,,,134100000.0,,,1470000000.0,,81200000.0,-319500000.0,246200000.0,,-3651000000.0,2104800000.0,756300000.0
2022-01-02,8050400000.0,,,,,6912900000.0,1177800000.0,,1062400000.0,246300000.0,815900000.0,0.7,0.69,1169600000.0,1176600000.0,3969400000.0,,1031100000.0,1637100000.0,,,,7255100000.0,299600000.0,6398000000.0,3675700000.0,302500000.0,588000000.0,28833900000.0,1289400000.0,2444300000.0,2070700000.0,8921100000.0,6447700000.0,,,,37284200000.0,-8753000000.0,253500000.0,-8457200000.0,28833900000.0,386400000.0,95800000.0,-300000.0,91600000.0,36000000.0,,,84000000.0,461300000.0,,1870900000.0,,45600000.0,,,,416800000.0,,41400000.0,-401000000.0,41300000.0,,-3969200000.0,-2486300000.0,161400000.0
2022-04-03,15686000000.0,,,,,13648700000.0,2126700000.0,,1938500000.0,447400000.0,1490400000.0,1.29,1.28,1159400000.0,1165200000.0,3913400000.0,,1001900000.0,1920000000.0,,,,7541100000.0,285600000.0,6460800000.0,3646100000.0,254700000.0,582800000.0,29021500000.0,1329500000.0,2092400000.0,1781600000.0,9104300000.0,6381900000.0,,,,37782700000.0,-9070500000.0,260300000.0,-8768000000.0,29021500000.0,777700000.0,149200000.0,28400000.0,62100000.0,324900000.0,,,133000000.0,110200000.0,,2032800000.0,,55700000.0,,,,871900000.0,,69800000.0,-880900000.0,56300000.0,,-3708800000.0,-2542300000.0,783200000.0
2022-07-03,23836100000.0,,,,,20557300000.0,3422300000.0,,3130700000.0,725900000.0,2403300000.0,2.08,2.07,1155300000.0,1160500000.0,3177500000.0,,1146100000.0,2132900000.0,,,,7067500000.0,292500000.0,6408200000.0,3451200000.0,203400000.0,640700000.0,28156200000.0,1489800000.0,2068900000.0,1723000000.0,8402400000.0,6333100000.0,,,,36815100000.0,-8719700000.0,-65000000.0,-8666500000.0,28156200000.0,1169000000.0,206600000.0,35000000.0,245500000.0,557300000.0,,,341700000.0,32700000.0,,3297600000.0,,59500000.0,,,,1295400000.0,,95700000.0,-1376300000.0,75500000.0,,-5073200000.0,-3278200000.0,911200000.0
2022-10-02,32250300000.0,,,,,27866600000.0,4617800000.0,,4231900000.0,948500000.0,3281600000.0,2.85,2.83,1153300000.0,1158500000.0,,,1175500000.0,2176600000.0,1681100000.0,,,7018700000.0,279100000.0,6560500000.0,3283500000.0,155900000.0,554200000.0,27978400000.0,1441400000.0,2137100000.0,1641900000.0,9151800000.0,6279700000.0,,,,36677100000.0,-8449800000.0,-463200000.0,-8706600000.0,27978400000.0,1529400000.0,271500000.0,-37800000.0,326100000.0,641000000.0,,,345500000.0,-75800000.0,,4397300000.0,,,72600000.0,,,1841300000.0,,126300000.0,-2146300000.0,101600000.0,,-5638000000.0,-3637300000.0,1157600000.0
2023-01-01,8713900000.0,,,,,7518600000.0,1253100000.0,,1135000000.0,279800000.0,855200000.0,0.74,0.74,1148500000.0,1152900000.0,,,1162900000.0,2088100000.0,,,,6934900000.0,283600000.0,6699500000.0,3383000000.0,151400000.0,527600000.0,28256100000.0,1348200000.0,2089600000.0,2137000000.0,9246200000.0,6263200000.0,,,,36922000000.0,-8203200000.0,-538900000.0,-8673800000.0,28256100000.0,342500000.0,85200000.0,15800000.0,-42000000.0,-108500000.0,,,-117300000.0,461000000.0,,1593200000.0,,253300000.0,,,,516800000.0,,6100000.0,-279300000.0,45900000.0,,-1007800000.0,368100000.0,106200000.0
2023-04-02,17433800000.0,,,,,15053600000.0,2580700000.0,,2344700000.0,581100000.0,1763600000.0,1.54,1.53,1148500000.0,1152800000.0,,,1185800000.0,2000600000.0,,,,7046200000.0,251200000.0,6818600000.0,3412300000.0,130800000.0,526700000.0,28609000000.0,1434000000.0,1970000000.0,1795900000.0,9121800000.0,6200200000.0,,,,37108400000.0,-8024600000.0,-521600000.0,-8506900000.0,28609000000.0,709300000.0,159300000.0,2600000.0,-26200000.0,-194600000.0,,,-51200000.0,54000000.0,,2360800000.0,,270000000.0,,,,1002000000.0,,39200000.0,-907000000.0,129800000.0,,-1283400000.0,253400000.0,636800000.0
2023-07-02,26602000000.0,,,,,22707700000.0,4164600000.0,,3808800000.0,903400000.0,2905200000.0,2.53,2.52,1147600000.0,1152000000.0,,,1140200000.0,1987000000.0,,,,7170700000.0,238600000.0,7053500000.0,3250900000.0,124400000.0,541700000.0,28733000000.0,1503500000.0,2060500000.0,1759600000.0,9214600000.0,6152500000.0,,,,37074600000.0,-7610500000.0,-777500000.0,-8348600000.0,28733000000.0,1073800000.0,228500000.0,-30200000.0,-44300000.0,-194500000.0,,,47300000.0,-8200000.0,,4063700000.0,,515000000.0,,,,1634100000.0,,42000000.0,-1406200000.0,149400000.0,,-2112900000.0,538600000.0,939800000.0
2023-10-01,35975600000.0,,,,,30494500000.0,5870800000.0,,5401900000.0,1277200000.0,4124500000.0,3.6,3.58,1146800000.0,1151300000.0,,,1184100000.0,1806400000.0,1755200000.0,,,7303400000.0,247400000.0,7387100000.0,3218300000.0,120500000.0,546500000.0,29445500000.0,1544300000.0,2145100000.0,1700200000.0,9345300000.0,6101800000.0,,,,37433300000.0,-7255800000.0,-778200000.0,-7994800000.0,29445500000.0,1450300000.0,302700000.0,-59400000.0,4100000.0,-366400000.0,,,100100000.0,-110800000.0,,6008700000.0,,,2500000.0,,,2333600000.0,,56100000.0,-2270800000.0,167400000.0,,-2990600000.0,733100000.0,1294200000.0
2023-12-31,9425300000.0,,,,,7995800000.0,1485400000.0,,1379100000.0,354700000.0,1024400000.0,0.9,0.9,1136600000.0,1140600000.0,,,1165100000.0,1646300000.0,,,,6569500000.0,239800000.0,7611700000.0,3302800000.0,115800000.0,531100000.0,29179700000.0,1460700000.0,2326900000.0,2199800000.0,9395600000.0,6129000000.0,,,,37788600000.0,-8097500000.0,-557800000.0,-8616000000.0,29179700000.0,384400000.0,94800000.0,26100000.0,-42300000.0,-174300000.0,,,-95800000.0,508500000.0,,2383900000.0,,253500000.0,,,,595900000.0,,9300000.0,-568800000.0,32300000.0,,-2409300000.0,-551100000.0,143000000.0
2024-03-31,17988300000.0,,,,,15527800000.0,2584300000.0,,2371500000.0,574600000.0,1796800000.0,1.58,1.58,1134500000.0,1138000000.0,,,1110300000.0,1744000000.0,,,,6465000000.0,280400000.0,7817400000.0,3229300000.0,110700000.0,587200000.0,29363200000.0,1487400000.0,2016000000.0,1872000000.0,7528900000.0,6058400000.0,,,,37805400000.0,-7970700000.0,-621500000.0,-8449400000.0,29363200000.0,783600000.0,173000000.0,4000000.0,-86400000.0,-64500000.0,,,-51600000.0,128900000.0,,2889900000.0,,498700000.0,,,,1255000000.0,,36200000.0,-1264000000.0,58400000.0,,-2423600000.0,-787300000.0,850900000.0
2024-06-30,27102300000.0,,,,,23198200000.0,4101900000.0,,3775900000.0,923200000.0,2851700000.0,2.51,2.51,1133900000.0,1137300000.0,,,1146000000.0,1854700000.0,,,,6807900000.0,274800000.0,8080300000.0,3183600000.0,105700000.0,693700000.0,30111800000.0,1586300000.0,2081500000.0,1831000000.0,7649500000.0,6011000000.0,,,,38049200000.0,-7561500000.0,-608000000.0,-7945400000.0,30111800000.0,1191000000.0,236600000.0,16600000.0,-44700000.0,53400000.0,,,61700000.0,51600000.0,,4560000000.0,,731800000.0,,,,1979300000.0,,56900000.0,-1849500000.0,79200000.0,,-3073700000.0,-372400000.0,1079900000.0
2024-09-29,36176200000.0,,,,,31068600000.0,5408800000.0,,4969600000.0,1207300000.0,3760900000.0,3.32,3.31,1133800000.0,1137300000.0,,,1213800000.0,1777300000.0,1745600000.0,,,6847400000.0,276000000.0,8665500000.0,3315700000.0,100900000.0,617000000.0,31339300000.0,1595500000.0,2194700000.0,1781200000.0,9070000000.0,5963600000.0,,,,38780900000.0,-7343800000.0,-428800000.0,-7448900000.0,31339300000.0,1592400000.0,308300000.0,-13800000.0,-18400000.0,-42800000.0,,,28000000.0,-72200000.0,,6095600000.0,,,1300000.0,,,2777500000.0,,72700000.0,-2699200000.0,108000000.0,,-3718200000.0,-265300000.0,1373300000.0
