Date,Net sales,Cost of sales,Gross margin,Research and development,"Selling, general and administrative",Total operating expenses,Operating income,"Other income/(expense), net",Income before provision for income taxes,Provision for income taxes,Net income,Earnings per share basic,Earnings per share diluted,Weighted-average basic,Weighted-average diluted,Cash and cash equivalents,Short-term marketable securities,"Accounts receivable, net",Inventories,Deferred tax assets,Vendor non-trade receivables,Other current assets,Total current assets,Long-term marketable securities,"Property, Plant and Equipment, Net",Goodwill,"Acquired intangible assets, net","Other Assets, Noncurrent",Total assets,accounts payable,Accrued expenses,Deferred revenue,Total current liabilities,Deferred revenue - non-current,deferred tax liabilities,long term taxes payable,Total other non-current liabilities,Total liabilities,Retained Earnings (Accumulated Deficit),Accumulated other comprehensive (loss)/income,Total shareholders equity,Total liabilities and shareholders' equity,"Depreciation, amortization and accretion",Stock-based compensation expense,Deferred income tax expense,"Increase (Decrease) in Accounts receivable, net",Increase (Decrease) in Inventories,Increase (Decrease) in Other Receivables,Increase (Decrease) in Other Operating Assets,Increase (Decrease) in Accounts Payable,Increase (Decrease) in Deferred Revenue,Increase (Decrease) Other liabilities,Cash generated by operating activities,Purchases of marketable securities,Proceeds from maturities of marketable securities,Proceeds from sales of marketable securities,Purchases of other long-term investments,"Business acquisitions, net of cash acquired",Cash payments for capital asset purchases,Payments for acquisition of intangible assets,Payments for (Proceeds from) Other Investing Activities,Cash used in investing activities,Proceeds from issuance of common stock,Excess tax benefits from stock-based compensation,Cash generated/used in financing activities,Increase/(decrease) in cash and cash equivalents,"Cash paid for income taxes, net"
2009-12-31,7094249000.0,3831080000.0,3263169000.0,,2534775000.0,,,1743000.0,622817000.0,186969000.0,435848000.0,3.84,3.78,113514399000.0,115422933000.0,69329000.0,,696055000.0,738488000.0,121276000.0,,144871000.0,1770019000.0,,818685000.0,1014825000.0,279413000.0,195612000.0,4323855000.0,674766000.0,430924000.0,,1393668000.0,,,,372783000.0,,4518428000.0,-317455000.0,1490950000.0,4323855000.0,,23271000.0,-8605000.0,108190000.0,145867000.0,,,-82607000.0,,,859186000.0,,,,,15440000.0,91328000.0,,29230000.0,-130399000.0,,7645000.0,-682830000.0,43117000.0,
2010-03-31,1565482000.0,873514000.0,691968000.0,,612875000.0,,,-6798000.0,59458000.0,26855000.0,32603000.0,0.3,0.3,107959598.0,110247174.0,91173000.0,,797816000.0,787316000.0,121142000.0,,152951000.0,1950398000.0,,807722000.0,1014911000.0,273377000.0,215593000.0,4509146000.0,705309000.0,391471000.0,,1557742000.0,,,,388948000.0,,4511663000.0,-306984000.0,1495146000.0,4509146000.0,,10512000.0,,,,,,,,,-115818000.0,,,,,0.0,25423000.0,,17635000.0,-42538000.0,,3123000.0,175546000.0,21844000.0,
2010-06-30,3708546000.0,2044685000.0,1663861000.0,,1304090000.0,,,9555000.0,318707000.0,104398000.0,214309000.0,1.97,1.94,107822967.0,109832652.0,48401000.0,,986327000.0,793828000.0,120948000.0,,190418000.0,2139922000.0,,827513000.0,1011949000.0,276429000.0,235514000.0,4740286000.0,881141000.0,403671000.0,,1833541000.0,,,,391044000.0,,4653954000.0,-323983000.0,1531226000.0,4740286000.0,,19489000.0,,,,,,,,,236456000.0,,,,,49061000.0,47453000.0,,59045000.0,-154450000.0,,12104000.0,-114035000.0,-20928000.0,
2010-09-30,5880805000.0,3245359000.0,2635446000.0,,2007762000.0,,,-3049000.0,574086000.0,184519000.0,389567000.0,3.59,3.53,107366658.0,109095936.0,64948000.0,,1069890000.0,858988000.0,121438000.0,,209838000.0,2325102000.0,,912880000.0,1085703000.0,339188000.0,267131000.0,5180683000.0,927616000.0,462888000.0,,2125101000.0,,,,421870000.0,,4790309000.0,-292164000.0,1643136000.0,5180683000.0,,28498000.0,,,,,,,,,477610000.0,,,,,264340000.0,76116000.0,,71426000.0,-407048000.0,,15046000.0,-76942000.0,-4381000.0,
2010-12-31,7776424000.0,4295346000.0,3481078000.0,39883000.0,2728122000.0,,,781000.0,677784000.0,215299000.0,462485000.0,4.28,4.21,107021624.0,108785517.0,58585000.0,,916661000.0,917701000.0,201597000.0,,193427000.0,2213722000.0,,952118000.0,1102458000.0,320504000.0,332100000.0,5169235000.0,909649000.0,442030000.0,,2063940000.0,,,,551633000.0,,4824489000.0,-278321000.0,1609440000.0,5169235000.0,,42276000.0,20070000.0,111113000.0,82060000.0,,,155116000.0,,,706590000.0,,,,,298161000.0,125162000.0,,74961000.0,-489949000.0,,19676000.0,-223568000.0,-10744000.0,
2011-03-31,1855586000.0,1058178000.0,797408000.0,,691123000.0,,,-48000.0,94713000.0,26397000.0,68316000.0,0.64,0.63,104991014.0,107362669.0,53947000.0,,1012150000.0,1064103000.0,128040000.0,,208160000.0,2466400000.0,,946419000.0,1112291000.0,322117000.0,345479000.0,5443653000.0,954217000.0,434555000.0,,2327162000.0,,,,561379000.0,,497381000.0,-257548000.0,1607892000.0,5443653000.0,,11093000.0,,,,,,,,,-153166000.0,,,,,298200000.0,26951000.0,,8274000.0,-29000000.0,,4931000.0,181344000.0,-4638000.0,
2011-06-30,4210337000.0,2390174000.0,1820163000.0,,1446678000.0,,460830000.0,57000.0,351729000.0,104298000.0,247431000.0,2.33,2.29,104833745.0,107104025.0,71563000.0,,1183825000.0,1067011000.0,128492000.0,,187291000.0,2638182000.0,,958306000.0,1113721000.0,319751000.0,350692000.0,5633769000.0,1019310000.0,441489000.0,,2389812000.0,,,,556112000.0,,637434000.0,-245156000.0,1746812000.0,5633769000.0,,21433000.0,,,,,,,,,108166000.0,,,,,2612000.0,68929000.0,,20463000.0,-85391000.0,,8030000.0,1417000.0,12978000.0,
2011-09-30,6695257000.0,3836795000.0,2858462000.0,,2206857000.0,,782246000.0,-6632000.0,612005000.0,184697000.0,427308000.0,4.06,3.98,103939552.0,106161544.0,46026000.0,,1173581000.0,966756000.0,127090000.0,,195940000.0,2509393000.0,,939486000.0,1106654000.0,316476000.0,353837000.0,5490139000.0,996734000.0,452817000.0,,2354729000.0,,,,547026000.0,,779509000.0,-317859000.0,1635302000.0,5490139000.0,,31775000.0,,,,,,,,,445963000.0,,,,,29847000.0,96883000.0,,66408000.0,-180940000.0,,9538000.0,-269495000.0,-12559000.0,
2011-12-31,8765699000.0,5021137000.0,3744562000.0,41719000.0,2960814000.0,,,4809000.0,741548000.0,299688000.0,441860000.0,4.22,4.14,103471323.0,105671973.0,32696000.0,,989873000.0,926809000.0,211697000.0,,163008000.0,2261593000.0,,956530000.0,1108008000.0,305873000.0,368898000.0,5229252000.0,965149000.0,471761000.0,,2162661000.0,,,,612913000.0,,756372000.0,-367878000.0,,5229252000.0,,48176000.0,16913000.0,93697000.0,19222000.0,,,64053000.0,,,735812000.0,,,,,44436000.0,153801000.0,,92374000.0,-277769000.0,,12958000.0,-475209000.0,-25889000.0,
2012-03-31,2136344000.0,1226505000.0,909839000.0,,757679000.0,,,4987000.0,142315000.0,42099000.0,100216000.0,0.97,0.95,102070349.0,104458088.0,25493000.0,,1135174000.0,1017195000.0,148786000.0,,150478000.0,2477126000.0,,950782000.0,1113075000.0,303565000.0,381600000.0,5456919000.0,999685000.0,446309000.0,,2395212000.0,,,,617059000.0,,816053000.0,-336320000.0,,5456919000.0,,10768000.0,,,,,,,,,-154839000.0,,,,,,32783000.0,,-3162000.0,-26041000.0,,20266000.0,175795000.0,-7203000.0,
2012-06-30,4709366000.0,2648930000.0,2060436000.0,,1567886000.0,,,5091000.0,470118000.0,142089000.0,328029000.0,3.2,3.13,101758496.0,104100046.0,46616000.0,,1237832000.0,1031478000.0,148685000.0,,159391000.0,2624002000.0,,938395000.0,1122274000.0,314913000.0,394200000.0,5626375000.0,1102148000.0,462040000.0,,2531803000.0,,,,620932000.0,,1003693000.0,-349288000.0,,5626375000.0,,21945000.0,,,,,,,,,202112000.0,,,,,43993000.0,69972000.0,,-14848000.0,-90138000.0,,36612000.0,-95938000.0,13920000.0,
2012-09-30,7312592000.0,4101874000.0,3210718000.0,,2367672000.0,,,8281000.0,813116000.0,250134000.0,562982000.0,5.49,5.37,101680883.0,104019320.0,55181000.0,,1263079000.0,963695000.0,149090000.0,,178350000.0,2609395000.0,,943601000.0,1122924000.0,316926000.0,397408000.0,5625265000.0,1034921000.0,465309000.0,,2292024000.0,,,,619045000.0,,1198573000.0,-357350000.0,1779410000.0,5625265000.0,,33044000.0,,,,,,,,,569265000.0,,,,,46893000.0,102989000.0,,36222000.0,-175039000.0,,62046000.0,-369626000.0,22485000.0,
2012-12-31,9534462000.0,5328236000.0,4206226000.0,44648000.0,3259648000.0,,1307000000.0,9940000.0,907309000.0,276275000.0,631034000.0,6.15,6.02,101714901.0,103930429.0,862590000.0,,1032508000.0,920324000.0,211830000.0,,207086000.0,3149238000.0,,965896000.0,1156005000.0,347553000.0,366134000.0,6234737000.0,922999000.0,513717000.0,,1876436000.0,,,,614109000.0,,1226467000.0,-370389000.0,,6234737000.0,,54348000.0,-10422000.0,33578000.0,-19929000.0,,,-51124000.0,,,887886000.0,,,,,99242000.0,157112000.0,,95778000.0,-342455000.0,,104858000.0,286578000.0,829894000.0,
2013-03-31,2167168000.0,1204317000.0,962851000.0,,778679000.0,,238455000.0,2721000.0,168384000.0,52199000.0,116185000.0,1.13,1.11,101961059.0,104256263.0,613930000.0,,1130940000.0,1013666000.0,132213000.0,,196003000.0,3086752000.0,,954917000.0,1156432000.0,339167000.0,378560000.0,6166220000.0,1023284000.0,404663000.0,,1782606000.0,,,,618240000.0,,1290907000.0,-368986000.0,1812955000.0,6166220000.0,,11906000.0,,,,,,,,,-91131000.0,,,,,,31232000.0,,17768000.0,-48009000.0,,23635000.0,-107405000.0,-248660000.0,
2013-06-30,4881057000.0,2684627000.0,2196430000.0,,1615803000.0,,705787000.0,2006000.0,549268000.0,175796000.0,373472000.0,3.65,3.57,101813398.0,104031718.0,741084000.0,,1299679000.0,984844000.0,129732000.0,,187096000.0,3342435000.0,,952191000.0,1171503000.0,311947000.0,379439000.0,6408504000.0,1117459000.0,407670000.0,,1967505000.0,,,,621299000.0,,1496639000.0,-412990000.0,1867530000.0,6408504000.0,,23977000.0,,,,,,,,,302075000.0,,,,,5000000.0,72126000.0,,52854000.0,-127394000.0,,35654000.0,-296757000.0,-121506000.0,
2013-09-30,7728474000.0,4236086000.0,3492388000.0,,2505493000.0,,1181757000.0,-3494000.0,936730000.0,300292000.0,636438000.0,6.24,6.11,101362328.0,103551542.0,1035713000.0,,1348607000.0,1017618000.0,128306000.0,,240471000.0,3770715000.0,,1010928000.0,1175621000.0,307043000.0,405052000.0,6921588000.0,1121001000.0,494423000.0,,2406273000.0,,,,693457000.0,,1708553000.0,-389069000.0,1869651000.0,6921588000.0,,35948000.0,,,,,,,,,777911000.0,,,,,92780000.0,108500000.0,,55872000.0,-253854000.0,,41219000.0,-347524000.0,173123000.0,
2013-12-31,10186000000.0,5568966000.0,4616566000.0,47042000.0,3467681000.0,,,-936000.0,1085958000.0,333397000.0,752561000.0,7.41,7.26,100897512.0,103048871.0,744889000.0,,1097751000.0,970815000.0,131649000.0,,240766000.0,3158717000.0,,1021383000.0,1178687000.0,313299000.0,407975000.0,6382507000.0,998484000.0,513433000.0,,2528557000.0,,,,688168000.0,,1774050000.0,-321044000.0,,6382507000.0,,58004000.0,27775000.0,41473000.0,-25031000.0,,,34685000.0,,,1083766000.0,,,,,79940000.0,166680000.0,,94739000.0,-338314000.0,,47527000.0,-853308000.0,-117701000.0,
2014-03-31,2366556000.0,1300655000.0,1065901000.0,,884088000.0,,253817000.0,-503000.0,166077000.0,50620000.0,115457000.0,1.16,1.14,98833210.0,100858881.0,366465000.0,,1174116000.0,1096783000.0,102473000.0,,227641000.0,2967478000.0,,1004394000.0,1174758000.0,312295000.0,427233000.0,6189225000.0,1130338000.0,423172000.0,,2452644000.0,,,,690661000.0,,1834417000.0,-329247000.0,1653039000.0,6189225000.0,,15858000.0,,,,,,,,,-83119000.0,,,,,,29364000.0,,15373000.0,-45069000.0,,39896000.0,-254306000.0,-378424000.0,
2014-06-30,5409551000.0,2933997000.0,2475554000.0,,1853271000.0,,782687000.0,5147000.0,595307000.0,188403000.0,406904000.0,4.14,4.06,97716539.0,99688557.0,267198000.0,,1402803000.0,1091182000.0,102733000.0,,244202000.0,3108118000.0,,1006296000.0,1174654000.0,306985000.0,440365000.0,6341000000.0,1244574000.0,458826000.0,,2725284000.0,,,,696242000.0,,2072118000.0,-315516000.0,1524959000.0,6341000000.0,,29563000.0,,,,,,,,,331580000.0,,,,,,66870000.0,,17488000.0,-83985000.0,,45253000.0,-725664000.0,-477691000.0,
2014-09-30,8560121000.0,4613612000.0,3946509000.0,,2837637000.0,,1366026000.0,19237000.0,1069355000.0,336211000.0,733144000.0,7.53,7.39,96744423.0,98670999.0,261346000.0,,1408967000.0,1046642000.0,101815000.0,,260965000.0,3079735000.0,,1013285000.0,1167047000.0,295251000.0,457480000.0,6317005000.0,1266167000.0,507037000.0,,2868382000.0,,,,700282000.0,,2345016000.0,-371786000.0,1351936000.0,6317005000.0,,43813000.0,,,,,,,,,881310000.0,,,,,,135903000.0,,30677000.0,-165543000.0,,56197000.0,-1186493000.0,-483543000.0,
2014-12-31,11130000000.0,5965049000.0,5164484000.0,50019000.0,3822966000.0,,,15400000.0,1258226000.0,392339000.0,865887000.0,8.95,8.78,96190101.0,98075435.0,40732000.0,,1130565000.0,1033527000.0,198047000.0,,252869000.0,2566780000.0,,1021030000.0,1158346000.0,289127000.0,420625000.0,5706052000.0,1042182000.0,508581000.0,,2680666000.0,,,,628309000.0,,2424674000.0,-471958000.0,996470000.0,5706052000.0,,64735000.0,-19038000.0,80252000.0,101112000.0,,,78603000.0,,,1081528000.0,,,,,,200545000.0,,111021000.0,-310050000.0,,68657000.0,-1467075000.0,-704157000.0,
2015-03-31,2450284000.0,1317835000.0,1132449000.0,,929197000.0,,280382000.0,245000.0,193241000.0,61837000.0,131404000.0,1.41,1.38,92740059.0,94745129.0,64013000.0,,1234612000.0,1161250000.0,107869000.0,,198046000.0,2765790000.0,,998432000.0,1149121000.0,277919000.0,417525000.0,5859250000.0,1174840000.0,468384000.0,,3379045000.0,,,,609521000.0,,2493469000.0,-528305000.0,469172000.0,5859250000.0,,18079000.0,,,,,,,,,-55068000.0,,,,,,42903000.0,,56000.0,-36282000.0,,52632000.0,111135000.0,23281000.0,
2015-06-30,5582423000.0,2919988000.0,2662435000.0,,1928421000.0,,889309000.0,-677000.0,701023000.0,219682000.0,481341000.0,5.18,5.08,92500213.0,94427191.0,75068000.0,,1454045000.0,1131976000.0,107902000.0,,236137000.0,3005128000.0,,1005319000.0,1151720000.0,273882000.0,446931000.0,6134664000.0,1253894000.0,479696000.0,,3357239000.0,,,,617677000.0,,2780764000.0,-516662000.0,757342000.0,6134664000.0,,32578000.0,,,,,,,,,349020000.0,,,,,,87542000.0,,1486000.0,-81007000.0,,72529000.0,-224196000.0,34336000.0,
2015-09-30,8734708000.0,4497721000.0,4236987000.0,,2922046000.0,,1542271000.0,-4493000.0,1251745000.0,395913000.0,855832000.0,9.22,9.04,92398962.0,94263333.0,91029000.0,,1413946000.0,1052830000.0,107063000.0,,259368000.0,2924236000.0,,1015167000.0,1146726000.0,265113000.0,498593000.0,6102023000.0,1216342000.0,519818000.0,,2294196000.0,,,,630982000.0,,3093265000.0,-569417000.0,976165000.0,6102023000.0,,47838000.0,,,,,,,,,902504000.0,,,,,,157990000.0,,14946000.0,-161777000.0,,86801000.0,-671390000.0,50297000.0,
2015-12-31,11339000000.0,5780078000.0,5559226000.0,57667000.0,3913518000.0,,1963000000.0,-6082000.0,1549000000.0,495117000.0,1053849000.0,11.38,11.16,92197207.0,94024092.0,205744000.0,,1114275000.0,1018530000.0,322127000.0,,232442000.0,2658874000.0,,1041862000.0,1143333000.0,255371000.0,447533000.0,5792000000.0,1157561000.0,522280000.0,,2141859000.0,,,,613367000.0,,3228876000.0,-587095000.0,867910000.0,5791855000.0,,72342000.0,4976000.0,56873000.0,40733000.0,,,160111000.0,,,1447463000.0,,,,,,234340000.0,,65593000.0,-288633000.0,,89691000.0,-980353000.0,165012000.0,
2016-03-31,2574024000.0,1312279000.0,1261745000.0,,1002355000.0,,365152000.0,-226000.0,216365000.0,69237000.0,147128000.0,1.61,1.57,91475860.0,93548234.0,70548000.0,,1290749000.0,1147361000.0,97562000.0,,282405000.0,2888625000.0,,1057025000.0,1147047000.0,250574000.0,449003000.0,6038309000.0,1152923000.0,578521000.0,,2262561000.0,,,,615983000.0,,3298270000.0,-568085000.0,1000823000.0,6038309000.0,,15765000.0,,,,,,,,,-79807000.0,,,,,,51999000.0,,10526000.0,-61537000.0,,24762000.0,-5932000.0,-135196000.0,
2016-06-30,5793549000.0,2896011000.0,2897538000.0,,2056327000.0,,1038033000.0,-174000.0,755579000.0,212639000.0,542940000.0,5.93,5.76,91788734.0,94669751.0,402656000.0,,1473078000.0,1152232000.0,155407000.0,,300569000.0,3483942000.0,,1072257000.0,1144700000.0,247070000.0,471618000.0,6665677000.0,1289406000.0,733020000.0,,2625213000.0,,,,632806000.0,,3616095000.0,-662089000.0,1246629000.0,6665677000.0,,31948000.0,,,,,,,,,509983000.0,,,,,,114081000.0,,36950000.0,-148992000.0,,0.0,-170857000.0,196912000.0,
2016-09-30,9073011000.0,4539184000.0,4533827000.0,,3114455000.0,,1712532000.0,725000.0,1291199000.0,361526000.0,929673000.0,10.13,9.85,91992854.0,94771807.0,702569000.0,,1458073000.0,1112512000.0,148550000.0,,286527000.0,3708231000.0,,1083922000.0,1144738000.0,255159000.0,479670000.0,6917771000.0,1224358000.0,714391000.0,,2515807000.0,,,,641011000.0,,3924686000.0,-658221000.0,1597783000.0,6917771000.0,,48115000.0,,,,,,,,,966534000.0,,,,,,173101000.0,,69143000.0,-236699000.0,,0.0,-235706000.0,496825000.0,
2016-12-31,11856000000.0,5933337000.0,5922265000.0,58041000.0,4159435000.0,,2164000000.0,4587000.0,1595233000.0,462530000.0,1132703000.0,12.33,11.99,91838603.0,94488086.0,889793000.0,,1230987000.0,1068326000.0,389758000.0,,381030000.0,3627298000.0,,1095888000.0,1126892000.0,255010000.0,421904000.0,6753000000.0,1034608000.0,578547000.0,,2829179000.0,,,,583178000.0,,4049497000.0,-540351000.0,1878441000.0,6752521000.0,,72109000.0,-68241000.0,113855000.0,52577000.0,,,-118893000.0,,,1308572000.0,,,,,,239026000.0,,103182000.0,-303774000.0,,,-307353000.0,684049000.0,
2017-03-31,2761387000.0,1418247000.0,1343140000.0,,1016211000.0,,418250000.0,4367000.0,306605000.0,67453000.0,239152000.0,2.58,2.53,92550559.0,94541859.0,1017808000.0,,1356851000.0,1247688000.0,,,254317000.0,3876664000.0,,1063095000.0,1129783000.0,252934000.0,442215000.0,6988903000.0,1221778000.0,519766000.0,,2939002000.0,,,,521008000.0,,4209198000.0,-549413000.0,2065350000.0,6988903000.0,,17321000.0,,,,,,,,,231816000.0,,,,,,41479000.0,,23194000.0,-29911000.0,,,-60142000.0,128015000.0,
2017-06-30,6497204000.0,3416874000.0,3080330000.0,,2155667000.0,,1089346000.0,6137000.0,815608000.0,215805000.0,558263000.0,6.02,5.9,92841148.0,94968636.0,210049000.0,,2377874000.0,1854937000.0,,,411141000.0,4854001000.0,,1889917000.0,7178113000.0,6002534000.0,568138000.0,20717398000.0,1783648000.0,898503000.0,,4151913000.0,,,,702159000.0,,4448788000.0,-519236000.0,2391260000.0,20717398000.0,,35866000.0,,,,,,,,,586133000.0,,,,,8806282000.0,83635000.0,,11444000.0,-8864230000.0,,,7603763000.0,-679744000.0,
2017-09-30,11004224000.0,6021752000.0,4982472000.0,,3461788000.0,,1744965000.0,14803000.0,1243330000.0,326921000.0,874869000.0,9.43,9.23,92988118.0,95207884.0,207937000.0,,2426222000.0,1704213000.0,,,345532000.0,4683904000.0,,1895549000.0,6915028000.0,6471527000.0,589319000.0,20779657000.0,1832434000.0,891844000.0,,4371661000.0,,,,709571000.0,,4685313000.0,-452301000.0,2740989000.0,20779657000.0,,59146000.0,,,,,,,,,1258832000.0,,,,,8810314000.0,143406000.0,,-3499000.0,-8910693000.0,,,6990054000.0,-681856000.0,
2017-12-31,14984000000.0,8202577000.0,6781211000.0,58474000.0,4785415000.0,,2294000000.0,16974000.0,1528219000.0,-285583000.0,1772262000.0,19.08,18.67,92908638.0,94927213.0,204213000.0,,2104555000.0,1801375000.0,265251000.0,,355697000.0,4465840000.0,,1877115000.0,6814345000.0,6002361000.0,502023000.0,19958427000.0,1791552000.0,972651000.0,,3987180000.0,,,,684443000.0,,5502730000.0,-384870000.0,3692188000.0,19958427000.0,,90292000.0,-606135000.0,49850000.0,89959000.0,,,166687000.0,,,1883968000.0,,,,,8810315000.0,223000000.0,,61526000.0,-9047362000.0,,0.0,6514090000.0,-685580000.0,
2018-03-31,3965006000.0,2278159000.0,1686847000.0,,1214565000.0,,502386000.0,9272000.0,303586000.0,53459000.0,250127000.0,2.68,2.62,93339564.0,95546152.0,158613000.0,,2326411000.0,2001630000.0,,,400249000.0,4886903000.0,,1840005000.0,6819976000.0,5956301000.0,566046000.0,20367686000.0,1975323000.0,900301000.0,153037000.0,4327152000.0,,,,689075000.0,,5674637000.0,-335655000.0,3690046000.0,20367686000.0,,14611000.0,,,,,,,,,40749000.0,,,,,,42253000.0,,5650000.0,-40551000.0,,,-27449000.0,-45600000.0,
2018-09-30,13470272000.0,7734393000.0,5735879000.0,,3795492000.0,,2073927000.0,8688000.0,1257625000.0,249867000.0,1007758000.0,10.82,10.59,93121900.0,95170768.0,181511000.0,,2584280000.0,1861328000.0,,,410913000.0,5038032000.0,,1766354000.0,6963198000.0,5289986000.0,617147000.0,19980696000.0,2165724000.0,980433000.0,245803000.0,4842065000.0,,,,803942000.0,,6270757000.0,-610596000.0,3974839000.0,19980696000.0,,53132000.0,1484000.0,,,,,,,,1431215000.0,,,,,0.0,166184000.0,,-12552000.0,-115278000.0,,,-1325486000.0,-22702000.0,
2019-03-31,4040861000.0,2305784000.0,1735077000.0,,1244017000.0,,517718000.0,-23309000.0,298854000.0,53617000.0,245237000.0,2.67,2.62,91952828.0,93668728.0,94393000.0,,2339551000.0,1993437000.0,,,387763000.0,4815144000.0,,1762998000.0,6956394000.0,5127133000.0,600531000.0,20961641000.0,1894005000.0,955293000.0,203848000.0,5000556000.0,,,,1039417000.0,,6386948000.0,-632193000.0,3460061000.0,20961641000.0,,23068000.0,-2605000.0,,,,,,,,-35950000.0,,,,,,51360000.0,,23595000.0,-72205000.0,,,51371000.0,-61112000.0,
2019-06-30,8918721000.0,5002209000.0,3916512000.0,,2575305000.0,,1421083000.0,-23895000.0,974555000.0,258315000.0,716240000.0,7.8,7.65,91864062.0,93566627.0,145577000.0,,2659051000.0,1894865000.0,,,390471000.0,5089964000.0,,1773586000.0,6961787000.0,5043692000.0,614778000.0,21186136000.0,2067854000.0,957274000.0,236724000.0,6342640000.0,,,,1149723000.0,,6752956000.0,-630779000.0,3747482000.0,21186136000.0,,47660000.0,-30215000.0,,,,,,,,758001000.0,,,,,,127879000.0,,52115000.0,-177244000.0,,,-584598000.0,-9928000.0,
2019-09-30,13786371000.0,7644305000.0,6142066000.0,,3920476000.0,,2337077000.0,-54887000.0,1684388000.0,391710000.0,1292678000.0,14.07,13.82,91850565.0,93604260.0,189645000.0,,2479043000.0,1824969000.0,,,414082000.0,4907739000.0,,1798301000.0,6958681000.0,4889275000.0,617865000.0,20864339000.0,2028402000.0,961843000.0,224916000.0,4865790000.0,,,,1222591000.0,,7224292000.0,-767207000.0,4022860000.0,20864339000.0,,70895000.0,-43399000.0,,,,,,,,1661407000.0,,,,,72636000.0,224825000.0,,-2024000.0,-288521000.0,,,-1341673000.0,34140000.0,
2019-12-31,17900800000.0,9864700000.0,8036100000.0,,5274900000.0,,2808800000.0,-16700000.0,1981800000.0,440500000.0,1541300000.0,16.79,16.49,91803528.0,93446842.0,161800000.0,,2088900000.0,1889600000.0,847400000.0,,491400000.0,4631700000.0,,1835200000.0,7004800000.0,4734500000.0,561400000.0,20496200000.0,1876300000.0,989100000.0,242800000.0,4521900000.0,,,,1196700000.0,,7366900000.0,-679500000.0,4123300000.0,20496200000.0,,101700000.0,-131100000.0,73200000.0,75500000.0,,,36200000.0,,,2321300000.0,,,,,77300000.0,328900000.0,,63300000.0,-462600000.0,,,-1846400000.0,6300000.0,
2020-03-31,4146700000.0,2257000000.0,1889700000.0,,1307600000.0,,585500000.0,,392300000.0,70600000.0,321700000.0,3.53,3.46,91075973.0,92859944.0,238500000.0,,2291500000.0,1954800000.0,,,443200000.0,4928000000.0,,1829500000.0,6958700000.0,4585400000.0,585300000.0,20570300000.0,1958400000.0,853200000.0,175600000.0,5220200000.0,,,,1185800000.0,,7562700000.0,-901100000.0,3289100000.0,20570300000.0,,20100000.0,9500000.0,,,,,,,,54900000.0,,,,,,106600000.0,,-6400000.0,-97900000.0,,,115700000.0,76700000.0,
2020-06-30,8750700000.0,4652100000.0,4098600000.0,,2598900000.0,,1520000000.0,,1139700000.0,222100000.0,917600000.0,10.11,9.93,90772818.0,92437775.0,188100000.0,,2472500000.0,1788600000.0,,,434000000.0,4883200000.0,,1798600000.0,6976800000.0,4533700000.0,605600000.0,20494500000.0,1848400000.0,946600000.0,200600000.0,4459600000.0,,,,1269200000.0,,8036000000.0,-867200000.0,3869900000.0,20494500000.0,,46400000.0,5900000.0,,,,,,,,1074600000.0,,,,,,142300000.0,,29300000.0,-146800000.0,,,-886100000.0,26300000.0,
2021-03-31,4656000000.0,2544000000.0,2112000000.0,,1325900000.0,,767500000.0,,509000000.0,99400000.0,409600000.0,1.54,1.51,265800000.0,270600000.0,314700000.0,,2414100000.0,1847300000.0,,,533500000.0,5109600000.0,,1780400000.0,7011300000.0,4210000000.0,594900000.0,20435000000.0,2217000000.0,968400000.0,182600000.0,5651600000.0,,,,1367300000.0,,1102100000.0,-763800000.0,3078700000.0,20435000000.0,,13500000.0,-26000000.0,,,,,,,,195700000.0,,,,,24900000.0,64300000.0,,34300000.0,-6400000.0,,,-94800000.0,88100000.0,
2021-06-30,10035800000.0,5512400000.0,4523400000.0,,2763700000.0,,1762400000.0,,1328200000.0,270000000.0,1058200000.0,4.0,3.93,264300000.0,269000000.0,219600000.0,,2590600000.0,1804100000.0,,,571400000.0,5185700000.0,,1806300000.0,7017500000.0,4165800000.0,580100000.0,20519600000.0,2502800000.0,1023500000.0,228100000.0,6190400000.0,,,,1379000000.0,,1604800000.0,-701200000.0,2840400000.0,20519600000.0,,39000000.0,-19200000.0,,,,,,,,1201300000.0,,,,,25300000.0,151400000.0,,25100000.0,-72500000.0,,,-1125300000.0,-7000000.0,
2021-09-30,15182500000.0,8519500000.0,6663000000.0,,4132600000.0,,2580100000.0,,1939700000.0,379300000.0,1560400000.0,5.92,5.82,263400000.0,268100000.0,313300000.0,,2598000000.0,1816000000.0,,,651100000.0,5378400000.0,,1827200000.0,6996300000.0,4068800000.0,691500000.0,20736600000.0,2675400000.0,1159400000.0,268900000.0,6478500000.0,,,,1455700000.0,,1961800000.0,-786700000.0,2690300000.0,20736600000.0,,64900000.0,-24300000.0,,,,,,,,2050700000.0,,,,,25300000.0,248100000.0,,90600000.0,-226700000.0,,,-1737700000.0,86700000.0,
2021-12-31,19944600000.0,11401900000.0,8542700000.0,,5572500000.0,,3083700000.0,,2248600000.0,384200000.0,1864400000.0,7.1,6.98,262500000.0,267100000.0,165700000.0,,2352400000.0,1927200000.0,898600000.0,,608400000.0,5053700000.0,,1867300000.0,7134600000.0,4001500000.0,789000000.0,20667000000.0,2403000000.0,1005800000.0,259800000.0,5719500000.0,,,,1420800000.0,,2121700000.0,-698400000.0,2437200000.0,20666700000.0,,97700000.0,-80300000.0,287800000.0,228100000.0,,,346100000.0,,,2244600000.0,,,,,210900000.0,372000000.0,,30800000.0,-476400000.0,,,-1834000000.0,-60900000.0,
2022-03-31,4998700000.0,2945800000.0,2052900000.0,,1407500000.0,,654800000.0,,461100000.0,90300000.0,370800000.0,1.43,1.41,258800000.0,263100000.0,401100000.0,,2783600000.0,2328600000.0,,,573100000.0,6086400000.0,,1907300000.0,7058800000.0,4004000000.0,836000000.0,21730400000.0,2860800000.0,925400000.0,211100000.0,6953100000.0,,,,1450900000.0,,2341500000.0,-742000000.0,2234300000.0,21730400000.0,,26800000.0,-11600000.0,,,,,,,,26300000.0,,,,,400000.0,106300000.0,,99700000.0,-195600000.0,,,415700000.0,235400000.0,
2022-06-30,10871000000.0,6369100000.0,4501900000.0,,2926600000.0,,1615500000.0,,1201000000.0,252300000.0,948700000.0,3.67,3.61,258500000.0,262500000.0,312600000.0,,2982500000.0,2411600000.0,,,552800000.0,6259500000.0,,1961900000.0,7106100000.0,3955100000.0,927800000.0,22052800000.0,2992900000.0,1001400000.0,252700000.0,7198200000.0,,,,1541800000.0,,2763300000.0,-914600000.0,2224600000.0,22052800000.0,,53700000.0,-24200000.0,,,,,,,,639700000.0,,,,,211800000.0,235800000.0,,41200000.0,-473900000.0,,,-8000000.0,146900000.0,
2022-09-30,16918400000.0,9827100000.0,7091300000.0,,4455200000.0,,2710800000.0,,2078200000.0,444400000.0,1633800000.0,6.33,6.23,258200000.0,262200000.0,130500000.0,,2897600000.0,2547800000.0,,,541300000.0,6117200000.0,,2041200000.0,7318200000.0,3958300000.0,957900000.0,22245800000.0,2808400000.0,1067800000.0,300600000.0,6096000000.0,,,,1522400000.0,,3292600000.0,-1062500000.0,2597800000.0,22245800000.0,,80000000.0,-108800000.0,,,,,,,,1278900000.0,,,,,626800000.0,410700000.0,,46200000.0,-1050500000.0,,,-263600000.0,-35200000.0,
2022-12-31,22148900000.0,12823800000.0,9325100000.0,,6014500000.0,,3397200000.0,,2573100000.0,553000000.0,2020100000.0,7.83,7.72,258000000.0,261800000.0,198800000.0,,2563600000.0,2626500000.0,958300000.0,,518800000.0,5907700000.0,,2207000000.0,7583200000.0,4002000000.0,1027300000.0,22594000000.0,2436500000.0,1138300000.0,292900000.0,5960700000.0,,,,1606400000.0,,3523200000.0,-700600000.0,3102100000.0,22594000000.0,,99700000.0,-144800000.0,200200000.0,666700000.0,,,46600000.0,,,1919900000.0,,,,,1003100000.0,644500000.0,,-6800000.0,-1607600000.0,,,-282400000.0,33100000.0,
2023-03-31,5442400000.0,3021500000.0,2420900000.0,,1693000000.0,,839400000.0,,614800000.0,137400000.0,477400000.0,1.86,1.84,256700000.0,259700000.0,151400000.0,,2909200000.0,2707800000.0,,,524400000.0,6292800000.0,,2362000000.0,7445400000.0,4103500000.0,1072000000.0,23129900000.0,2513600000.0,1037200000.0,229200000.0,6306000000.0,,,,1689900000.0,,3844100000.0,-665800000.0,3166800000.0,23129900000.0,,22500000.0,-2700000.0,,,,,,,,88200000.0,,,,,300000.0,209900000.0,,23200000.0,-233400000.0,,,98100000.0,-47400000.0,
2023-06-30,11683000000.0,6389800000.0,5293200000.0,,3453000000.0,,2071700000.0,,1626900000.0,355800000.0,1271100000.0,4.96,4.9,256300000.0,259300000.0,209400000.0,,3117800000.0,2439000000.0,,,584400000.0,6350600000.0,,2442500000.0,7446500000.0,3934400000.0,1122900000.0,23166100000.0,2489700000.0,1099100000.0,267200000.0,6339100000.0,,,,1746800000.0,,4481500000.0,-651300000.0,3631100000.0,23166100000.0,,46000000.0,-27100000.0,,,,,,,,1294600000.0,,,,,23200000.0,416000000.0,,58900000.0,-417900000.0,,,-869600000.0,10600000.0,
2023-09-30,17799700000.0,9590300000.0,8209400000.0,,5209500000.0,,3370500000.0,,2635900000.0,603300000.0,2032600000.0,7.94,7.85,255900000.0,258800000.0,503400000.0,,2940900000.0,2244300000.0,,,510200000.0,6198800000.0,,2580600000.0,7412300000.0,3824000000.0,1114100000.0,23004500000.0,2424800000.0,1172400000.0,325300000.0,6623200000.0,,,,1811500000.0,,5087400000.0,-756400000.0,3780000000.0,23004500000.0,,72800000.0,-89100000.0,,,,,,,,2603300000.0,,,,,23200000.0,568900000.0,,69600000.0,-509000000.0,,,-1785100000.0,304600000.0,
2023-12-31,23051900000.0,12293800000.0,10758100000.0,,7065400000.0,,4161700000.0,,3109900000.0,721100000.0,2388800000.0,9.35,9.25,255400000.0,258300000.0,276800000.0,,2467900000.0,2329800000.0,1004400000.0,,438400000.0,5512900000.0,,2836800000.0,7626000000.0,3880500000.0,1210800000.0,22954400000.0,2315000000.0,1329500000.0,365700000.0,6626900000.0,,,,1908000000.0,,5288300000.0,-624300000.0,3715800000.0,22954400000.0,,115900000.0,-88900000.0,-85600000.0,-323400000.0,,,-241100000.0,,,3521900000.0,,,,,264700000.0,888400000.0,,60000000.0,-1039300000.0,,,-2424600000.0,78000000.0,
2024-03-31,5367300000.0,2836300000.0,2531000000.0,,1799800000.0,,884300000.0,,640000000.0,134800000.0,505200000.0,2.0,1.97,252500000.0,255800000.0,179900000.0,,2809100000.0,2378000000.0,,,475400000.0,5842400000.0,,3008800000.0,7621400000.0,3777500000.0,1299100000.0,23428100000.0,2453900000.0,1170000000.0,254000000.0,7483500000.0,,,,2016800000.0,,5611000000.0,-705000000.0,3503700000.0,23428100000.0,,24600000.0,-16400000.0,,,,,,,,-58900000.0,,,,,0.0,283800000.0,,37500000.0,-321300000.0,,,289600000.0,-96900000.0,
2024-06-30,11638800000.0,6044400000.0,5594400000.0,,3645500000.0,,2297300000.0,,1813400000.0,418300000.0,1395100000.0,5.54,5.47,251800000.0,255100000.0,200000000.0,,3048100000.0,2289100000.0,,,513400000.0,6050600000.0,,3136600000.0,7606900000.0,3692800000.0,1356300000.0,23734000000.0,2493900000.0,1251200000.0,306300000.0,7466600000.0,,,,2106700000.0,,6322300000.0,-776900000.0,3751800000.0,23734000000.0,,54700000.0,-38600000.0,,,,,,,,1144000000.0,,,,,0.0,534700000.0,,56700000.0,-582100000.0,,,-627800000.0,-76800000.0,
2024-09-30,17801300000.0,9179400000.0,8621900000.0,,5539200000.0,,3618400000.0,,2836200000.0,634900000.0,2201300000.0,8.76,8.65,251400000.0,254600000.0,238200000.0,,2973400000.0,2267400000.0,,,495300000.0,5974300000.0,,3344700000.0,7657000000.0,3656900000.0,1445400000.0,23968300000.0,2537700000.0,1312700000.0,363200000.0,7218100000.0,,,,2157400000.0,,6946000000.0,-676200000.0,4156100000.0,23968300000.0,,82600000.0,-49200000.0,,,,,,,,2218700000.0,,,,,0.0,770000000.0,,150100000.0,-910800000.0,,,-1346300000.0,-38600000.0,
