Date,Net sales,Cost of sales,Gross margin,Research and development,"Selling, general and administrative",Total operating expenses,Operating income,"Other income/(expense), net",Income before provision for income taxes,Provision for income taxes,Net income,Earnings per share basic,Earnings per share diluted,Weighted-average basic,Weighted-average diluted,Cash and cash equivalents,Short-term marketable securities,"Accounts receivable, net",Inventories,Deferred tax assets,Vendor non-trade receivables,Other current assets,Total current assets,Long-term marketable securities,"Property, Plant and Equipment, Net",Goodwill,"Acquired intangible assets, net","Other Assets, Noncurrent",Total assets,accounts payable,Accrued expenses,Deferred revenue,Total current liabilities,Deferred revenue - non-current,deferred tax liabilities,long term taxes payable,Total other non-current liabilities,Total liabilities,Retained Earnings (Accumulated Deficit),Accumulated other comprehensive (loss)/income,Total shareholders equity,Total liabilities and shareholders' equity,"Depreciation, amortization and accretion",Stock-based compensation expense,Deferred income tax expense,"Increase (Decrease) in Accounts receivable, net",Increase (Decrease) in Inventories,Increase (Decrease) in Other Receivables,Increase (Decrease) in Other Operating Assets,Increase (Decrease) in Accounts Payable,Increase (Decrease) in Deferred Revenue,Increase (Decrease) Other liabilities,Cash generated by operating activities,Purchases of marketable securities,Proceeds from maturities of marketable securities,Proceeds from sales of marketable securities,Purchases of other long-term investments,"Business acquisitions, net of cash acquired",Cash payments for capital asset purchases,Payments for acquisition of intangible assets,Payments for (Proceeds from) Other Investing Activities,Cash used in investing activities,Proceeds from issuance of common stock,Excess tax benefits from stock-based compensation,Cash generated/used in financing activities,Increase/(decrease) in cash and cash equivalents,"Cash paid for income taxes, net"
2010-07-31,,,408435000.0,,203261000.0,,165167000.0,,149754000.0,46873000.0,102881000.0,0.86,0.86,119300926.0,119440490.0,522773000.0,57075000.0,305418000.0,765927000.0,,,49435000.0,1700628000.0,,847192000.0,2806888000.0,3007187000.0,57209000.0,8419104000.0,183600000.0,181398000.0,,454236000.0,,1104285000.0,,165475000.0,,800571000.0,-19781000.0,5395108000.0,8419104000.0,,5392000.0,,66958000.0,111907000.0,,,,,,-27238000.0,57037000.0,0.0,,,,26946000.0,,-40000.0,-83653000.0,,,350911000.0,239203000.0,
2010-10-31,,,903105000.0,,426082000.0,,405203000.0,,371481000.0,118874000.0,252607000.0,2.12,2.11,119512001.0,119642398.0,487463000.0,48086000.0,415826000.0,822614000.0,,,48169000.0,1854186000.0,,841095000.0,2807418000.0,2989374000.0,61277000.0,8553350000.0,194194000.0,168835000.0,,476919000.0,,1103991000.0,,168431000.0,,902528000.0,-17787000.0,5504009000.0,8553350000.0,,12442000.0,,177018000.0,167945000.0,,,,,,19546000.0,57037000.0,9000000.0,,,,62073000.0,,-11000.0,-109760000.0,,,294096000.0,203893000.0,
2011-01-31,,,1377519000.0,,640407000.0,,618165000.0,,567260000.0,182658000.0,384602000.0,3.23,3.23,119047986.0,119172388.0,549583000.0,38599000.0,289548000.0,735275000.0,,,52273000.0,1689060000.0,,841067000.0,2808684000.0,2955305000.0,64632000.0,8358748000.0,174882000.0,165621000.0,,422757000.0,,1104498000.0,,168192000.0,,887844000.0,-10906000.0,5363301000.0,8358748000.0,,18176000.0,,50183000.0,78598000.0,,,,,,394380000.0,75637000.0,37100000.0,,,,111133000.0,,99000.0,-144767000.0,,,14568000.0,266013000.0,
2011-04-30,,,1798517000.0,20981000.0,863114000.0,,784272000.0,,717164000.0,237682000.0,479482000.0,4.06,4.05,118165751.0,118276086.0,319845000.0,18600000.0,344410000.0,863579000.0,-1029925000.0,,109165000.0,1636999000.0,41560000.0,867882000.0,2812746000.0,2940010000.0,66948000.0,8324585000.0,234916000.0,64917000.0,,482676000.0,,1042823000.0,,44173000.0,,866933000.0,3629000.0,5292363000.0,8324585000.0,,24334000.0,-59801000.0,102625000.0,204159000.0,,45649000.0,,,,391562000.0,75637000.0,57100000.0,,,0.0,180080000.0,,126000.0,-192913000.0,,6990000.0,-170419000.0,36275000.0,365994000.0
2011-07-31,,,431084000.0,,216552000.0,,180703000.0,,166826000.0,55303000.0,111523000.0,0.98,0.98,114277547.0,114335184.0,102475000.0,,350293000.0,1213821000.0,,,73183000.0,1739772000.0,,925687000.0,2903713000.0,3132761000.0,80090000.0,8782023000.0,288082000.0,160715000.0,,875234000.0,,1038319000.0,,201727000.0,,922944000.0,-7538000.0,5348254000.0,8782023000.0,,6075000.0,,-7512000.0,330854000.0,,,,,,-58238000.0,0.0,8600000.0,10000000.0,,362846000.0,67632000.0,,18000.0,-411766000.0,,,253932000.0,-217370000.0,
2011-10-31,,,929753000.0,,453154000.0,,392317000.0,,360027000.0,121257000.0,238770000.0,2.09,2.09,114085291.0,114139945.0,496288000.0,,462169000.0,1143951000.0,,,91299000.0,2193707000.0,,948225000.0,2897981000.0,3099067000.0,76440000.0,9215420000.0,260653000.0,187245000.0,,544921000.0,,1031280000.0,,204018000.0,,977704000.0,-29851000.0,5363349000.0,9215420000.0,,12619000.0,,106362000.0,272613000.0,,,,,,59934000.0,0.0,,,,362846000.0,135707000.0,,2250000.0,-472032000.0,,,594560000.0,176443000.0,
2012-01-31,,,1395438000.0,,678170000.0,,592683000.0,,537262000.0,181648000.0,355614000.0,3.12,3.12,113869911.0,113922722.0,370428000.0,,364724000.0,990815000.0,,,80026000.0,1805993000.0,,1064299000.0,3033531000.0,3233960000.0,98091000.0,9235874000.0,232415000.0,207829000.0,,494335000.0,,1029921000.0,,256276000.0,,1018576000.0,-32726000.0,5384140000.0,9235874000.0,,16610000.0,,8434000.0,78362000.0,,,,,,469239000.0,0.0,,,,742355000.0,196891000.0,,1021000.0,-909615000.0,,,497453000.0,50583000.0,
2012-04-30,,,1845223000.0,21931000.0,892683000.0,,778283000.0,,701158000.0,241414000.0,459744000.0,4.06,4.06,113263951.0,113313567.0,229708000.0,,347518000.0,961576000.0,978533000.0,,104663000.0,1643465000.0,43217000.0,1096089000.0,3054618000.0,3187007000.0,134047000.0,9115226000.0,274725000.0,93938000.0,,616972000.0,,992692000.0,,105253000.0,,961207000.0,-83991000.0,5163386000.0,9115226000.0,,21711000.0,-17218000.0,-9286000.0,48189000.0,,-2978000.0,,,,730929000.0,0.0,,,,737255000.0,274244000.0,,20398000.0,-1035864000.0,,4832000.0,219626000.0,-90137000.0,257762000.0
2012-07-31,,,469773000.0,,232216000.0,,190525000.0,,167265000.0,56402000.0,110863000.0,1.0,1.0,110368271.0,110397807.0,311474000.0,,390924000.0,1019339000.0,,,78591000.0,1800328000.0,,1101036000.0,3053246000.0,3162025000.0,6360746000.0,9262110000.0,283201000.0,262228000.0,,710469000.0,,995391000.0,,312922000.0,,1013831000.0,-84386000.0,5223453000.0,9262110000.0,,4309000.0,,43990000.0,58690000.0,,,,,,176719000.0,,,,,0.0,46282000.0,,-17713000.0,-28313000.0,,,-64608000.0,81766000.0,
2012-10-31,,,1011684000.0,,489403000.0,,438067000.0,,391483000.0,131773000.0,259710000.0,2.37,2.36,109796564.0,109824632.0,203555000.0,,469367000.0,975427000.0,,,87713000.0,1736062000.0,,1113446000.0,3053549000.0,3138056000.0,6339245000.0,9188753000.0,290054000.0,234779000.0,,706066000.0,,996874000.0,,313870000.0,,1013241000.0,-80213000.0,5152747000.0,9188753000.0,,10505000.0,,122291000.0,14594000.0,,,,,,359618000.0,,,,,0.0,98458000.0,,-5852000.0,-92028000.0,,,-292282000.0,-26153000.0,
2013-01-31,,,1547913000.0,,740419000.0,,696374000.0,,625477000.0,211599000.0,413878000.0,3.78,3.78,109355131.0,109380394.0,438814000.0,,360205000.0,878156000.0,,,68770000.0,1745945000.0,,1121615000.0,3053746000.0,3114024000.0,6316894000.0,9184454000.0,251584000.0,202050000.0,,593463000.0,,999324000.0,,312923000.0,,1111042000.0,-74859000.0,5260236000.0,9184454000.0,,15821000.0,,12988000.0,-82906000.0,,,,,,683639000.0,,,,,0.0,146539000.0,,-17197000.0,-126227000.0,,,-347201000.0,209106000.0,
2013-04-30,,,2027600000.0,24700000.0,973900000.0,,910400000.0,,817300000.0,273100000.0,544200000.0,5.0,5.0,108827897.0,108851153.0,256400000.0,,313700000.0,945500000.0,-962500000.0,,79600000.0,1595200000.0,48800000.0,1142500000.0,3052900000.0,3089400000.0,6294100000.0,9031800000.0,285800000.0,78700000.0,,596800000.0,,987200000.0,,101100000.0,3883000000.0,1075500000.0,-76600000.0,5148800000.0,9031800000.0,,21300000.0,-15600000.0,-33200000.0,-15200000.0,,-4600000.0,11200000.0,,,855800000.0,0.0,,,,0.0,206500000.0,,-17600000.0,-185600000.0,,2900000.0,-641000000.0,26700000.0,279200000.0
2013-07-31,,,492900000.0,,250200000.0,,213300000.0,,189500000.0,62900000.0,126600000.0,1.19,1.19,,,157500000.0,,357300000.0,1059300000.0,,,55800000.0,1629900000.0,,1139200000.0,3051300000.0,3064000000.0,6264800000.0,9033900000.0,264800000.0,220200000.0,,803100000.0,,979800000.0,,308800000.0,3958800000.0,1040800000.0,-79300000.0,5075100000.0,9033900000.0,,5600000.0,,44300000.0,115100000.0,,,,,,82100000.0,,,,,,36300000.0,,7100000.0,-42300000.0,,,-135600000.0,-98900000.0,
2013-10-31,,,1045500000.0,,520500000.0,,464100000.0,,419500000.0,139500000.0,280000000.0,2.65,2.65,,,150500000.0,,464200000.0,1023700000.0,,,123900000.0,1762300000.0,,1163200000.0,3100700000.0,3076200000.0,6320500000.0,9246000000.0,261600000.0,206000000.0,,896000000.0,,999800000.0,,298700000.0,4078100000.0,1133200000.0,-83000000.0,5167900000.0,9246000000.0,,12300000.0,,147300000.0,74500000.0,,,,,,168000000.0,,,,,102000000.0,83400000.0,,8900000.0,-192900000.0,,,-75900000.0,-105900000.0,
2014-01-31,,,1590700000.0,,770800000.0,,727600000.0,,666000000.0,219300000.0,446700000.0,4.24,4.24,,,168600000.0,,365200000.0,864800000.0,,,109500000.0,1508100000.0,,1185300000.0,3096600000.0,3048500000.0,6295600000.0,8989000000.0,220200000.0,182800000.0,,608300000.0,,1004400000.0,,292100000.0,3784200000.0,1201000000.0,-94300000.0,5204800000.0,8989000000.0,,18000000.0,,50400000.0,-80300000.0,,,,,,589100000.0,,,,,101800000.0,148900000.0,,8300000.0,-257200000.0,,,-405200000.0,-87800000.0,
2014-04-30,,,2031000000.0,24300000.0,988800000.0,,919000000.0,,849700000.0,284500000.0,565200000.0,5.42,5.42,,,153500000.0,,309400000.0,931000000.0,140700000.0,,145200000.0,1539100000.0,55400000.0,1265600000.0,3098200000.0,3024300000.0,6267400000.0,9072100000.0,289200000.0,78600000.0,,891000000.0,,1020700000.0,,56800000.0,4042500000.0,1091000000.0,-51600000.0,5029600000.0,9072100000.0,,22900000.0,-8000000.0,-6100000.0,-15400000.0,,26900000.0,3300000.0,,,856000000.0,,,,,101800000.0,279500000.0,,9700000.0,-370300000.0,,7300000.0,-575500000.0,-102900000.0,294400000.0
2014-07-31,,,478700000.0,,253400000.0,,191600000.0,,175500000.0,59500000.0,116000000.0,1.14,1.14,101028622.0,101037093.0,149400000.0,,392500000.0,1084500000.0,,,101800000.0,1728200000.0,,1274700000.0,3098600000.0,2999700000.0,6247300000.0,9250200000.0,279400000.0,210000000.0,,1019300000.0,,1019900000.0,,245500000.0,4165800000.0,1137700000.0,-56900000.0,5084400000.0,9250200000.0,,6900000.0,,83000000.0,153300000.0,,27100000.0,-9800000.0,,,-8100000.0,,,,,,49000000.0,,4300000.0,-52100000.0,,,59900000.0,-4100000.0,
2014-10-31,,,1015200000.0,,505800000.0,,446400000.0,,414400000.0,140100000.0,274300000.0,2.69,2.69,101123147.0,101126397.0,105300000.0,,453200000.0,1065200000.0,,,102100000.0,1725800000.0,,1305000000.0,3142600000.0,3003700000.0,6304000000.0,9334800000.0,251300000.0,169700000.0,,1004100000.0,,1028200000.0,,246700000.0,4169800000.0,1231000000.0,-74200000.0,5165000000.0,9334800000.0,,12100000.0,,140700000.0,130400000.0,,-45600000.0,-39500000.0,,,83900000.0,,,,,80300000.0,113700000.0,,1300000.0,-194100000.0,,,71700000.0,-48200000.0,
2015-01-31,,,1538100000.0,,743100000.0,,701500000.0,,652800000.0,217600000.0,435200000.0,4.28,4.28,101190896.0,101191571.0,111700000.0,,373900000.0,944200000.0,,,85800000.0,1515600000.0,,1323300000.0,3134900000.0,2973900000.0,6256700000.0,9095600000.0,232300000.0,172400000.0,,710100000.0,,1025600000.0,,243900000.0,3871400000.0,1326000000.0,-109500000.0,5224200000.0,9095600000.0,,15900000.0,,65300000.0,16500000.0,,-43000000.0,-68900000.0,,,511600000.0,,,,,80500000.0,162100000.0,,12000000.0,-253000000.0,,,-278400000.0,-41800000.0,
2015-04-30,,,1968700000.0,32500000.0,1031300000.0,,772000000.0,,523000000.0,178100000.0,344900000.0,3.33,3.33,,,125600000.0,,430100000.0,1163600000.0,270000000.0,,333000000.0,2052300000.0,48400000.0,1678300000.0,6009800000.0,6950300000.0,13152000000.0,16882600000.0,402800000.0,112000000.0,,1022600000.0,,2473300000.0,,91400000.0,9795700000.0,1159200000.0,-109800000.0,7086900000.0,16882600000.0,,23500000.0,7700000.0,-21800000.0,-25300000.0,,-74100000.0,-25400000.0,,,733200000.0,,,,,1320500000.0,247700000.0,,30100000.0,-1595700000.0,,5900000.0,863200000.0,-27900000.0,199300000.0
2015-07-31,,,728700000.0,,387600000.0,,267100000.0,,222800000.0,86400000.0,136400000.0,1.14,1.14,119089757.0,119102962.0,133600000.0,,507900000.0,1150800000.0,,,233200000.0,2025500000.0,,1656800000.0,6001400000.0,6891700000.0,13076100000.0,16758400000.0,347100000.0,295900000.0,,1059100000.0,,2522200000.0,,352400000.0,9628400000.0,1214000000.0,-130900000.0,7130000000.0,16758400000.0,,7700000.0,,80800000.0,-8400000.0,,-13500000.0,-37800000.0,,,305100000.0,,,,,-7900000.0,53000000.0,,-7000000.0,-38100000.0,,,-254300000.0,8000000.0,
2015-10-31,,,1516000000.0,,777400000.0,,580900000.0,,492400000.0,180000000.0,312400000.0,2.61,2.61,119159257.0,119169533.0,139000000.0,,605400000.0,1051400000.0,,,210200000.0,2006000000.0,,1661500000.0,6001700000.0,6839200000.0,13027300000.0,16694800000.0,341400000.0,280800000.0,,1132700000.0,,2477300000.0,,357100000.0,9461600000.0,1309900000.0,-128800000.0,7233200000.0,16694800000.0,,16400000.0,,178500000.0,-107600000.0,,-36100000.0,-39700000.0,,,580500000.0,,,,,-7900000.0,117400000.0,,-13300000.0,-96000000.0,,,-467400000.0,13400000.0,
2016-01-31,,,2279800000.0,,1158500000.0,,899200000.0,,767700000.0,270000000.0,497700000.0,4.16,4.16,119167720.0,119220305.0,140500000.0,,503800000.0,942000000.0,,,212100000.0,1798400000.0,,1623900000.0,5944900000.0,6715000000.0,12859200000.0,16281500000.0,371000000.0,351700000.0,,1006000000.0,,2461800000.0,,341900000.0,8956000000.0,1415000000.0,-146800000.0,7325500000.0,16281500000.0,,26900000.0,,79000000.0,-192100000.0,,-27700000.0,-14800000.0,,,1122800000.0,,,,,-7900000.0,160800000.0,,-5700000.0,30700000.0,,,-1129700000.0,14900000.0,
2016-04-30,,,2967800000.0,58800000.0,1510300000.0,,1145300000.0,,977900000.0,289200000.0,688700000.0,5.77,5.76,118918701.0,118959814.0,109800000.0,,450100000.0,899400000.0,252900000.0,,114100000.0,1573400000.0,,1627700000.0,6091100000.0,6494400000.0,12783000000.0,15984100000.0,459400000.0,139800000.0,,1213000000.0,,2230300000.0,,88100000.0,8975600000.0,1267700000.0,-148400000.0,7008500000.0,15984100000.0,,34600000.0,-95200000.0,21900000.0,-240100000.0,,-14600000.0,46100000.0,,,1458300000.0,,,,,-7900000.0,201400000.0,,-33500000.0,21700000.0,,2700000.0,-1496200000.0,-15800000.0,290500000.0
2016-07-31,,,722700000.0,,356000000.0,,293800000.0,,253400000.0,83400000.0,170000000.0,1.46,1.46,115805073.0,115946129.0,109600000.0,,523000000.0,1014600000.0,,,93500000.0,1740700000.0,,1598500000.0,6084600000.0,6440500000.0,12722600000.0,16061800000.0,452000000.0,354100000.0,,1288400000.0,,2245100000.0,,386700000.0,8965900000.0,1343500000.0,-145900000.0,7095900000.0,16061800000.0,,8100000.0,,74300000.0,117300000.0,,-20100000.0,18200000.0,,,238900000.0,,,,,0.0,50200000.0,,12300000.0,-62500000.0,,,-173200000.0,-200000.0,
2016-10-31,,,1465600000.0,,719100000.0,,597100000.0,,518900000.0,171600000.0,347300000.0,2.98,2.98,115885448.0,116009056.0,121800000.0,,517800000.0,1028400000.0,,,137200000.0,1805200000.0,,1586700000.0,6080000000.0,6387300000.0,12666300000.0,16058200000.0,435800000.0,284500000.0,,1306300000.0,,2245000000.0,,381400000.0,8878100000.0,1433400000.0,-156100000.0,7180100000.0,16058200000.0,,15100000.0,,69900000.0,132700000.0,,-4800000.0,-5500000.0,,,375300000.0,,,,,0.0,84000000.0,,12700000.0,-96300000.0,,,-261100000.0,12000000.0,
2017-01-31,,,2188500000.0,,1056300000.0,,834800000.0,,716500000.0,234600000.0,481900000.0,4.14,4.14,115888341.0,115972294.0,139600000.0,,421400000.0,995600000.0,,,134300000.0,1690900000.0,,1574300000.0,6084700000.0,6262000000.0,12546500000.0,15811700000.0,428500000.0,279100000.0,,997200000.0,,2246300000.0,,381300000.0,8569800000.0,1480700000.0,-146400000.0,7241900000.0,15811700000.0,,22000000.0,,-27000000.0,98600000.0,,-26900000.0,-3400000.0,,,794800000.0,,,,,0.0,136600000.0,,11900000.0,-148100000.0,,,-612400000.0,29800000.0,
2017-04-30,,,2835300000.0,58100000.0,1390700000.0,,1031500000.0,,878400000.0,286100000.0,592300000.0,5.11,5.1,115471395.0,115578424.0,166800000.0,,438700000.0,905700000.0,227300000.0,,130600000.0,1641800000.0,,1617500000.0,6077100000.0,6149900000.0,12380400000.0,15639700000.0,477200000.0,123100000.0,,1832600000.0,,2167000000.0,,88000000.0,8789500000.0,1240500000.0,-143400000.0,6850200000.0,15639700000.0,,22000000.0,-79400000.0,-8900000.0,10400000.0,,-8900000.0,2100000.0,,,1059000000.0,,,,,0.0,192400000.0,,38400000.0,-189700000.0,,3300000.0,-806100000.0,57000000.0,367200000.0
2017-07-31,,,662100000.0,,350200000.0,,233800000.0,,189000000.0,62200000.0,126800000.0,1.12,1.12,112900000.0,113000000.0,183200000.0,,433700000.0,981300000.0,,,93900000.0,1692100000.0,,1595700000.0,6092100000.0,6104300000.0,12353800000.0,15641600000.0,477600000.0,327700000.0,,1750900000.0,,2170100000.0,,343900000.0,8709700000.0,1277800000.0,-106700000.0,6931900000.0,15641600000.0,,6600000.0,,-7300000.0,71200000.0,,-4300000.0,35300000.0,,,304300000.0,,,,,,69600000.0,,-31500000.0,-38100000.0,,,-260100000.0,16400000.0,
2017-10-31,,,1417100000.0,,711100000.0,,564500000.0,,480800000.0,159400000.0,321400000.0,2.83,2.83,113000000.0,113000000.0,180300000.0,,481600000.0,1011700000.0,,,112200000.0,1785800000.0,,1615700000.0,6086500000.0,6051100000.0,12300500000.0,15702000000.0,507400000.0,245400000.0,,1854500000.0,,2172200000.0,,344900000.0,8665700000.0,1383800000.0,-113700000.0,7036300000.0,15702000000.0,,12700000.0,,41500000.0,103600000.0,,-19400000.0,54700000.0,,,434600000.0,,,,,,130000000.0,,-23700000.0,-106300000.0,,,-321200000.0,13500000.0,
2018-01-31,,,2145600000.0,,1043000000.0,,727200000.0,,596800000.0,-715300000.0,1152700000.0,10.15,10.15,113000000.0,113000000.0,186200000.0,,422700000.0,909100000.0,,,91900000.0,1609900000.0,,1633700000.0,5949400000.0,5970800000.0,12085600000.0,15329200000.0,471200000.0,247400000.0,,1089900000.0,,1380600000.0,,366000000.0,7525000000.0,2126700000.0,-91100000.0,7804200000.0,15329200000.0,,16800000.0,,-18600000.0,-1600000.0,,-19400000.0,15900000.0,,,903600000.0,,,,,,210300000.0,,-29600000.0,-171800000.0,,,-725200000.0,19400000.0,
2018-04-30,,,2836100000.0,,1370800000.0,,1036100000.0,,861000000.0,-477600000.0,1338600000.0,11.79,11.78,113000000.0,113000000.0,192600000.0,,385600000.0,854400000.0,129100000.0,,122400000.0,1555000000.0,,1729100000.0,5942200000.0,5916500000.0,12017100000.0,15301200000.0,512100000.0,107700000.0,,1033800000.0,,1377200000.0,,105100000.0,7410100000.0,2239200000.0,-116700000.0,7891100000.0,15301200000.0,,15400000.0,-803400000.0,-54700000.0,-54000000.0,,5300000.0,19000000.0,,,1218000000.0,,,,,0.0,321900000.0,,-30900000.0,-277600000.0,,1500000.0,-922000000.0,25800000.0,336800000.0
2018-07-31,,,678200000.0,,383300000.0,,226900000.0,,173100000.0,40100000.0,133000000.0,1.17,1.17,113100000.0,113100000.0,192000000.0,,504200000.0,1017400000.0,,,92200000.0,1805800000.0,,1827900000.0,6621900000.0,7095100000.0,13879300000.0,17513000000.0,532100000.0,340300000.0,,1544000000.0,,1550200000.0,,303100000.0,9582200000.0,2275600000.0,-118800000.0,7930800000.0,17513000000.0,,4600000.0,,52700000.0,65700000.0,,-21800000.0,800000.0,,,243000000.0,,,,,1905000000.0,101300000.0,,25200000.0,-2031500000.0,,,1790500000.0,-600000.0,
2018-10-31,,,1449500000.0,,765700000.0,,557400000.0,,442500000.0,121000000.0,321500000.0,2.83,2.83,113200000.0,113200000.0,171200000.0,,561900000.0,966200000.0,,,87900000.0,1787200000.0,,1818700000.0,6474700000.0,6925500000.0,13568300000.0,17174200000.0,552400000.0,372900000.0,,1434500000.0,,1525300000.0,,299300000.0,9144200000.0,2367600000.0,-116400000.0,8030000000.0,17174200000.0,,10500000.0,,111200000.0,60400000.0,,-17600000.0,15200000.0,,,445900000.0,,,,,1903000000.0,179100000.0,,8900000.0,-1718900000.0,,,1256200000.0,-21400000.0,
2019-01-31,,,2223300000.0,,1138800000.0,,775000000.0,,599700000.0,156800000.0,442900000.0,3.89,3.89,113200000.0,113200000.0,206500000.0,,502600000.0,924700000.0,,,92400000.0,1726200000.0,,1847900000.0,6438900000.0,6759000000.0,13353500000.0,16927600000.0,519600000.0,376400000.0,,1816400000.0,,1449600000.0,,354200000.0,8906000000.0,2392600000.0,-153300000.0,8021600000.0,16927600000.0,,16500000.0,,51400000.0,18800000.0,,-19500000.0,-11200000.0,,,867000000.0,,,,,1903000000.0,267200000.0,,24500000.0,-1822800000.0,,,973600000.0,13900000.0,
2019-04-30,,4922300000.0,2915700000.0,,1508600000.0,,928600000.0,,701600000.0,187200000.0,514400000.0,4.52,4.52,113100000.0,113100000.0,101300000.0,,503800000.0,910300000.0,163600000.0,,109800000.0,1625200000.0,,1912400000.0,6310900000.0,6718800000.0,13173700000.0,16711300000.0,591000000.0,201600000.0,,2341500000.0,,1398600000.0,,110300000.0,8740800000.0,2367600000.0,-181800000.0,7970500000.0,16711300000.0,,20700000.0,-93500000.0,53000000.0,5300000.0,,-13300000.0,43700000.0,,,1141200000.0,,,,,1903000000.0,359800000.0,,32000000.0,-1924200000.0,,500000.0,699000000.0,-91300000.0,250900000.0
2019-07-31,,1079300000.0,699600000.0,,380500000.0,,257600000.0,,206700000.0,52100000.0,154600000.0,1.36,1.36,113200000.0,113300000.0,48800000.0,,473700000.0,1013300000.0,,,77700000.0,1613500000.0,,1909200000.0,6313300000.0,6661100000.0,13268900000.0,16791600000.0,503100000.0,444300000.0,,2290800000.0,,1387200000.0,,307700000.0,8783900000.0,2421900000.0,-216700000.0,8007700000.0,16791600000.0,,6200000.0,,-30400000.0,102100000.0,,-6400000.0,-61000000.0,,,221500000.0,,,,,0.0,73000000.0,,-20900000.0,-52100000.0,,,-222600000.0,-52500000.0,
2019-10-31,,2283100000.0,1453600000.0,,742000000.0,,587400000.0,,485800000.0,120000000.0,365800000.0,3.21,3.21,113400000.0,113400000.0,,,522400000.0,1013300000.0,,,74700000.0,1659200000.0,,1915500000.0,6313600000.0,6602700000.0,13216300000.0,16791000000.0,521800000.0,402300000.0,,2310100000.0,,,,307300000.0,8695700000.0,2533000000.0,-248400000.0,8095300000.0,16791000000.0,,13700000.0,,18200000.0,102000000.0,,-13300000.0,-41300000.0,,,445500000.0,,,,,0.0,136400000.0,,-32200000.0,-104200000.0,,,-395200000.0,-52500000.0,
2020-01-31,,3495400000.0,2213600000.0,,1100900000.0,,876400000.0,,728300000.0,175100000.0,553200000.0,4.85,4.85,113400000.0,113400000.0,,,477300000.0,958800000.0,,,92200000.0,1602700000.0,,1911700000.0,6312800000.0,6491400000.0,13121800000.0,16636200000.0,575000000.0,452200000.0,,2077400000.0,,,,307400000.0,8465800000.0,2620500000.0,-266300000.0,8170400000.0,16636200000.0,,19800000.0,,-26700000.0,48000000.0,,-7000000.0,12300000.0,,,967100000.0,,,,,0.0,192900000.0,,-15300000.0,-177600000.0,,,-816100000.0,-26900000.0,
2020-04-30,,4799000000.0,3002000000.0,,1474300000.0,,1223100000.0,,1026700000.0,247200000.0,779500000.0,6.84,6.84,113400000.0,113400000.0,,,551400000.0,895300000.0,244800000.0,,134900000.0,1972700000.0,,1969400000.0,6304500000.0,6429000000.0,13028300000.0,16970400000.0,782000000.0,153000000.0,,1587100000.0,,,,98200000.0,8779500000.0,2746800000.0,-379000000.0,8190900000.0,16970400000.0,,26800000.0,7600000.0,49100000.0,-12600000.0,,15700000.0,181600000.0,,,1254800000.0,,,,,0.0,269300000.0,,4600000.0,-271500000.0,,900000.0,-688700000.0,289800000.0,227100000.0
2020-07-31,,1196400000.0,775400000.0,,357500000.0,,361100000.0,,313600000.0,76600000.0,237000000.0,2.08,2.08,113500000.0,113500000.0,,,497600000.0,995000000.0,,,95600000.0,1984800000.0,,1948600000.0,6310700000.0,6371600000.0,12968900000.0,16902300000.0,780600000.0,372500000.0,,2073100000.0,,,,344800000.0,8557100000.0,2882300000.0,-360900000.0,8345200000.0,16902300000.0,,5900000.0,,-55100000.0,98500000.0,,-300000.0,41100000.0,,,409000000.0,,,,,,76600000.0,,-27400000.0,-49200000.0,,,-357300000.0,5500000.0,
2020-10-31,,2412200000.0,1593600000.0,,740300000.0,,741900000.0,,617100000.0,149300000.0,467800000.0,4.1,4.1,113700000.0,113700000.0,,,577000000.0,993800000.0,,,90700000.0,2067100000.0,,1956300000.0,6311800000.0,6312800000.0,12906300000.0,16929700000.0,857200000.0,304200000.0,,2692800000.0,,,,344600000.0,8414700000.0,3010900000.0,-327500000.0,8515000000.0,16929700000.0,,13400000.0,,24200000.0,97500000.0,,-8500000.0,107500000.0,,,787700000.0,,,,,,129000000.0,,-28100000.0,-100900000.0,,,-675800000.0,14500000.0,
2021-01-31,,3679500000.0,2403000000.0,,1112000000.0,,1148100000.0,,978600000.0,249300000.0,729300000.0,6.42,6.42,113100000.0,113100000.0,,,604900000.0,897900000.0,,,74400000.0,2078700000.0,,1937800000.0,6016900000.0,6099400000.0,12412900000.0,16429400000.0,896700000.0,428700000.0,,2532400000.0,,,,347000000.0,8217800000.0,2896100000.0,-303500000.0,8211600000.0,16429400000.0,,20900000.0,,50400000.0,50900000.0,,-900000.0,142700000.0,,,1274000000.0,,,,,,198700000.0,,-48500000.0,419100000.0,,,-1590600000.0,110400000.0,
2021-04-30,,4864000000.0,3138700000.0,,1523100000.0,,1386800000.0,,1171900000.0,295600000.0,876300000.0,7.79,7.79,112000000.0,112000000.0,,,533700000.0,959900000.0,229600000.0,,113800000.0,1941700000.0,,2001500000.0,6023600000.0,6041200000.0,12341000000.0,16284200000.0,1034100000.0,119500000.0,,2867500000.0,,,,96800000.0,8159400000.0,2847500000.0,-277400000.0,8124800000.0,16284200000.0,,28700000.0,-13900000.0,-22000000.0,110400000.0,,34000000.0,260900000.0,,,1565000000.0,,,,,0.0,306700000.0,,-53800000.0,311100000.0,,,-1943900000.0,-56800000.0,333200000.0
2021-07-31,,1218600000.0,639400000.0,,324000000.0,,259400000.0,,205200000.0,51300000.0,153900000.0,1.42,1.42,108000000.0,108100000.0,,,566000000.0,1105500000.0,,,112600000.0,1952900000.0,,1988400000.0,6021000000.0,5985200000.0,12270400000.0,16211700000.0,1041200000.0,368300000.0,,2763200000.0,,,,308000000.0,8041400000.0,2893800000.0,-281600000.0,8170300000.0,16211700000.0,,5300000.0,,32900000.0,146300000.0,,-8000000.0,28500000.0,,,137800000.0,,,,,,68000000.0,,12000000.0,-80000000.0,,,-223300000.0,-165500000.0,
2021-10-31,,2557100000.0,1350900000.0,,671700000.0,,571200000.0,,474000000.0,114100000.0,359900000.0,3.32,3.32,108100000.0,108100000.0,,,659100000.0,1100200000.0,,,94200000.0,2008800000.0,,2015200000.0,6022300000.0,5930400000.0,12216800000.0,16240800000.0,1031000000.0,288800000.0,,1890500000.0,,,,309400000.0,7954400000.0,2992800000.0,-270500000.0,8286400000.0,16240800000.0,,10600000.0,,125600000.0,140800000.0,,-38200000.0,-8200000.0,,,302900000.0,,,,,,127200000.0,,15800000.0,-143000000.0,,,-338800000.0,-179000000.0,
2022-01-31,,3931100000.0,2034000000.0,,1007700000.0,,721800000.0,,583600000.0,154000000.0,429600000.0,3.96,3.96,108100000.0,108200000.0,,,563200000.0,1042100000.0,,,98600000.0,1988200000.0,,1995500000.0,6017800000.0,5710000000.0,11982700000.0,15966400000.0,1006800000.0,315800000.0,,1664600000.0,,,,306700000.0,7699500000.0,2955500000.0,-269300000.0,8266900000.0,15966400000.0,,15200000.0,,30700000.0,131000000.0,,-22500000.0,-15200000.0,,,742600000.0,,,,,,244500000.0,,17600000.0,-131900000.0,,,-660400000.0,-50000000.0,
2022-04-30,,5298200000.0,2700700000.0,,1360300000.0,,1023800000.0,,843800000.0,212100000.0,631700000.0,5.84,5.83,107900000.0,108400000.0,,,524700000.0,1089300000.0,193400000.0,,226200000.0,2010100000.0,,2131700000.0,6015800000.0,5652200000.0,11913200000.0,16055000000.0,1193300000.0,148500000.0,,1952800000.0,,,,80400000.0,7914900000.0,2893000000.0,-237400000.0,8140100000.0,16055000000.0,,22300000.0,-38100000.0,-7500000.0,178700000.0,,52800000.0,149500000.0,,,1136300000.0,,,,,,417500000.0,,68000000.0,-355500000.0,,,-944500000.0,-164400000.0,233000000.0
2022-07-31,,1320500000.0,552500000.0,,343800000.0,,179700000.0,,141100000.0,31300000.0,109800000.0,1.03,1.03,106300000.0,106800000.0,,,605000000.0,1312800000.0,,,218300000.0,2287700000.0,,2138800000.0,6016700000.0,5597000000.0,11850200000.0,16276700000.0,1242600000.0,306200000.0,,2177200000.0,,,,248500000.0,8132400000.0,2893400000.0,-233400000.0,8144300000.0,16276700000.0,,7900000.0,,80200000.0,223000000.0,,3300000.0,73100000.0,,,-39000000.0,,,,,,88300000.0,,-15200000.0,-71500000.0,,,91900000.0,-18300000.0,
2022-10-31,,2824500000.0,1253600000.0,,698100000.0,,473100000.0,,394000000.0,93100000.0,300900000.0,2.82,2.82,106500000.0,106900000.0,,,609500000.0,1358400000.0,,,255900000.0,2250900000.0,,2198600000.0,6006300000.0,5538600000.0,11769800000.0,16219300000.0,1260600000.0,268400000.0,,2059700000.0,,,,243700000.0,8002000000.0,2976000000.0,-247300000.0,8217300000.0,16219300000.0,,5300000.0,,87100000.0,273800000.0,,-19100000.0,77500000.0,,,166000000.0,,,,,,190400000.0,,20500000.0,-209300000.0,,,-98800000.0,-142800000.0,
2023-01-31,,4285000000.0,2009400000.0,,1079000000.0,,791000000.0,,669400000.0,160000000.0,509400000.0,4.78,4.77,106500000.0,107000000.0,,,533900000.0,1241500000.0,,,148200000.0,2027800000.0,,2274300000.0,6010100000.0,5484400000.0,11715400000.0,16017500000.0,1231000000.0,260200000.0,,1740700000.0,,,,248600000.0,7682500000.0,3076200000.0,-237200000.0,8335000000.0,16017500000.0,,11300000.0,,10700000.0,154600000.0,,-69400000.0,46300000.0,,,750600000.0,,,,,,332300000.0,,-23900000.0,-306800000.0,,,-509400000.0,-65700000.0,
2023-04-30,,5727400000.0,2801800000.0,,1455000000.0,,157500000.0,,-9200000.0,82100000.0,-91300000.0,-0.86,-0.86,,,,,597600000.0,1009800000.0,196800000.0,,107700000.0,2858700000.0,,2239500000.0,5216900000.0,4429300000.0,9893200000.0,14991400000.0,1392600000.0,154000000.0,,1986700000.0,,,,72400000.0,7700600000.0,2132100000.0,-239200000.0,7290800000.0,14991400000.0,,25600000.0,-190800000.0,74800000.0,134600000.0,,-86800000.0,151600000.0,,,1194400000.0,,,,,,477400000.0,,-47300000.0,256200000.0,,,-964600000.0,485900000.0,254800000.0
2023-07-31,,1150400000.0,654800000.0,,313600000.0,,303500000.0,,238400000.0,54800000.0,183600000.0,1.79,1.79,,,,,592400000.0,1093400000.0,,,110100000.0,2496800000.0,,2289600000.0,5221200000.0,4391000000.0,9925400000.0,14711800000.0,1301000000.0,438500000.0,,1947200000.0,,,,174200000.0,7708400000.0,1964800000.0,-229000000.0,7003400000.0,14711800000.0,,5100000.0,-8900000.0,-6100000.0,81400000.0,,4800000.0,-43800000.0,,,217900000.0,,,,,,150300000.0,,1600000.0,-151900000.0,,,-481300000.0,-414700000.0,
2023-10-31,,2364800000.0,1379000000.0,,647100000.0,,602400000.0,,487800000.0,109300000.0,378500000.0,3.7,3.69,,,,,587900000.0,1084900000.0,,,134700000.0,5864100000.0,,2389300000.0,5213200000.0,4349300000.0,9870300000.0,18123700000.0,1250300000.0,365400000.0,,1834400000.0,,,,172200000.0,11034800000.0,2051100000.0,-240500000.0,7088900000.0,18123700000.0,,13700000.0,-16300000.0,-8700000.0,76500000.0,,-2000000.0,-92900000.0,,,394800000.0,,,,,,299000000.0,,-5300000.0,-293700000.0,,,2867700000.0,2968100000.0,
2024-01-31,,3770900000.0,2202100000.0,,1021300000.0,,899800000.0,,683300000.0,184400000.0,498900000.0,4.82,4.81,,,,,789600000.0,987600000.0,,,110900000.0,1924000000.0,,3004900000.0,7667800000.0,7310300000.0,15318300000.0,20247200000.0,1252700000.0,516200000.0,,2467400000.0,,,,177900000.0,12687100000.0,2055000000.0,-227400000.0,7560100000.0,20247200000.0,,15900000.0,-22100000.0,10800000.0,-55300000.0,,-13200000.0,-147900000.0,,,801300000.0,,,,,3920600000.0,455900000.0,,1500000.0,-3861200000.0,,,2439500000.0,-619900000.0,
2024-04-30,,5063300000.0,3115400000.0,,1446200000.0,,1305800000.0,,996400000.0,252400000.0,744000000.0,7.14,7.13,,,,,736500000.0,1038900000.0,279800000.0,,129500000.0,1966900000.0,,3072700000.0,7649900000.0,7255400000.0,15234100000.0,20273700000.0,1336200000.0,315500000.0,,3761100000.0,,,,65700000.0,12579800000.0,2188100000.0,-234600000.0,7693900000.0,20273700000.0,,23900000.0,-40500000.0,-41500000.0,-2900000.0,,35500000.0,-81700000.0,,,1229400000.0,,,,,3920600000.0,586500000.0,,-19900000.0,-3964600000.0,,,2141600000.0,-593800000.0,316500000.0
2024-07-31,,1327900000.0,797200000.0,,390100000.0,,349500000.0,,246000000.0,61000000.0,185000000.0,1.74,1.74,,,,,734900000.0,1137800000.0,,,168900000.0,2081100000.0,,3095300000.0,7649500000.0,7199600000.0,15171800000.0,20348200000.0,1244100000.0,621400000.0,,3764000000.0,,,,164800000.0,12578700000.0,2259900000.0,-232200000.0,7769500000.0,20348200000.0,,8900000.0,2600000.0,-1600000.0,99000000.0,,-2600000.0,-61500000.0,,,172900000.0,,,,,,123700000.0,,48700000.0,-172400000.0,,,-23000000.0,-22500000.0,
2024-10-31,,2713000000.0,1683300000.0,,780800000.0,,519200000.0,,312800000.0,152300000.0,160500000.0,1.51,1.51,,,,,804600000.0,1084400000.0,,,117300000.0,2055500000.0,,3086600000.0,7396100000.0,6779600000.0,14878000000.0,20020100000.0,1233800000.0,603700000.0,,3563200000.0,,,,159100000.0,12387000000.0,2121800000.0,-239000000.0,7633100000.0,20020100000.0,,15800000.0,23900000.0,68500000.0,54400000.0,,-25700000.0,-83400000.0,,,577100000.0,,,,,,210700000.0,,15000000.0,-225700000.0,,,-363700000.0,-12800000.0,
,,,,,,,,,,,,,,,,,,,,,,,,,,,,,,,,,,,,,,,,,,,,,,,,,,,,,,,,,,,,,,,,,,,
,,,,,,,,,,,,,,,,,,,,,,,,,,,,,,,,,,,,,,,,,,,,,,,,,,,,,,,,,,,,,,,,,,,
