Date,Net sales,Cost of sales,Gross margin,Research and development,"Selling, general and administrative",Total operating expenses,Operating income,"Other income/(expense), net",Income before provision for income taxes,Provision for income taxes,Net income,Earnings per share basic,Earnings per share diluted,Weighted-average basic,Weighted-average diluted,Cash and cash equivalents,Short-term marketable securities,"Accounts receivable, net",Inventories,Deferred tax assets,Vendor non-trade receivables,Other current assets,Total current assets,Long-term marketable securities,"Property, Plant and Equipment, Net",Goodwill,"Acquired intangible assets, net","Other Assets, Noncurrent",Total assets,accounts payable,Accrued expenses,Deferred revenue,Total current liabilities,Deferred revenue - non-current,deferred tax liabilities,long term taxes payable,Total other non-current liabilities,Total liabilities,Retained Earnings (Accumulated Deficit),Accumulated other comprehensive (loss)/income,Total shareholders equity,Total liabilities and shareholders' equity,"Depreciation, amortization and accretion",Stock-based compensation expense,Deferred income tax expense,"Increase (Decrease) in Accounts receivable, net",Increase (Decrease) in Inventories,Increase (Decrease) in Other Receivables,Increase (Decrease) in Other Operating Assets,Increase (Decrease) in Accounts Payable,Increase (Decrease) in Deferred Revenue,Increase (Decrease) Other liabilities,Cash generated by operating activities,Purchases of marketable securities,Proceeds from maturities of marketable securities,Proceeds from sales of marketable securities,Purchases of other long-term investments,"Business acquisitions, net of cash acquired",Cash payments for capital asset purchases,Payments for acquisition of intangible assets,Payments for (Proceeds from) Other Investing Activities,Cash used in investing activities,Proceeds from issuance of common stock,Excess tax benefits from stock-based compensation,Cash generated/used in financing activities,Increase/(decrease) in cash and cash equivalents,"Cash paid for income taxes, net"
2011-09-30,247885000.0,208259000.0,39626000.0,13824000.0,,26112000.0,13514000.0,17000.0,13337000.0,4845000.0,8492000.0,0.21,0.19,40356000.0,43395000.0,92280000.0,,87810000.0,189004000.0,10776000.0,,,388864000.0,,81289000.0,,,11982000.0,488179000.0,123601000.0,25173000.0,,150304000.0,,,,9254000.0,189603000.0,175290000.0,-109000.0,298576000.0,488179000.0,1535000.0,2330000.0,-170000.0,5937000.0,-1345000.0,,,9919000.0,,,25137000.0,,,,,,8045000.0,,,-6354000.0,,937000.0,3634000.0,22337000.0,634000.0
2011-12-31,497800000.0,415560000.0,82240000.0,29481000.0,,55008000.0,27232000.0,37000.0,26902000.0,9636000.0,17266000.0,0.42,0.39,40555000.0,43816000.0,102377000.0,,80100000.0,193360000.0,11114000.0,,,394698000.0,,96051000.0,,,3256000.0,499997000.0,115859000.0,27638000.0,,156908000.0,,,,9609000.0,188520000.0,184064000.0,-109000.0,311477000.0,499997000.0,3147000.0,4837000.0,-421000.0,-532000.0,4551000.0,,,1887000.0,,,36890000.0,,,,,,18260000.0,,,-13746000.0,,1084000.0,9383000.0,32434000.0,3485000.0
2012-03-31,737978000.0,615009000.0,122969000.0,46643000.0,,86147000.0,36822000.0,46000.0,36312000.0,11969000.0,24343000.0,0.59,0.55,41126000.0,44610000.0,88861000.0,,100980000.0,228933000.0,11832000.0,,,440054000.0,,96301000.0,,,5227000.0,548118000.0,142156000.0,28927000.0,,185342000.0,,,,10744000.0,219265000.0,191141000.0,-109000.0,328853000.0,548118000.0,5114000.0,7430000.0,-2082000.0,21783000.0,41908000.0,,,29424000.0,,,19028000.0,,,,,,21710000.0,,,-16806000.0,,1907000.0,16306000.0,18918000.0,6301000.0
2012-06-30,1013874000.0,848457000.0,165417000.0,64223000.0,,119403000.0,46014000.0,54000.0,45351000.0,15498000.0,29853000.0,0.72,0.67,40890000.0,44152000.0,80826000.0,,102014000.0,276599000.0,16091000.0,,,481912000.0,,97419000.0,,,3390000.0,589103000.0,173991000.0,30401000.0,,220508000.0,,,,10849000.0,250752000.0,196651000.0,-76000.0,338351000.0,589103000.0,7071000.0,10252000.0,-3137000.0,17226000.0,92467000.0,,,61336000.0,,,16467000.0,,,,168000.0,,24862000.0,,,-19719000.0,,2047000.0,13817000.0,10883000.0,8455000.0
2012-09-30,270707000.0,235692000.0,35015000.0,18221000.0,,33333000.0,1682000.0,15000.0,1542000.0,643000.0,899000.0,0.02,0.02,41667000.0,44174000.0,58323000.0,,112787000.0,263152000.0,13603000.0,,,458052000.0,,97121000.0,,,3078000.0,566545000.0,140084000.0,31290000.0,,204431000.0,,,,11006000.0,224070000.0,197550000.0,-72000.0,342309000.0,566545000.0,1955000.0,2903000.0,-2870000.0,10910000.0,-10537000.0,,,-34688000.0,,,-26554000.0,,,,,,919000.0,,,-920000.0,,784000.0,4749000.0,-22503000.0,1974000.0
2012-12-31,562194000.0,487057000.0,75137000.0,37045000.0,,65847000.0,9290000.0,22000.0,9005000.0,3192000.0,5813000.0,0.14,0.13,41893000.0,43819000.0,88398000.0,,118912000.0,243597000.0,14361000.0,,,475495000.0,,96712000.0,,,3003000.0,583567000.0,149441000.0,32015000.0,,213450000.0,,,,10764000.0,232147000.0,202464000.0,-52000.0,351252000.0,583567000.0,3974000.0,5812000.0,-3982000.0,16973000.0,-26689000.0,,,-25094000.0,,,5603000.0,,,,,,2790000.0,,,-2502000.0,,785000.0,4077000.0,7572000.0,6448000.0
2013-03-31,840228000.0,726198000.0,114030000.0,55651000.0,,99300000.0,14730000.0,24000.0,14305000.0,-1740000.0,12853000.0,0.31,0.29,42147000.0,44148000.0,93974000.0,,122339000.0,257341000.0,15448000.0,,,499805000.0,,95442000.0,,,3312000.0,608052000.0,163607000.0,33070000.0,,229145000.0,,,,9507000.0,245885000.0,209504000.0,-61000.0,361992000.0,608052000.0,5900000.0,8662000.0,-6205000.0,21021000.0,-10514000.0,,,-9602000.0,,,13569000.0,,,,,,4346000.0,,,-4453000.0,,844000.0,4087000.0,13148000.0,6793000.0
2013-06-30,1162561000.0,1002508000.0,160053000.0,75208000.0,,132895000.0,27158000.0,48000.0,26596000.0,5317000.0,21279000.0,0.5,0.48,41992000.0,43907000.0,93038000.0,,149340000.0,254170000.0,23061000.0,,,523192000.0,,95912000.0,,,3241000.0,632257000.0,172855000.0,34122000.0,,241664000.0,,,,10336000.0,258533000.0,217930000.0,-69000.0,373543000.0,632257000.0,7835000.0,11361000.0,-7077000.0,48255000.0,-12704000.0,,,-2208000.0,,,13583000.0,,,,0.0,,5001000.0,,,-5113000.0,,865000.0,3762000.0,12212000.0,8074000.0
2013-09-30,309016000.0,262224000.0,46792000.0,20236000.0,,34749000.0,12043000.0,17000.0,11865000.0,4166000.0,7699000.0,0.18,0.17,42496000.0,44602000.0,111458000.0,,134056000.0,254310000.0,14982000.0,,,524222000.0,,96767000.0,,,4185000.0,635799000.0,165660000.0,31650000.0,,218283000.0,,,,10502000.0,249835000.0,225629000.0,-65000.0,385789000.0,635799000.0,1393000.0,2589000.0,,-14435000.0,144000.0,,,-7732000.0,,,18307000.0,,,,,,1948000.0,,,-1962000.0,,882000.0,1797000.0,18420000.0,1807000.0
2013-12-31,665378000.0,563494000.0,101884000.0,40664000.0,,69637000.0,32247000.0,63000.0,31931000.0,10897000.0,21034000.0,0.49,0.47,42915000.0,45052000.0,89883000.0,,161174000.0,290927000.0,15503000.0,,,567583000.0,,128072000.0,,,3123000.0,708731000.0,205758000.0,35929000.0,,286642000.0,,,,11169000.0,302944000.0,238964000.0,-70000.0,405619000.0,708731000.0,2920000.0,5377000.0,,12910000.0,38295000.0,,,31950000.0,,,18395000.0,,,,,,33956000.0,,,-33964000.0,,1084000.0,12420000.0,-3155000.0,6840000.0
2014-03-31,1039133000.0,879985000.0,159148000.0,61234000.0,,105429000.0,53719000.0,73000.0,53257000.0,15649000.0,37608000.0,0.87,0.82,43992000.0,47424000.0,101714000.0,,182028000.0,295089000.0,21168000.0,,,610845000.0,,128504000.0,,,2815000.0,750541000.0,205246000.0,32372000.0,,292530000.0,,,,11039000.0,308002000.0,255538000.0,-74000.0,442365000.0,750541000.0,4590000.0,8183000.0,,34072000.0,43346000.0,,,32492000.0,,,12474000.0,,,,,,36779000.0,,,-36378000.0,,2719000.0,32922000.0,8676000.0,8940000.0
2014-06-30,1467202000.0,1241657000.0,225545000.0,84257000.0,,145286000.0,80259000.0,92000.0,79594000.0,25437000.0,54157000.0,1.24,1.16,43599000.0,46512000.0,96872000.0,,212738000.0,315837000.0,22996000.0,,,654081000.0,,130589000.0,,,2854000.0,796325000.0,219354000.0,37564000.0,,310886000.0,,,,12475000.0,327094000.0,272087000.0,-63000.0,469056000.0,796325000.0,6364000.0,11062000.0,-541000.0,64874000.0,63921000.0,,,46298000.0,,,6538000.0,,,,0.0,,40567000.0,,,-40161000.0,,2992000.0,37222000.0,3834000.0,13096000.0
2014-09-30,443322000.0,374129000.0,69193000.0,21509000.0,,37567000.0,31626000.0,35000.0,31465000.0,10602000.0,20863000.0,0.46,0.42,45473000.0,49687000.0,117512000.0,,194370000.0,341541000.0,17392000.0,,,685102000.0,,133067000.0,,,2828000.0,828275000.0,222556000.0,35704000.0,,313954000.0,,,,12814000.0,329801000.0,292950000.0,-66000.0,498296000.0,828275000.0,1847000.0,2980000.0,,-18422000.0,27364000.0,,,2131000.0,,,27046000.0,,,,,,2766000.0,,,-2756000.0,,705000.0,-3342000.0,20640000.0,3123000.0
2014-12-31,946336000.0,792691000.0,153645000.0,46974000.0,,79134000.0,74511000.0,71000.0,74203000.0,22098000.0,52105000.0,1.14,1.03,46131000.0,51091000.0,83201000.0,,258784000.0,409205000.0,18261000.0,,,781742000.0,,142660000.0,,,3403000.0,935041000.0,283768000.0,42929000.0,,373133000.0,,,,14353000.0,389819000.0,324192000.0,-79000.0,545054000.0,935041000.0,3845000.0,6161000.0,,45959000.0,97543000.0,,,60016000.0,,,-8687000.0,,,,661000.0,,11031000.0,,,-11693000.0,,2782000.0,7187000.0,-13671000.0,15464000.0
2015-03-31,1417561000.0,1187096000.0,230465000.0,72516000.0,,124506000.0,105959000.0,92000.0,105395000.0,30234000.0,75161000.0,1.63,1.47,46824000.0,52008000.0,109245000.0,,221561000.0,430382000.0,21296000.0,,,795252000.0,,153332000.0,,,3843000.0,960961000.0,261603000.0,44391000.0,,359167000.0,,,,14408000.0,375208000.0,347248000.0,-74000.0,585580000.0,960961000.0,5930000.0,9727000.0,,9017000.0,119007000.0,,,38712000.0,,,9064000.0,,,,661000.0,,24637000.0,,,-25716000.0,,7229000.0,29973000.0,12373000.0,27455000.0
2015-06-30,1991155000.0,1670924000.0,320231000.0,100257000.0,,173485000.0,146746000.0,115000.0,145896000.0,44033000.0,101863000.0,2.19,2.03,46434000.0,50094000.0,95442000.0,,322594000.0,463493000.0,22360000.0,,,914415000.0,,163038000.0,,,5226000.0,1089809000.0,299774000.0,46743000.0,,454107000.0,,,,15684000.0,470724000.0,373950000.0,-80000.0,618921000.0,1089809000.0,8133000.0,13699000.0,-2403000.0,110182000.0,153584000.0,,,75520000.0,,,-44636000.0,,,,661000.0,,35100000.0,,,-36177000.0,,8089000.0,80051000.0,-1430000.0,30671000.0
2015-09-30,519618000.0,447403000.0,72215000.0,28326000.0,,50775000.0,21440000.0,87000.0,21203000.0,7504000.0,13699000.0,0.29,0.27,47517000.0,51352000.0,110894000.0,,297078000.0,461371000.0,18712000.0,,,898242000.0,,169149000.0,,,6147000.0,1081987000.0,263223000.0,50169000.0,,419011000.0,,,,24629000.0,443873000.0,387649000.0,-98000.0,637947000.0,1081987000.0,2753000.0,3876000.0,,-25418000.0,-404000.0,,,-37652000.0,,,20306000.0,,,,,,7662000.0,,,-7665000.0,,134000.0,2613000.0,15452000.0,5736000.0
2015-12-31,1158582000.0,980005000.0,178577000.0,58590000.0,,108011000.0,70566000.0,111000.0,69953000.0,21565000.0,48388000.0,1.02,0.94,47651000.0,51489000.0,169892000.0,,314176000.0,486531000.0,18287000.0,,,999648000.0,,173192000.0,,,8751000.0,1192638000.0,321232000.0,56170000.0,,480052000.0,,,,34438000.0,514490000.0,422338000.0,-96000.0,677988000.0,1192638000.0,5953000.0,7882000.0,,-7613000.0,26818000.0,,,20738000.0,,,86922000.0,,,,0.0,,15235000.0,,,-15639000.0,,355000.0,3286000.0,74450000.0,19636000.0
2016-03-31,1691303000.0,1433574000.0,257729000.0,89846000.0,,162718000.0,95011000.0,131000.0,94001000.0,28951000.0,65050000.0,1.36,1.26,48047000.0,52238000.0,176406000.0,,285705000.0,479276000.0,17895000.0,,,983611000.0,,179622000.0,,,8158000.0,1181113000.0,277279000.0,54132000.0,,434497000.0,,,,37615000.0,472112000.0,439000000.0,-92000.0,708828000.0,1181113000.0,9538000.0,11768000.0,,-35875000.0,21809000.0,,,-23176000.0,,,92826000.0,,,,0.0,,25120000.0,,,-26138000.0,,2506000.0,13161000.0,80964000.0,34562000.0
2016-06-30,2215573000.0,1884048000.0,331525000.0,123994000.0,,224675000.0,106850000.0,171000.0,105427000.0,33406000.0,72021000.0,1.5,1.39,47917000.0,51836000.0,180964000.0,,288941000.0,448980000.0,28460000.0,,,938002000.0,,187949000.0,,,8546000.0,1165600000.0,249239000.0,55618000.0,13418000.0,363618000.0,,,,40603000.0,444221000.0,445971000.0,-85000.0,721195000.0,1165600000.0,13282000.0,16131000.0,-7947000.0,-32375000.0,-5200000.0,,,-54301000.0,,,107509000.0,,,,0.0,,34108000.0,,,-35128000.0,,2855000.0,13145000.0,85522000.0,36951000.0
2016-09-30,528968000.0,448904000.0,80064000.0,33191000.0,,59862000.0,20202000.0,29000.0,19901000.0,6369000.0,13532000.0,0.28,0.26,48165000.0,51120000.0,146696000.0,,328267000.0,499987000.0,,,,989371000.0,,190848000.0,,,8053000.0,1220581000.0,287638000.0,60843000.0,16462000.0,415493000.0,,,,44661000.0,497366000.0,459503000.0,-76000.0,723026000.0,1220581000.0,3802000.0,4504000.0,,39399000.0,54900000.0,,,43362000.0,,,-11043000.0,,,,,,11646000.0,,,-11530000.0,,302000.0,-12034000.0,-34268000.0,1212000.0
2016-12-31,1180922000.0,1007480000.0,173442000.0,67224000.0,,121477000.0,51965000.0,74000.0,51212000.0,15684000.0,35528000.0,0.74,0.69,48144000.0,51521000.0,128752000.0,,366885000.0,599269000.0,,,,1113808000.0,,193670000.0,,,7480000.0,1349856000.0,341940000.0,74331000.0,20205000.0,509762000.0,,,,53001000.0,597495000.0,481499000.0,-83000.0,752200000.0,1349856000.0,7711000.0,9213000.0,,78300000.0,156680000.0,,,96774000.0,,,-54870000.0,,,,,,17372000.0,,,-17659000.0,,745000.0,20848000.0,-52212000.0,20004000.0
2017-03-31,1812046000.0,1550278000.0,261768000.0,103094000.0,,187388000.0,74380000.0,-51000.0,73018000.0,20824000.0,52194000.0,1.08,1.01,48445000.0,51918000.0,107779000.0,,391334000.0,642314000.0,,,,1156707000.0,,195553000.0,,,14040000.0,1404456000.0,348733000.0,70893000.0,24038000.0,534532000.0,,,,60647000.0,627430000.0,498165000.0,-70000.0,776860000.0,1404456000.0,11768000.0,14046000.0,,103004000.0,201496000.0,,,103767000.0,,,-90272000.0,,,,,,23270000.0,,,-23556000.0,,1893000.0,40463000.0,-73185000.0,24958000.0
2017-06-30,2484929000.0,2134971000.0,349958000.0,143992000.0,,255083000.0,94875000.0,-1287000.0,91288000.0,24434000.0,66854000.0,1.38,1.29,48383000.0,51679000.0,110606000.0,,324004000.0,736668000.0,39119000.0,,1911000.0,1261166000.0,,195576000.0,,,10577000.0,1515130000.0,396895000.0,112824000.0,32957000.0,672530000.0,,,,68754000.0,741284000.0,485973000.0,-77000.0,773676000.0,1515130000.0,16357000.0,19665000.0,-6295000.0,149455000.0,235590000.0,,,135320000.0,,,-96188000.0,,,,0.0,,29365000.0,,,-29705000.0,,2310000.0,57724000.0,-68214000.0,30809000.0
2018-09-30,971118000.0,847879000.0,123239000.0,42994000.0,,94746000.0,28493000.0,169000.0,26284000.0,5523000.0,19342000.0,0.39,0.37,49704000.0,52218000.0,105761000.0,,451409000.0,820973000.0,,,7230000.0,1495690000.0,1571000.0,198158000.0,,,13259000.0,1739125000.0,466011000.0,112604000.0,70036000.0,738882000.0,,,,27230000.0,863833000.0,559327000.0,-66000.0,875135000.0,1739125000.0,5946000.0,5874000.0,,-33616000.0,8017000.0,,,-64724000.0,24138000.0,,37662000.0,,,,0.0,,3171000.0,,,-3171000.0,,,-37653000.0,-3234000.0,3522000.0
2018-12-31,1902627000.0,1651466000.0,251161000.0,88918000.0,,196927000.0,54234000.0,793000.0,50818000.0,10043000.0,37562000.0,0.75,0.73,49844000.0,51508000.0,109783000.0,,429574000.0,829166000.0,,,,1490633000.0,1571000.0,198252000.0,,,13195000.0,1736137000.0,459592000.0,112159000.0,78547000.0,708194000.0,,,,26490000.0,837926000.0,577547000.0,-72000.0,898054000.0,1736137000.0,12109000.0,11121000.0,,-54568000.0,20861000.0,,,-70109000.0,38169000.0,,81102000.0,,,,0.0,,9306000.0,,,-9306000.0,,,-69324000.0,,18388000.0
2019-03-31,2646126000.0,2282638000.0,363488000.0,133718000.0,,296395000.0,67093000.0,707000.0,62320000.0,10540000.0,48208000.0,0.97,0.94,49988000.0,51558000.0,169735000.0,,327366000.0,761113000.0,,,,1356071000.0,,203442000.0,,,12593000.0,1607252000.0,331983000.0,112951000.0,87746000.0,564069000.0,,,,24441000.0,694094000.0,588193000.0,-12000.0,912998000.0,1607252000.0,18185000.0,16081000.0,,-155232000.0,-36750000.0,,,-201624000.0,49710000.0,,180700000.0,,,,0.0,,15781000.0,,,-15781000.0,,,-95943000.0,68888000.0,21657000.0
2019-06-30,3500360000.0,3004838000.0,495522000.0,179907000.0,,398289000.0,97233000.0,-1020000.0,89523000.0,14884000.0,71918000.0,1.44,1.39,49917000.0,51716000.0,248164000.0,,393624000.0,670188000.0,41126000.0,,4429000.0,1421771000.0,1571000.0,207337000.0,,,10659000.0,1682594000.0,360470000.0,114678000.0,94153000.0,605969000.0,,,,26183000.0,741418000.0,611903000.0,-80000.0,941015000.0,1682594000.0,24202000.0,21184000.0,-16872000.0,-85027000.0,-119314000.0,,,-173410000.0,59800000.0,,262554000.0,,,,0.0,,24849000.0,,,-24849000.0,,0.0,-95828000.0,141758000.0,23604000.0
2019-09-30,799804000.0,668875000.0,130929000.0,49572000.0,,98064000.0,32865000.0,1589000.0,33902000.0,8600000.0,26345000.0,0.52,0.51,50274000.0,51704000.0,239300000.0,,356230000.0,685231000.0,,,,1420331000.0,1571000.0,212489000.0,,,24459000.0,1701273000.0,332173000.0,132292000.0,97597000.0,588412000.0,,,,36712000.0,729417000.0,638248000.0,-220000.0,971694000.0,1701273000.0,6826000.0,5054000.0,,-37340000.0,23371000.0,,,-24865000.0,-1529000.0,,5560000.0,,,,,,13325000.0,,,-13325000.0,,,-1715000.0,-9518000.0,30800000.0
2019-12-31,1670747000.0,1401414000.0,269333000.0,105144000.0,,208653000.0,60680000.0,1173000.0,60741000.0,10700000.0,50051000.0,1.0,0.97,50181000.0,52009000.0,309038000.0,,360172000.0,704430000.0,,,,1520695000.0,1571000.0,220551000.0,,,22718000.0,1807039000.0,392537000.0,137365000.0,115059000.0,671740000.0,,,,33193000.0,805486000.0,661954000.0,-135000.0,1001388000.0,1807039000.0,13889000.0,10018000.0,,-33444000.0,48460000.0,,,32415000.0,12192000.0,,87153000.0,,,,,,24089000.0,,,-23339000.0,,,-2076000.0,61913000.0,37741000.0
2020-03-31,2443155000.0,2040462000.0,402693000.0,154730000.0,,326467000.0,76226000.0,2110000.0,76706000.0,9800000.0,65858000.0,1.3,1.26,51526000.0,53693000.0,300859000.0,,333172000.0,866226000.0,,,,1648359000.0,1571000.0,230477000.0,,,35838000.0,1960236000.0,462808000.0,177148000.0,109730000.0,784823000.0,,,,41266000.0,921841000.0,677761000.0,-166000.0,1038229000.0,1960236000.0,20972000.0,14823000.0,,-58935000.0,214131000.0,,,103880000.0,2063000.0,,65716000.0,,,,,,34886000.0,,,-34136000.0,,,25381000.0,57124000.0,42516000.0
2020-06-30,3339281000.0,2813071000.0,526210000.0,221478000.0,,440556000.0,85654000.0,1410000.0,84828000.0,2922000.0,84308000.0,1.65,1.6,50987000.0,52838000.0,210533000.0,,403745000.0,851498000.0,54900000.0,,6317000.0,1592761000.0,1571000.0,233785000.0,,,34499000.0,1918646000.0,417673000.0,155401000.0,106157000.0,707635000.0,,,,41995000.0,852939000.0,696211000.0,-152000.0,1065540000.0,1918646000.0,28472000.0,20189000.0,-13772000.0,7023000.0,199683000.0,,,59889000.0,350000.0,,-30334000.0,,,0.0,,,44338000.0,,,-43588000.0,,,23796000.0,-49750000.0,43317000.0
2020-09-30,762250000.0,632335000.0,129915000.0,54798000.0,,99469000.0,30446000.0,-841000.0,28931000.0,3700000.0,26601000.0,0.51,0.49,52329000.0,54426000.0,300089000.0,,322845000.0,773856000.0,,,,1479521000.0,1571000.0,241852000.0,,,35173000.0,1816693000.0,333359000.0,121710000.0,104247000.0,589688000.0,,,,44707000.0,743951000.0,722812000.0,95000.0,1072573000.0,1816693000.0,7517000.0,7170000.0,,-81035000.0,-78544000.0,,,-85704000.0,-1900000.0,,120555000.0,,,,,,11851000.0,,,-11851000.0,,,-19327000.0,89562000.0,1204000.0
2020-12-31,1592556000.0,1326546000.0,266010000.0,107527000.0,,198199000.0,67811000.0,-3380000.0,63188000.0,8800000.0,54275000.0,1.05,1.0,51914000.0,54005000.0,315610000.0,,323021000.0,807431000.0,,,,1544273000.0,1571000.0,255406000.0,,,34750000.0,1894072000.0,396288000.0,141698000.0,99509000.0,672971000.0,,,,40908000.0,829852000.0,653129000.0,396000.0,1064047000.0,1894072000.0,14427000.0,13623000.0,,-81156000.0,-42327000.0,,,-25296000.0,-8800000.0,,183802000.0,,,,,,25551000.0,,,-25551000.0,,,-53697000.0,105094000.0,-698000.0
2021-03-31,2488437000.0,2099410000.0,389027000.0,165439000.0,,304161000.0,84866000.0,2017000.0,81653000.0,8541000.0,72703000.0,1.41,1.35,51465000.0,53747000.0,177894000.0,,407365000.0,903903000.0,,,,1639650000.0,1571000.0,265566000.0,,,32363000.0,1998840000.0,465012000.0,153742000.0,96123000.0,781996000.0,,,,41109000.0,944892000.0,627929000.0,362000.0,1053780000.0,1998840000.0,21304000.0,21117000.0,,3036000.0,57249000.0,,,45301000.0,-13700000.0,,59392000.0,,,,,,44627000.0,,,-44627000.0,,,-48445000.0,-33318000.0,2213000.0
2021-06-30,3557422000.0,3022884000.0,534538000.0,224369000.0,,410591000.0,123947000.0,-2834000.0,118628000.0,6936000.0,111865000.0,2.19,2.09,51157000.0,53507000.0,232266000.0,,463834000.0,1040964000.0,63300000.0,,6116000.0,1867259000.0,1556000.0,274713000.0,,,32126000.0,2241964000.0,612336000.0,178850000.0,101479000.0,968896000.0,,,,41132000.0,1145566000.0,657760000.0,453000.0,1096225000.0,2241964000.0,28185000.0,28549000.0,-8390000.0,59325000.0,196271000.0,,,189309000.0,-1500000.0,,122955000.0,,,,,,58016000.0,,,-58016000.0,,,-44440000.0,21059000.0,2914000.0
2021-09-30,1032730000.0,894591000.0,138139000.0,65143000.0,,109011000.0,29128000.0,50000.0,28374000.0,3325000.0,25437000.0,0.5,0.48,50796000.0,52916000.0,270047000.0,,458076000.0,1184573000.0,,,,2036955000.0,1556000.0,284148000.0,,,37160000.0,2426693000.0,564628000.0,175221000.0,113683000.0,1101479000.0,,,,45533000.0,1293895000.0,683197000.0,449000.0,1132622000.0,2426693000.0,7548000.0,7015000.0,,-5859000.0,147087000.0,,,-54343000.0,13100000.0,,-134571000.0,,,,,,10802000.0,,,-11902000.0,,,184262000.0,37778000.0,2732000.0
2021-12-31,2205149000.0,1903267000.0,301882000.0,130614000.0,,221705000.0,80177000.0,-607000.0,77666000.0,10924000.0,67369000.0,1.32,1.27,51314000.0,53511000.0,247407000.0,,497431000.0,1393672000.0,,,,2293288000.0,1556000.0,280282000.0,,,36736000.0,2676602000.0,695180000.0,171010000.0,142021000.0,1199579000.0,,,,40615000.0,1489757000.0,725129000.0,549000.0,1186668000.0,2676602000.0,15681000.0,16191000.0,,33491000.0,356399000.0,,,83188000.0,50200000.0,,-187722000.0,,,,,,23206000.0,,,-24306000.0,,,227173000.0,15136000.0,7270000.0
2022-03-31,3560639000.0,3047982000.0,512657000.0,201483000.0,,342703000.0,169954000.0,4663000.0,170575000.0,27116000.0,144341000.0,2.82,2.7,51708000.0,53786000.0,247424000.0,,679785000.0,1588542000.0,,,,2678715000.0,1556000.0,282319000.0,,,38847000.0,3071177000.0,779561000.0,181448000.0,114688000.0,1496155000.0,,,,41617000.0,1797258000.0,802101000.0,554000.0,1273743000.0,3071177000.0,24049000.0,23932000.0,,216464000.0,561453000.0,,,173031000.0,27400000.0,,-415658000.0,,,,,,34157000.0,,,-35257000.0,,,466365000.0,15146000.0,11623000.0
2022-06-30,5196099000.0,4396098000.0,800001000.0,272273000.0,,464834000.0,335167000.0,8079000.0,336833000.0,52876000.0,285163000.0,5.54,5.32,51478000.0,53615000.0,267397000.0,,834513000.0,1545606000.0,69929000.0,,6948000.0,2806315000.0,1590000.0,285972000.0,,,37532000.0,3205077000.0,655403000.0,212419000.0,111313000.0,1470024000.0,,,,39140000.0,1779330000.0,942923000.0,911000.0,1425575000.0,3205077000.0,32471000.0,32816000.0,-6657000.0,371598000.0,519732000.0,,,50145000.0,31544000.0,,-440801000.0,,,,,,45182000.0,,,-46282000.0,,,522871000.0,35110000.0,19690000.0
2022-09-30,1852130000.0,1504595000.0,347535000.0,74243000.0,,127412000.0,220123000.0,8054000.0,224239000.0,38934000.0,184416000.0,3.51,3.35,52598000.0,55017000.0,238268000.0,,736312000.0,1736055000.0,,,,2879880000.0,1590000.0,290752000.0,,,37144000.0,3301283000.0,785025000.0,213521000.0,185225000.0,1353355000.0,,,,39549000.0,1676080000.0,1127339000.0,514000.0,1625036000.0,3301283000.0,8547000.0,11014000.0,,-94855000.0,200074000.0,,,132302000.0,86000000.0,,313587000.0,,,,,,10746000.0,,,-10746000.0,,,-331183000.0,-29813000.0,27274000.0
2022-12-31,3655325000.0,2970368000.0,684957000.0,144943000.0,,249652000.0,435305000.0,-6335000.0,431330000.0,68507000.0,360583000.0,6.84,6.51,53160000.0,56144000.0,304595000.0,,768167000.0,1421817000.0,,,,2649503000.0,1590000.0,289255000.0,,,37246000.0,3074942000.0,559962000.0,169866000.0,120530000.0,916940000.0,,,,37313000.0,1256100000.0,1303506000.0,612000.0,1818677000.0,3074942000.0,17196000.0,27995000.0,,-68035000.0,-98366000.0,,,-90908000.0,46200000.0,,474674000.0,,,,,,20631000.0,,,-20631000.0,,,-415821000.0,36529000.0,96156000.0
2023-03-31,4938621000.0,4027305000.0,911316000.0,222458000.0,,376929000.0,534387000.0,1641000.0,529046000.0,79400000.0,446429000.0,8.42,8.0,53280000.0,56233000.0,362801000.0,,672055000.0,1540419000.0,,,,2715175000.0,1590000.0,290038000.0,,,38833000.0,3192604000.0,641839000.0,155224000.0,148747000.0,1092380000.0,,,,37240000.0,1424031000.0,1239445000.0,683000.0,1768407000.0,3192604000.0,25932000.0,41647000.0,,-165894000.0,26254000.0,,,-9120000.0,76100000.0,,672919000.0,,,,,,28618000.0,,,-28618000.0,,,-547291000.0,94741000.0,107054000.0
2023-06-30,7123482000.0,5840470000.0,1283012000.0,307260000.0,,521870000.0,761142000.0,3646000.0,754297000.0,110666000.0,639998000.0,12.09,11.43,52925000.0,55970000.0,440459000.0,,1148259000.0,1445564000.0,162700000.0,,,3179426000.0,,290240000.0,,,42409000.0,3674729000.0,776831000.0,163865000.0,134667000.0,1374652000.0,,,,37947000.0,1702559000.0,1433014000.0,639000.0,1972005000.0,3674729000.0,34904000.0,54433000.0,-92710000.0,311897000.0,-100042000.0,,,127135000.0,70600000.0,,663580000.0,,,,,2193000.0,36793000.0,,,-39486000.0,,,-448293000.0,172401000.0,114963000.0
2023-09-30,2119672000.0,1765981000.0,353691000.0,111027000.0,,181181000.0,172510000.0,6613000.0,177260000.0,20215000.0,156995000.0,2.96,2.75,53093000.0,57185000.0,543156000.0,,845729000.0,2052805000.0,,,,3570834000.0,,291669000.0,,,47786000.0,4095964000.0,1084058000.0,152500000.0,166025000.0,1604821000.0,,,,45737000.0,1930425000.0,1590009000.0,651000.0,2165378000.0,4095964000.0,9155000.0,57379000.0,,-302501000.0,607241000.0,,,302973000.0,36100000.0,,270465000.0,,,,,,2631000.0,,,-7631000.0,,,-159941000.0,102690000.0,8999000.0
2023-12-31,5784596000.0,4866583000.0,918013000.0,219851000.0,,374039000.0,543974000.0,-7886000.0,532707000.0,81718000.0,452963000.0,8.45,7.86,54135000.0,58078000.0,725660000.0,,1502971000.0,2466997000.0,,,,4842355000.0,,297102000.0,,,47269000.0,5405000000.0,1261533000.0,214462000.0,193334000.0,1992089000.0,,,,46173000.0,2327926000.0,1885977000.0,657000.0,3076910000.0,5405000000.0,18775000.0,100440000.0,,354685000.0,1021433000.0,,,479613000.0,79228000.0,,-324620000.0,,,,,,17351000.0,,,-22535000.0,,,632194000.0,285209000.0,217788000.0
2024-03-31,9634662000.0,8119281000.0,1515381000.0,336077000.0,,593093000.0,922288000.0,10035000.0,914810000.0,61735000.0,855422000.0,15.68,14.53,56478000.0,61431000.0,2115476000.0,,1650153000.0,4124587000.0,,,,8063932000.0,,385566000.0,,,83035000.0,8862781000.0,1092445000.0,290370000.0,233293000.0,1717695000.0,,,,65831000.0,3768625000.0,2288436000.0,549000.0,5093993000.0,8862781000.0,29174000.0,156547000.0,,507870000.0,2679023000.0,,,309613000.0,132043000.0,,-1844158000.0,,,,,,110296000.0,,,-131969000.0,,,3652783000.0,1675022000.0,300596000.0
,,,,,,,,,,,,,,,,,,,,,,,,,,,,,,,,,,,,,,,,,,,,,,,,,,,,,,,,,,,,,,,,,,,
,,,,,,,,,,,,,,,,,,,,,,,,,,,,,,,,,,,,,,,,,,,,,,,,,,,,,,,,,,,,,,,,,,,
,,,,,,,,,,,,,,,,,,,,,,,,,,,,,,,,,,,,,,,,,,,,,,,,,,,,,,,,,,,,,,,,,,,
,,,,,,,,,,,,,,,,,,,,,,,,,,,,,,,,,,,,,,,,,,,,,,,,,,,,,,,,,,,,,,,,,,,
,,,,,,,,,,,,,,,,,,,,,,,,,,,,,,,,,,,,,,,,,,,,,,,,,,,,,,,,,,,,,,,,,,,
,,,,,,,,,,,,,,,,,,,,,,,,,,,,,,,,,,,,,,,,,,,,,,,,,,,,,,,,,,,,,,,,,,,
,,,,,,,,,,,,,,,,,,,,,,,,,,,,,,,,,,,,,,,,,,,,,,,,,,,,,,,,,,,,,,,,,,,
