Date,Net sales,Cost of sales,Gross margin,Research and development,"Selling, general and administrative",Total operating expenses,Operating income,"Other income/(expense), net",Income before provision for income taxes,Provision for income taxes,Net income,Earnings per share basic,Earnings per share diluted,Weighted-average basic,Weighted-average diluted,Cash and cash equivalents,Short-term marketable securities,"Accounts receivable, net",Inventories,Deferred tax assets,Vendor non-trade receivables,Other current assets,Total current assets,Long-term marketable securities,"Property, Plant and Equipment, Net",Goodwill,"Acquired intangible assets, net","Other Assets, Noncurrent",Total assets,accounts payable,Accrued expenses,Deferred revenue,Total current liabilities,Deferred revenue - non-current,deferred tax liabilities,long term taxes payable,Total other non-current liabilities,Total liabilities,Retained Earnings (Accumulated Deficit),Accumulated other comprehensive (loss)/income,Total shareholders equity,Total liabilities and shareholders' equity,"Depreciation, amortization and accretion",Stock-based compensation expense,Deferred income tax expense,"Increase (Decrease) in Accounts receivable, net",Increase (Decrease) in Inventories,Increase (Decrease) in Other Receivables,Increase (Decrease) in Other Operating Assets,Increase (Decrease) in Accounts Payable,Increase (Decrease) in Deferred Revenue,Increase (Decrease) Other liabilities,Cash generated by operating activities,Purchases of marketable securities,Proceeds from maturities of marketable securities,Proceeds from sales of marketable securities,Purchases of other long-term investments,"Business acquisitions, net of cash acquired",Cash payments for capital asset purchases,Payments for acquisition of intangible assets,Payments for (Proceeds from) Other Investing Activities,Cash used in investing activities,Proceeds from issuance of common stock,Excess tax benefits from stock-based compensation,Cash generated/used in financing activities,Increase/(decrease) in cash and cash equivalents,"Cash paid for income taxes, net"
2010-07-03,1269200000.0,677800000.0,591400000.0,,,440700000.0,150700000.0,,123000000.0,39300000.0,82100000.0,1.42,1.41,58000000.0,58300000.0,430800000.0,,407500000.0,296500000.0,74200000.0,,,1486100000.0,,324200000.0,773100000.0,195000000.0,73000000.0,3313300000.0,128500000.0,41000000.0,,646400000.0,,87900000.0,,83800000.0,2049000000.0,1576000000.0,-170500000.0,1248700000.0,3313300000.0,,6000000.0,-17000000.0,,-36200000.0,-24800000.0,,14200000.0,,,65900000.0,,,,,7700000.0,,,,-156200000.0,,200000.0,-176700000.0,-268600000.0,52700000.0
2010-10-02,1922300000.0,1029700000.0,892600000.0,,,663100000.0,234500000.0,,194000000.0,63100000.0,128600000.0,2.22,2.2,58100000.0,58400000.0,359900000.0,,435000000.0,324800000.0,78800000.0,,,1531900000.0,,329300000.0,808700000.0,197000000.0,77900000.0,3457800000.0,127800000.0,42800000.0,,847400000.0,,85700000.0,,82800000.0,2060900000.0,1604900000.0,-71700000.0,1381300000.0,3457800000.0,,10300000.0,-24700000.0,,-49000000.0,-44300000.0,,8300000.0,,,76100000.0,,,,,7700000.0,,,0.0,-226100000.0,,600000.0,-189800000.0,-339500000.0,93600000.0
2011-01-01,2619200000.0,1408100000.0,1211100000.0,,,894100000.0,331400000.0,,277400000.0,87600000.0,186500000.0,3.22,3.19,58000000.0,58400000.0,572200000.0,,443300000.0,329400000.0,87000000.0,,,1765500000.0,,344000000.0,798400000.0,192800000.0,72200000.0,3729400000.0,146100000.0,45000000.0,,881100000.0,,94400000.0,,89000000.0,2325000000.0,1644100000.0,-104800000.0,1388500000.0,3729400000.0,,14900000.0,-18000000.0,,55200000.0,60100000.0,,26200000.0,,,140400000.0,,,,,7700000.0,,,-300000.0,-303000000.0,,1500000.0,34800000.0,-127200000.0,118300000.0
2011-04-02,693700000.0,363100000.0,330600000.0,,,243300000.0,99800000.0,,84300000.0,27200000.0,56200000.0,0.97,0.96,58200000.0,58700000.0,517300000.0,,457600000.0,368600000.0,83500000.0,,,1803300000.0,,352600000.0,822800000.0,194000000.0,73300000.0,3840000000.0,141500000.0,48700000.0,,874900000.0,,96600000.0,,92100000.0,2334400000.0,1681400000.0,-40400000.0,1489700000.0,3840000000.0,,5900000.0,3600000.0,,29300000.0,7500000.0,,-6300000.0,,,27900000.0,,,,,,,,,-59800000.0,,1300000.0,-23900000.0,-54900000.0,8700000.0
2011-07-02,1420400000.0,747600000.0,672800000.0,,,486700000.0,234100000.0,,203200000.0,67000000.0,134200000.0,2.31,2.29,58186198.0,58779788.0,418200000.0,,452200000.0,392200000.0,90800000.0,,,1735900000.0,,357200000.0,827200000.0,193000000.0,77400000.0,3826500000.0,139000000.0,44400000.0,,771000000.0,,97900000.0,,93000000.0,2243600000.0,1740800000.0,-26100000.0,1566600000.0,3826500000.0,,12200000.0,-4400000.0,,49800000.0,22000000.0,,-9800000.0,,,14200000.0,,,,,,,,-200000.0,-121300000.0,,2000000.0,-48700000.0,-154000000.0,71900000.0
2011-10-01,2117600000.0,1115500000.0,1002100000.0,,,721700000.0,349200000.0,,301500000.0,97500000.0,202000000.0,3.47,3.44,58177595.0,58724702.0,185700000.0,,449600000.0,399700000.0,94800000.0,,,1523300000.0,,353300000.0,808200000.0,189800000.0,87300000.0,3630100000.0,132000000.0,48200000.0,,569400000.0,,97600000.0,,89000000.0,2055900000.0,1789600000.0,-87000000.0,1557900000.0,3630100000.0,,12400000.0,-9200000.0,,69200000.0,43300000.0,,-14000000.0,,,56200000.0,,,,,,,,-200000.0,-170200000.0,,2200000.0,-271600000.0,-386500000.0,108800000.0
2011-12-31,,,,,,,,,,,,,,,,185600000.0,,463500000.0,386400000.0,109100000.0,,,1530700000.0,,352900000.0,795800000.0,188300000.0,83100000.0,3672900000.0,124600000.0,48800000.0,24900000.0,583800000.0,,108100000.0,,95300000.0,2125600000.0,1843700000.0,-174600000.0,1530900000.0,3672900000.0,,,,,,,,,,,,,,,,,,,,,,,,,
2012-03-31,735200000.0,387500000.0,347700000.0,,,250200000.0,121400000.0,,107100000.0,35200000.0,71000000.0,1.22,1.21,58172127.0,58772611.0,161600000.0,,463100000.0,395800000.0,83900000.0,,,1534600000.0,,360700000.0,804900000.0,188400000.0,81900000.0,3709900000.0,139000000.0,50000000.0,,565900000.0,,110600000.0,,90200000.0,2090000000.0,1894600000.0,-146100000.0,1603400000.0,3709900000.0,,8700000.0,13400000.0,,4100000.0,4200000.0,,15000000.0,,,65000000.0,,,,,,,,,-49300000.0,,2000000.0,-40500000.0,-24000000.0,6900000.0
2012-06-30,1473100000.0,775500000.0,697600000.0,,,495500000.0,251600000.0,,223500000.0,73500000.0,147400000.0,2.53,2.51,58163958.0,58813662.0,173600000.0,,455800000.0,401400000.0,86500000.0,,,1554800000.0,,361600000.0,786200000.0,186000000.0,87700000.0,3741700000.0,141400000.0,45000000.0,,596100000.0,,112000000.0,,92800000.0,2091800000.0,1950900000.0,-180800000.0,1633400000.0,3741700000.0,,16100000.0,2600000.0,,19400000.0,13500000.0,,20100000.0,,,156700000.0,,,,,,,,,-106800000.0,,2700000.0,-60600000.0,-12000000.0,-39100000.0
2012-09-29,2184700000.0,1146700000.0,1038000000.0,,,739700000.0,375700000.0,,333800000.0,108400000.0,221500000.0,3.81,3.77,58257569.0,58857636.0,176100000.0,,476900000.0,417500000.0,91300000.0,,,1623900000.0,,373300000.0,799900000.0,187500000.0,92500000.0,3871900000.0,146900000.0,47900000.0,,621600000.0,,119400000.0,,98600000.0,2115600000.0,2004800000.0,-131000000.0,1739700000.0,3871900000.0,,25000000.0,3600000.0,,27400000.0,37900000.0,,23800000.0,,,226400000.0,,,,,,,,-700000.0,-153600000.0,,5000000.0,-82100000.0,-9500000.0,-59800000.0
2012-12-29,3099200000.0,1547900000.0,1390000000.0,44800000.0,,980300000.0,516400000.0,,460200000.0,148200000.0,306100000.0,5.26,5.2,58200000.0,58900000.0,214500000.0,,497900000.0,404200000.0,64900000.0,,,1669000000.0,,375200000.0,807400000.0,187200000.0,64100000.0,3902300000.0,142500000.0,50600000.0,24800000.0,589200000.0,,127100000.0,,87500000.0,2083300000.0,2067000000.0,-124200000.0,1802100000.0,3902300000.0,76700000.0,32100000.0,29300000.0,,13400000.0,41100000.0,,16600000.0,,,329300000.0,,,,,,,,-800000.0,-173100000.0,,8200000.0,-127000000.0,28900000.0,-93600000.0
2013-03-30,785700000.0,384800000.0,356900000.0,,,249100000.0,138300000.0,,124100000.0,38800000.0,82800000.0,1.42,1.4,58278564.0,59244531.0,213600000.0,,500200000.0,401300000.0,73100000.0,,,1675800000.0,,372300000.0,800300000.0,185500000.0,57900000.0,3903200000.0,148700000.0,50700000.0,,669700000.0,,133800000.0,,85200000.0,2056800000.0,2127300000.0,-146500000.0,1829500000.0,3903200000.0,,9500000.0,14400000.0,,3100000.0,6500000.0,,9900000.0,,,75700000.0,,,,,,,,10200000.0,-46500000.0,,4000000.0,-29300000.0,-900000.0,-21600000.0
2013-06-29,1594300000.0,775700000.0,730100000.0,,,504500000.0,286700000.0,,257000000.0,81300000.0,171200000.0,2.94,2.9,58249941.0,59104427.0,174700000.0,,499900000.0,418100000.0,77000000.0,,,1686200000.0,,375100000.0,823900000.0,192200000.0,55900000.0,3961500000.0,157600000.0,44600000.0,,696100000.0,,138500000.0,,83900000.0,2065600000.0,2193200000.0,-155900000.0,1878800000.0,3961500000.0,,19500000.0,10900000.0,,18800000.0,7300000.0,,14300000.0,,,185800000.0,,,,,38200000.0,,,10500000.0,-154000000.0,,5900000.0,-69800000.0,-39800000.0,-79500000.0
2013-09-28,2392600000.0,1164600000.0,1094400000.0,,,757500000.0,429600000.0,,384700000.0,122100000.0,255800000.0,4.4,4.33,58221047.0,59069985.0,182500000.0,,521900000.0,440300000.0,88800000.0,,,1783100000.0,,384400000.0,837400000.0,192500000.0,56400000.0,4101000000.0,161800000.0,47900000.0,,725700000.0,,137900000.0,,85600000.0,2094900000.0,2255400000.0,-111100000.0,1989200000.0,4101000000.0,,28900000.0,2800000.0,,35500000.0,31400000.0,,16700000.0,,,270100000.0,,,,,38200000.0,,,9000000.0,-205900000.0,,6500000.0,-95100000.0,-32000000.0,117400000.0
2013-12-28,3237500000.0,1583600000.0,1472900000.0,48400000.0,,1012400000.0,586200000.0,,526200000.0,166700000.0,350300000.0,6.02,5.93,58200000.0,59100000.0,217600000.0,,531600000.0,434400000.0,-1500000.0,,,1796200000.0,,392500000.0,838800000.0,190500000.0,57200000.0,4110000000.0,155600000.0,48100000.0,26600000.0,715400000.0,,143800000.0,,84000000.0,1979600000.0,2324100000.0,-44800000.0,2113200000.0,4110000000.0,76700000.0,38500000.0,9500000.0,,32000000.0,33700000.0,,8400000.0,,,392600000.0,,,,,38200000.0,,,7500000.0,-250400000.0,,9800000.0,-137800000.0,3100000.0,162900000.0
2014-03-29,837700000.0,408800000.0,378700000.0,,,257000000.0,156100000.0,,142300000.0,44300000.0,95900000.0,1.65,1.62,58206213.0,59077255.0,127800000.0,,559000000.0,452600000.0,82000000.0,,,1769700000.0,,394300000.0,841800000.0,189600000.0,56600000.0,4104100000.0,160100000.0,53600000.0,,632900000.0,,145300000.0,,86300000.0,1900400000.0,2394100000.0,-36900000.0,2186700000.0,4104100000.0,,8600000.0,6800000.0,,18500000.0,5900000.0,,7000000.0,,,88300000.0,,,,,,,,2500000.0,-50900000.0,,6900000.0,-127100000.0,-89800000.0,16700000.0
2014-06-28,1715900000.0,834900000.0,779100000.0,,,519300000.0,329000000.0,,302800000.0,96200000.0,202000000.0,3.48,3.42,58167091.0,59037866.0,115800000.0,,565800000.0,467500000.0,88500000.0,,,1808800000.0,,401800000.0,870500000.0,188600000.0,57200000.0,4228300000.0,171900000.0,46600000.0,,696700000.0,,147100000.0,,87900000.0,1955500000.0,2474300000.0,-36500000.0,2255400000.0,4228300000.0,,18700000.0,-2800000.0,,28400000.0,13900000.0,,18400000.0,,,212700000.0,,,,,41600000.0,,,200000.0,-170600000.0,,9600000.0,-144200000.0,-101800000.0,87900000.0
2014-09-27,2575800000.0,1247300000.0,1173000000.0,,,782600000.0,497300000.0,,457500000.0,144600000.0,305700000.0,5.26,5.18,58148345.0,59029594.0,124700000.0,,574400000.0,484600000.0,96100000.0,,,1860200000.0,,404100000.0,828500000.0,207100000.0,53700000.0,4268500000.0,167600000.0,50700000.0,,733900000.0,,148200000.0,,84300000.0,1974000000.0,2552100000.0,-97900000.0,2277000000.0,4268500000.0,,27300000.0,-3100000.0,,57500000.0,31700000.0,,16600000.0,,,300700000.0,,,,,41300000.0,,,-900000.0,-227200000.0,,10300000.0,-165700000.0,-92900000.0,135900000.0
2015-01-03,3492600000.0,1693400000.0,1584300000.0,52400000.0,,1048700000.0,684700000.0,,630900000.0,199500000.0,421900000.0,7.26,7.14,58100000.0,59100000.0,132900000.0,,550800000.0,475500000.0,34800000.0,,,1858600000.0,,404500000.0,810700000.0,203300000.0,47300000.0,4310100000.0,145000000.0,53800000.0,34100000.0,718700000.0,,159200000.0,,83800000.0,2084800000.0,2637200000.0,-248200000.0,2207800000.0,4310100000.0,79500000.0,38100000.0,3200000.0,,61100000.0,37500000.0,,-7000000.0,,,397900000.0,,,,,41300000.0,,,-2700000.0,-273200000.0,,13900000.0,-206900000.0,-84700000.0,191200000.0
2015-04-04,885200000.0,417700000.0,410100000.0,,,272200000.0,178200000.0,,164500000.0,51800000.0,110500000.0,1.9,1.87,58132396.0,59105309.0,114400000.0,,548400000.0,482300000.0,92100000.0,,,1843300000.0,,396200000.0,778300000.0,198800000.0,46100000.0,4262400000.0,162000000.0,54700000.0,,726500000.0,,158700000.0,,86800000.0,2074100000.0,2716600000.0,-339200000.0,2170600000.0,4262400000.0,,11500000.0,10700000.0,,24000000.0,3300000.0,,24900000.0,,,78100000.0,,,,,,,,2800000.0,-59500000.0,,11000000.0,-35300000.0,-18500000.0,20700000.0
2015-07-04,1795700000.0,850500000.0,829100000.0,,,540400000.0,370400000.0,,343100000.0,108000000.0,230500000.0,3.97,3.9,58123538.0,59106444.0,124600000.0,,558000000.0,499200000.0,96700000.0,,,1897900000.0,,411200000.0,787800000.0,198000000.0,45900000.0,4390700000.0,166100000.0,45100000.0,,739800000.0,,160400000.0,,88000000.0,2074500000.0,2805500000.0,-302000000.0,2298500000.0,4390700000.0,,23100000.0,3100000.0,,35800000.0,9700000.0,,27800000.0,,,238400000.0,,,,,,,,2800000.0,-144900000.0,,14000000.0,-100200000.0,-8300000.0,66400000.0
2015-10-03,2678300000.0,1265100000.0,1236000000.0,,,803700000.0,557500000.0,,516700000.0,161900000.0,347300000.0,5.98,5.88,58110620.0,59098485.0,119200000.0,,571200000.0,527700000.0,102200000.0,,,1952900000.0,,413200000.0,798700000.0,195400000.0,47200000.0,4491400000.0,178100000.0,48700000.0,,785500000.0,,161000000.0,,86900000.0,2112600000.0,2891200000.0,-322200000.0,2361000000.0,4491400000.0,,29800000.0,-6200000.0,,67100000.0,31500000.0,,35600000.0,,,352100000.0,,,,,13100000.0,,,2300000.0,-231800000.0,,14900000.0,-131100000.0,-13700000.0,124200000.0
2016-01-02,3593100000.0,1704500000.0,1648300000.0,49300000.0,,1053700000.0,764800000.0,,710500000.0,221200000.0,478700000.0,8.24,8.1,58100000.0,59100000.0,92800000.0,,562500000.0,497800000.0,46100000.0,,,1898700000.0,,413500000.0,790100000.0,195000000.0,44000000.0,4486900000.0,148300000.0,52100000.0,40700000.0,670500000.0,,169800000.0,,88500000.0,2056200000.0,2986900000.0,-364200000.0,2412700000.0,4486900000.0,82500000.0,39800000.0,-5100000.0,,43300000.0,34600000.0,,4700000.0,,,496500000.0,,,,,11800000.0,,,-1700000.0,-306400000.0,,18300000.0,-226000000.0,-40100000.0,191900000.0
2016-04-02,900500000.0,418900000.0,415300000.0,,,259900000.0,202400000.0,,188600000.0,57600000.0,128300000.0,2.21,2.16,58112510.0,59452274.0,106300000.0,,570000000.0,511600000.0,,,,1841500000.0,,417400000.0,797100000.0,192900000.0,48800000.0,4436400000.0,161700000.0,54000000.0,,837200000.0,,14500000.0,,91100000.0,1901300000.0,3079600000.0,-340100000.0,2517100000.0,4436400000.0,,5800000.0,9400000.0,,9900000.0,-300000.0,,15000000.0,,,141600000.0,,,,,,,,3500000.0,-79600000.0,,,-49300000.0,13500000.0,17700000.0
2016-07-02,1842100000.0,859900000.0,846600000.0,,,524800000.0,418300000.0,,392800000.0,119800000.0,268400000.0,4.62,4.52,58108014.0,59421630.0,119900000.0,,565900000.0,507100000.0,,,,1852400000.0,,418500000.0,788200000.0,189200000.0,50400000.0,4505100000.0,169100000.0,44900000.0,,853100000.0,,13500000.0,,92400000.0,1903500000.0,3183900000.0,-369800000.0,2583600000.0,4505100000.0,,14200000.0,-5700000.0,,12000000.0,5500000.0,,24100000.0,,,303700000.0,,,,,,,,2500000.0,-174900000.0,,,-101900000.0,27100000.0,106500000.0
2016-10-01,2747800000.0,1274900000.0,1265700000.0,,,786300000.0,626500000.0,,587100000.0,179400000.0,400100000.0,6.89,6.74,58076627.0,59369392.0,117500000.0,,589100000.0,523600000.0,,,,1908700000.0,,419200000.0,788300000.0,185500000.0,48600000.0,4600100000.0,172600000.0,49700000.0,,878600000.0,,13400000.0,,91100000.0,1911500000.0,3280000000.0,-372900000.0,2670600000.0,4600100000.0,,21500000.0,-12500000.0,,29900000.0,30800000.0,,27700000.0,,,415600000.0,,,,,,,,-300000.0,-244100000.0,,,-146800000.0,24700000.0,175700000.0
2016-12-31,,,,,,,,,,,,,,,,77600000.0,,598800000.0,530500000.0,59700000.0,,,1884000000.0,,425200000.0,895500000.0,184600000.0,39900000.0,4723200000.0,170900000.0,52800000.0,43000000.0,989500000.0,,13100000.0,,93400000.0,2088000000.0,3384900000.0,-498500000.0,2617200000.0,4723200000.0,,,,,,,,,,,,,,,,,,,,,,,,,
2017-04-01,963900000.0,439100000.0,448000000.0,,,278500000.0,222000000.0,,207600000.0,62600000.0,141600000.0,2.45,2.39,57900000.0,59300000.0,123000000.0,,608100000.0,556800000.0,,,,1974100000.0,,437500000.0,859800000.0,240400000.0,39100000.0,4877800000.0,189900000.0,52500000.0,,971500000.0,,24400000.0,,94100000.0,2112000000.0,3485200000.0,-450400000.0,2747700000.0,4877800000.0,,7400000.0,7400000.0,,17300000.0,2100000.0,,20300000.0,,,192400000.0,,,,,9500000.0,,,1400000.0,-81700000.0,,,-66600000.0,45400000.0,14000000.0
2017-07-01,1963000000.0,897500000.0,911000000.0,,,557800000.0,460300000.0,,431000000.0,129900000.0,294800000.0,5.09,4.98,57900000.0,59200000.0,89000000.0,,645300000.0,601400000.0,,,,2034100000.0,,463400000.0,899200000.0,256300000.0,44300000.0,5067100000.0,202300000.0,43700000.0,,1073800000.0,,21900000.0,,93800000.0,2194100000.0,3597000000.0,-397000000.0,2854900000.0,5067100000.0,,14400000.0,3100000.0,,48300000.0,5600000.0,,27700000.0,,,319500000.0,,,,,80200000.0,,,700000.0,-220300000.0,,,-90000000.0,11400000.0,99800000.0
2017-09-30,2945800000.0,1352700000.0,1359600000.0,,,853300000.0,669400000.0,,624900000.0,187100000.0,428200000.0,7.43,7.27,57600000.0,58900000.0,94100000.0,,675200000.0,649900000.0,,,,2145900000.0,,474200000.0,924000000.0,258300000.0,43600000.0,5256200000.0,204700000.0,47800000.0,,1222800000.0,,28500000.0,,93800000.0,2316200000.0,3689500000.0,-341800000.0,2921800000.0,5256200000.0,,21400000.0,-10100000.0,,86900000.0,31800000.0,,26500000.0,,,415000000.0,,,,,82900000.0,,,2500000.0,-282400000.0,,,-119500000.0,16500000.0,168300000.0
2017-12-30,4000300000.0,1862000000.0,1824900000.0,60900000.0,,1160900000.0,881500000.0,,821900000.0,250900000.0,557700000.0,9.72,9.52,57400000.0,58600000.0,92000000.0,,675600000.0,638800000.0,23600000.0,,,2119300000.0,,484400000.0,924100000.0,253700000.0,53800000.0,5249100000.0,178200000.0,55800000.0,38900000.0,1193300000.0,,28400000.0,,106600000.0,2276800000.0,3772300000.0,-329000000.0,2953900000.0,5249100000.0,93200000.0,30300000.0,12300000.0,,76000000.0,41800000.0,,-2200000.0,,,608500000.0,,,,,82900000.0,,,-1300000.0,-341400000.0,,,-256100000.0,14400000.0,228100000.0
2018-03-31,935500000.0,463900000.0,471600000.0,,,293900000.0,234600000.0,,223800000.0,57600000.0,163000000.0,2.87,2.82,56700000.0,57800000.0,97500000.0,,680800000.0,678800000.0,,,,2168400000.0,,489700000.0,941400000.0,251700000.0,52300000.0,5317600000.0,188200000.0,53800000.0,,951600000.0,,31700000.0,,103900000.0,2215300000.0,3886700000.0,-285400000.0,3083900000.0,5317600000.0,,6700000.0,400000.0,,10200000.0,-2200000.0,,9500000.0,,,231900000.0,,,,,3000000.0,,,0.0,-37100000.0,,,-190500000.0,5500000.0,11400000.0
2018-06-30,1890100000.0,931400000.0,958700000.0,,,587900000.0,485500000.0,,462100000.0,113400000.0,341700000.0,6.04,5.93,56600000.0,57600000.0,112300000.0,,667100000.0,668300000.0,,,,2155400000.0,,479400000.0,911000000.0,240900000.0,49700000.0,5272000000.0,198500000.0,44600000.0,,927000000.0,,,,108500000.0,2160400000.0,4018900000.0,-377300000.0,3093200000.0,5272000000.0,,14600000.0,-4100000.0,,24500000.0,4500000.0,,25400000.0,,,418800000.0,,,,,3000000.0,,,2900000.0,-100800000.0,,,-295800000.0,20300000.0,97400000.0
2018-09-29,2772300000.0,,,,,,717900000.0,,681100000.0,164900000.0,504900000.0,8.95,8.78,56400000.0,57500000.0,122200000.0,,678700000.0,690600000.0,,,,2214600000.0,,491000000.0,913900000.0,237800000.0,49100000.0,5354800000.0,197600000.0,49800000.0,,956800000.0,,,,115300000.0,2170700000.0,4135800000.0,-369700000.0,3164400000.0,5354800000.0,,22600000.0,-6900000.0,,49300000.0,27900000.0,,25200000.0,,,548600000.0,,,,,3000000.0,,,-1300000.0,-149400000.0,,,-367100000.0,30200000.0,148100000.0
2018-12-29,3719600000.0,,,61200000.0,,,956100000.0,,909900000.0,214400000.0,679900000.0,12.08,11.87,56300000.0,57300000.0,140900000.0,,692600000.0,673800000.0,23300000.0,,,2216900000.0,,495100000.0,902200000.0,232900000.0,42000000.0,5373100000.0,201100000.0,52000000.0,47300000.0,952000000.0,,,,112000000.0,2254500000.0,4257600000.0,-462200000.0,3098800000.0,5373100000.0,94100000.0,27200000.0,13700000.0,,38600000.0,30900000.0,,27500000.0,,,764500000.0,,,,,3000000.0,,,-900000.0,-210200000.0,,,-502200000.0,48900000.0,188000000.0
2019-03-30,916400000.0,,,,,,249500000.0,,238500000.0,56900000.0,177900000.0,3.21,3.16,55500000.0,56300000.0,156400000.0,,675300000.0,707000000.0,,,,2265300000.0,,497000000.0,900900000.0,230500000.0,48300000.0,5490900000.0,200400000.0,53800000.0,,936000000.0,,,,111000000.0,2273100000.0,4428400000.0,-496400000.0,3197600000.0,5490900000.0,,7300000.0,5400000.0,,33200000.0,-6100000.0,,1800000.0,,,201300000.0,,,,,1300000.0,,,-1200000.0,-38700000.0,,,-147600000.0,15500000.0,18400000.0
2019-06-29,1862200000.0,,,,,,500000000.0,,478700000.0,112500000.0,358300000.0,6.47,6.38,55400000.0,56200000.0,164000000.0,,684100000.0,725800000.0,,,,2306600000.0,,506400000.0,907000000.0,227900000.0,51700000.0,5545400000.0,215300000.0,42400000.0,,930800000.0,,,,109800000.0,2236700000.0,4556100000.0,-500700000.0,3288100000.0,5545400000.0,,14100000.0,12400000.0,,52800000.0,-3000000.0,,16600000.0,,,346800000.0,,,,,9300000.0,,,-800000.0,-103900000.0,,,-220700000.0,23100000.0,92200000.0
2019-09-28,2758400000.0,,,,,,728700000.0,,698200000.0,162900000.0,522900000.0,9.47,9.34,55200000.0,56000000.0,167500000.0,,684800000.0,753500000.0,,,,2347900000.0,,511800000.0,920100000.0,225200000.0,51300000.0,5596400000.0,205800000.0,46800000.0,,990100000.0,,,,108300000.0,2271200000.0,4668300000.0,-543900000.0,3303800000.0,5596400000.0,,18700000.0,10700000.0,,97300000.0,12900000.0,,9200000.0,,,477900000.0,,,,,38900000.0,,,1300000.0,-180700000.0,,,-270200000.0,26600000.0,140500000.0
2019-12-28,3708300000.0,,,59100000.0,,,962300000.0,,922100000.0,211800000.0,693500000.0,12.59,12.41,55100000.0,55900000.0,184500000.0,,694600000.0,760400000.0,,,,2380500000.0,,,913800000.0,243900000.0,62300000.0,5693500000.0,198500000.0,53300000.0,55100000.0,947600000.0,,,,105700000.0,2262700000.0,4779700000.0,-507900000.0,3409100000.0,5693500000.0,92400000.0,23800000.0,34200000.0,,97000000.0,20900000.0,,-2600000.0,,,674600000.0,,,,,38600000.0,,,-1800000.0,-222100000.0,,,-409400000.0,43600000.0,191200000.0
2020-03-28,846600000.0,,,,,,195800000.0,,185900000.0,43900000.0,137200000.0,2.52,2.49,54523857.0,55048368.0,185800000.0,,635200000.0,757400000.0,,,,2303100000.0,,,898200000.0,234300000.0,58500000.0,5564300000.0,193700000.0,55000000.0,,921900000.0,,,,93700000.0,2210900000.0,4852000000.0,-609900000.0,3331300000.0,5564300000.0,,1100000.0,-3600000.0,,23800000.0,-1200000.0,,1900000.0,,,213400000.0,,,,,6100000.0,,,4400000.0,-49800000.0,,,-157100000.0,1300000.0,15100000.0
2020-06-27,1565000000.0,,,,,,344500000.0,,323200000.0,75800000.0,238400000.0,4.37,4.34,54500000.0,54900000.0,686200000.0,,563500000.0,784000000.0,,,,2772400000.0,,,924500000.0,241000000.0,61700000.0,6113500000.0,186200000.0,,,829400000.0,,,,96700000.0,2604900000.0,4894200000.0,-514400000.0,3486700000.0,6113500000.0,,6900000.0,-1900000.0,,32000000.0,11800000.0,,-8100000.0,,,467000000.0,,,,,6100000.0,,,4100000.0,-95400000.0,,,132400000.0,501700000.0,27400000.0
2020-09-26,2500800000.0,,,,,,595800000.0,,563500000.0,130900000.0,418100000.0,7.69,7.62,54400000.0,54900000.0,787500000.0,,618900000.0,764400000.0,,,,2938200000.0,,,938500000.0,241600000.0,56100000.0,6267600000.0,206000000.0,,,1117000000.0,,,,95700000.0,2626800000.0,5014900000.0,-465600000.0,3619000000.0,6267600000.0,,12500000.0,-8500000.0,,3600000.0,26800000.0,,10300000.0,,,691000000.0,,,,,6100000.0,,,1600000.0,-114200000.0,,,27300000.0,603000000.0,131900000.0
2021-01-02,3569300000.0,,,57400000.0,,,880500000.0,,835200000.0,189100000.0,627000000.0,11.55,11.44,54300000.0,54800000.0,923400000.0,,640700000.0,746500000.0,,,,3083000000.0,,,982400000.0,260800000.0,91700000.0,6557300000.0,222900000.0,445500000.0,53600000.0,1164900000.0,,,,97700000.0,2710700000.0,5156900000.0,-365800000.0,3824900000.0,6557300000.0,96700000.0,19500000.0,-8200000.0,,-34200000.0,29900000.0,,17800000.0,,,1008600000.0,,,,,41500000.0,,,-2200000.0,-187800000.0,,,-84300000.0,738900000.0,188400000.0
2021-04-03,1018800000.0,,,,,,266200000.0,,256200000.0,59100000.0,192600000.0,3.55,3.5,54200000.0,55117889.0,904600000.0,,650800000.0,730100000.0,,,,3052500000.0,,,1161800000.0,254600000.0,93500000.0,6673500000.0,235900000.0,,,1234100000.0,,,,100900000.0,2775600000.0,5282500000.0,-388300000.0,3876000000.0,6673500000.0,,12300000.0,2300000.0,,-8300000.0,-5600000.0,,17500000.0,,,319300000.0,,,,,200000000.0,,,0.0,-207200000.0,,,-131000000.0,-18800000.0,15900000.0
2021-07-03,2094100000.0,,,,,,552200000.0,,531300000.0,122000000.0,400600000.0,7.4,7.26,54100000.0,55300000.0,965900000.0,,645400000.0,760900000.0,,,,3149700000.0,,,1177600000.0,255200000.0,74200000.0,6791600000.0,280200000.0,,,1222100000.0,,,,100900000.0,2766100000.0,5423500000.0,-362700000.0,4003400000.0,6791600000.0,,23800000.0,4000000.0,,16100000.0,-4500000.0,,59500000.0,,,557500000.0,,,,,195800000.0,,,-1700000.0,-236900000.0,,,-278900000.0,42500000.0,126600000.0
2021-10-02,3125700000.0,,,,,,824100000.0,,793700000.0,182900000.0,596800000.0,11.05,10.83,54000000.0,55100000.0,735500000.0,,653200000.0,789600000.0,,,,2974300000.0,,,1171000000.0,249600000.0,72600000.0,6580900000.0,266900000.0,,,979700000.0,,,,98500000.0,2511600000.0,5552800000.0,-394800000.0,4047300000.0,6580900000.0,,33300000.0,3400000.0,,54600000.0,12200000.0,,48300000.0,,,743900000.0,,,,,199700000.0,,,500000.0,-266600000.0,,,-664700000.0,-187900000.0,187200000.0
2022-01-01,4228300000.0,,,61100000.0,,,1123500000.0,,1086900000.0,247000000.0,820500000.0,15.22,14.92,53900000.0,55000000.0,780000000.0,,682300000.0,803800000.0,,,,3053400000.0,,,1116500000.0,301700000.0,176300000.0,6759700000.0,277600000.0,,56400000.0,982200000.0,,,,97900000.0,2555900000.0,5699900000.0,-343900000.0,4181900000.0,6759700000.0,104800000.0,41400000.0,8400000.0,,75400000.0,3100000.0,,56800000.0,,,966600000.0,,,,,199700000.0,,,-1200000.0,-290400000.0,,,-818800000.0,-143400000.0,249000000.0
2022-04-02,1091900000.0,,,,,,293500000.0,,290200000.0,67500000.0,217400000.0,4.07,4.0,53400000.0,54312014.0,861100000.0,,731300000.0,864100000.0,,,,3236000000.0,,,1077800000.0,295500000.0,176600000.0,6895200000.0,297300000.0,,,1024100000.0,,,,95100000.0,2574600000.0,5841000000.0,-350600000.0,4298300000.0,6895200000.0,,9000000.0,2300000.0,,61700000.0,-9700000.0,,24100000.0,,,193900000.0,,,,,0.0,,,300000.0,-6600000.0,,,-106300000.0,81100000.0,18000000.0
2022-07-02,2222400000.0,,,,,,605400000.0,,599700000.0,139800000.0,448900000.0,8.41,8.27,53400000.0,54300000.0,812900000.0,,729100000.0,893300000.0,,,,3230700000.0,,,1046000000.0,283500000.0,174100000.0,6864300000.0,308500000.0,,,986100000.0,,,,93300000.0,2517500000.0,5996200000.0,-457700000.0,4324400000.0,6864300000.0,,17500000.0,-7100000.0,,123400000.0,-10400000.0,,42100000.0,,,334700000.0,,,,,-500000.0,,,200000.0,-80400000.0,,,-218500000.0,32900000.0,129200000.0
2022-10-01,3318700000.0,,,,,,895300000.0,,890900000.0,201500000.0,672800000.0,12.62,12.41,53307241.0,54233532.0,759300000.0,,739000000.0,955100000.0,,,,3269600000.0,,,1010600000.0,271300000.0,170300000.0,6835500000.0,305300000.0,,,993500000.0,,,,89300000.0,2496000000.0,6144000000.0,-582300000.0,4317200000.0,6835500000.0,,25600000.0,-14100000.0,,223800000.0,11300000.0,,46500000.0,,,464600000.0,,,,,-500000.0,,,100000.0,-138300000.0,,,-339200000.0,-20700000.0,187400000.0
2022-12-31,,,,,,,,,,,,,,,,757200000.0,,761700000.0,1033100000.0,,,,3368900000.0,,,1045300000.0,275600000.0,13700000.0,6972800000.0,287000000.0,,57100000.0,971600000.0,,,,85100000.0,2469300000.0,6296200000.0,-528300000.0,4481300000.0,6972800000.0,,,,,,,,,,,,,,,,,,,,,,,,,
2023-04-01,1176500000.0,,,,,,326100000.0,,328900000.0,74600000.0,248700000.0,4.69,4.6,53000000.0,54100000.0,833800000.0,,782400000.0,1049100000.0,,,,3481200000.0,,,1050600000.0,273300000.0,12900000.0,7125600000.0,283100000.0,,,999000000.0,,,,84400000.0,2493200000.0,6458100000.0,-510600000.0,4610200000.0,7125600000.0,,10200000.0,-200000.0,,13200000.0,-200000.0,,-500000.0,,,301600000.0,,,,,,,,800000.0,-72900000.0,,,-152100000.0,76600000.0,13300000.0
2023-07-01,2361100000.0,,,,,,670000000.0,,677000000.0,152800000.0,512700000.0,9.67,9.49,53000000.0,54034815.0,871300000.0,,786800000.0,1046100000.0,,,,3533400000.0,,,1048600000.0,269500000.0,13000000.0,7230400000.0,274200000.0,,,962300000.0,,,,87000000.0,2451100000.0,6635600000.0,-510700000.0,4757100000.0,7230400000.0,,20400000.0,-9200000.0,,13400000.0,2900000.0,,-8300000.0,,,571900000.0,,,,,0.0,,,1500000.0,-167500000.0,,,-288600000.0,114100000.0,147700000.0
2023-09-30,3513300000.0,,,,,,984600000.0,,997200000.0,223900000.0,755800000.0,14.29,14.0,52932781.0,54000000.0,959300000.0,,776800000.0,1032900000.0,,,,3605000000.0,,,1035900000.0,263000000.0,12800000.0,7304300000.0,284300000.0,,,981900000.0,,,,82700000.0,2451900000.0,6792300000.0,-563300000.0,4830200000.0,7304300000.0,,31400000.0,-16500000.0,,21000000.0,27900000.0,,4300000.0,,,857300000.0,,,,,0.0,,,1500000.0,-227200000.0,,,-423900000.0,202100000.0,224500000.0
2023-12-30,4703200000.0,,,64700000.0,,,1310400000.0,,1328000000.0,293400000.0,1011100000.0,19.11,18.76,52900000.0,53900000.0,1001500000.0,,791300000.0,1005900000.0,,,,3652000000.0,,,1097400000.0,268900000.0,14000000.0,7544900000.0,238000000.0,,58400000.0,941600000.0,,,,87400000.0,2451500000.0,6948500000.0,-449500000.0,5071300000.0,7544900000.0,99300000.0,44700000.0,-18700000.0,,-23300000.0,34000000.0,,-48100000.0,,,1154200000.0,,,,,42600000.0,,,1400000.0,-331800000.0,,,-572900000.0,244300000.0,300900000.0
2024-03-30,1175200000.0,,,,,,339200000.0,,344800000.0,75200000.0,263500000.0,4.99,4.91,52741565.0,53671031.0,1121000000.0,,827500000.0,970500000.0,,,,3776100000.0,,,1071300000.0,277700000.0,19600000.0,7666800000.0,257400000.0,,,989700000.0,,,,89600000.0,2503500000.0,7113100000.0,-493300000.0,5141000000.0,7666800000.0,,9800000.0,1600000.0,,-22100000.0,4000000.0,,23300000.0,,,348700000.0,,,,,,,,2300000.0,-63200000.0,,,-164200000.0,119500000.0,14700000.0
2024-06-29,2347200000.0,,,,,,689700000.0,,701700000.0,154500000.0,534700000.0,10.15,9.98,52701553.0,53600000.0,1232700000.0,,783500000.0,965000000.0,,,,3858100000.0,,,1067900000.0,274800000.0,16900000.0,7759900000.0,271100000.0,,,950100000.0,,,,86800000.0,2451000000.0,7286000000.0,-504800000.0,5286300000.0,7759900000.0,,15800000.0,-4400000.0,,-21900000.0,3700000.0,,38100000.0,,,649800000.0,,,,,,,,-1400000.0,-123400000.0,,,-292100000.0,231200000.0,153700000.0
2024-09-28,3486500000.0,,,,,,,,1033900000.0,229200000.0,785800000.0,14.91,14.69,52700000.0,53523287.0,1313300000.0,,796400000.0,995800000.0,,,,4000700000.0,,,1086600000.0,277300000.0,17100000.0,7953300000.0,270000000.0,,,956400000.0,,,,87900000.0,2455600000.0,7439000000.0,-424700000.0,5475000000.0,7953300000.0,,21500000.0,-7200000.0,,-8600000.0,15400000.0,,33600000.0,,,924000000.0,,,,,,,,-1500000.0,-163900000.0,,,-448300000.0,311800000.0,243900000.0
,,,,,,,,,,,,,,,,,,,,,,,,,,,,,,,,,,,,,,,,,,,,,,,,,,,,,,,,,,,,,,,,,,,
,,,,,,,,,,,,,,,,,,,,,,,,,,,,,,,,,,,,,,,,,,,,,,,,,,,,,,,,,,,,,,,,,,,
