Date,Net sales,Cost of sales,Gross margin,Research and development,"Selling, general and administrative",Total operating expenses,Operating income,"Other income/(expense), net",Income before provision for income taxes,Provision for income taxes,Net income,Earnings per share basic,Earnings per share diluted,Weighted-average basic,Weighted-average diluted,Cash and cash equivalents,Short-term marketable securities,"Accounts receivable, net",Inventories,Deferred tax assets,Vendor non-trade receivables,Other current assets,Total current assets,Long-term marketable securities,"Property, Plant and Equipment, Net",Goodwill,"Acquired intangible assets, net","Other Assets, Noncurrent",Total assets,accounts payable,Accrued expenses,Deferred revenue,Total current liabilities,Deferred revenue - non-current,deferred tax liabilities,long term taxes payable,Total other non-current liabilities,Total liabilities,Retained Earnings (Accumulated Deficit),Accumulated other comprehensive (loss)/income,Total shareholders equity,Total liabilities and shareholders' equity,"Depreciation, amortization and accretion",Stock-based compensation expense,Deferred income tax expense,"Increase (Decrease) in Accounts receivable, net",Increase (Decrease) in Inventories,Increase (Decrease) in Other Receivables,Increase (Decrease) in Other Operating Assets,Increase (Decrease) in Accounts Payable,Increase (Decrease) in Deferred Revenue,Increase (Decrease) Other liabilities,Cash generated by operating activities,Purchases of marketable securities,Proceeds from maturities of marketable securities,Proceeds from sales of marketable securities,Purchases of other long-term investments,"Business acquisitions, net of cash acquired",Cash payments for capital asset purchases,Payments for acquisition of intangible assets,Payments for (Proceeds from) Other Investing Activities,Cash used in investing activities,Proceeds from issuance of common stock,Excess tax benefits from stock-based compensation,Cash generated/used in financing activities,Increase/(decrease) in cash and cash equivalents,"Cash paid for income taxes, net"
2010-07-31,1005202000.0,201351000.0,803851000.0,319931000.0,,652998000.0,150853000.0,,158962000.0,-52700000.0,211662000.0,1.43,1.4,148006000.0,151459000.0,883441000.0,,148582000.0,,72022000.0,,,1495974000.0,,139102000.0,1002531000.0,118061000.0,94107000.0,3114649000.0,,,593911000.0,837054000.0,33972000.0,,101731000.0,92082000.0,1064839000.0,758727000.0,-23789000.0,2049810000.0,3114649000.0,71772000.0,45214000.0,,19181000.0,,,2470000.0,,32153000.0,,244144000.0,,,,,137681000.0,27593000.0,,,-24830000.0,,,-41625000.0,181828000.0,
2010-10-31,1380661000.0,281094000.0,1099567000.0,449229000.0,,915457000.0,184110000.0,,198658000.0,-38405000.0,237063000.0,1.6,1.56,148013000.0,151911000.0,775407000.0,,181102000.0,,73465000.0,,,1247755000.0,,148580000.0,1265843000.0,249656000.0,105948000.0,3286541000.0,,,600569000.0,921768000.0,34103000.0,,128603000.0,101885000.0,1186359000.0,770674000.0,-15774000.0,2100182000.0,3286541000.0,101201000.0,59988000.0,,16202000.0,,,5923000.0,,9827000.0,,341036000.0,,,,,500829000.0,39223000.0,,,-238733000.0,,,-43062000.0,73794000.0,
2011-01-31,364644000.0,84305000.0,280339000.0,120740000.0,,233677000.0,46662000.0,,52332000.0,4106000.0,48226000.0,0.32,0.31,149016000.0,153640000.0,700612000.0,,169165000.0,,72377000.0,,,1194277000.0,,149554000.0,1266524000.0,232670000.0,106146000.0,3213288000.0,,,565895000.0,785082000.0,35712000.0,,128698000.0,105923000.0,1055415000.0,816700000.0,-13189000.0,2157873000.0,3213288000.0,31676000.0,15247000.0,,-10614000.0,,,4920000.0,,-30414000.0,,-39633000.0,,,,,2741000.0,10217000.0,,,-18579000.0,,,-13188000.0,-74795000.0,
2011-04-30,758314000.0,170333000.0,587981000.0,243909000.0,,489634000.0,98347000.0,,109591000.0,-23855000.0,129340000.0,0.87,0.84,148738000.0,153198000.0,694032000.0,,210068000.0,,72930000.0,,,1206622000.0,,150370000.0,1256485000.0,220610000.0,113209000.0,3209469000.0,,,578576000.0,807836000.0,46931000.0,,95706000.0,111598000.0,1062071000.0,883487000.0,629000.0,2147398000.0,3209469000.0,64998000.0,27914000.0,,28904000.0,,,11658000.0,,-6510000.0,,56855000.0,,,,,3520000.0,20600000.0,,,-11419000.0,,,-127452000.0,-81375000.0,
2011-07-31,1145109000.0,255065000.0,890044000.0,366456000.0,,733518000.0,156526000.0,,165558000.0,-15864000.0,181422000.0,1.23,1.2,147479000.0,151598000.0,889886000.0,,175386000.0,,73604000.0,,,1362296000.0,,159059000.0,1258286000.0,203739000.0,107055000.0,3368638000.0,11627000.0,,694536000.0,982090000.0,59143000.0,,98049000.0,107849000.0,1247131000.0,931281000.0,-1540000.0,2121507000.0,3368638000.0,96959000.0,41430000.0,,-6780000.0,,,7681000.0,,116034000.0,,367290000.0,,,,,5382000.0,42836000.0,,,-39085000.0,,,-219751000.0,114479000.0,
2011-10-31,1535643000.0,340450000.0,1195193000.0,491871000.0,,982350000.0,212843000.0,,219113000.0,-2251000.0,221364000.0,1.51,1.47,146573000.0,150367000.0,855077000.0,,203124000.0,,338823000.0,,,1338055000.0,,159517000.0,1289286000.0,196031000.0,103389000.0,3367334000.0,6956000.0,,703555000.0,1008810000.0,56208000.0,,92940000.0,,1266034000.0,957517000.0,-20945000.0,2101300000.0,3367334000.0,128550000.0,56414000.0,5908000.0,18974000.0,,,4248000.0,,113041000.0,,440316000.0,,,,,41015000.0,57345000.0,,-2828000.0,-88819000.0,,,-277619000.0,79670000.0,
2012-01-31,425496000.0,89854000.0,335642000.0,132875000.0,,265639000.0,70003000.0,,73829000.0,17135000.0,56694000.0,0.39,0.39,143882000.0,147113000.0,811339000.0,,213763000.0,,58670000.0,,,1289650000.0,,157219000.0,1295485000.0,181515000.0,108053000.0,3299000000.0,9254000.0,,652655000.0,863828000.0,70133000.0,,82203000.0,111031000.0,1127195000.0,1001409000.0,-24155000.0,2171805000.0,3299000000.0,31965000.0,16248000.0,,11102000.0,,,3457000.0,,-37007000.0,,-39318000.0,,,,,5623000.0,11016000.0,,,-1514000.0,,,25000.0,-43738000.0,
2012-04-30,858057000.0,190360000.0,667697000.0,284105000.0,,580558000.0,87139000.0,,97318000.0,19653000.0,77665000.0,0.54,0.52,145948000.0,149297000.0,796594000.0,,236314000.0,,61144000.0,,,1173541000.0,,157792000.0,1630415000.0,364113000.0,113821000.0,3744482000.0,12854000.0,,676068000.0,1073217000.0,59819000.0,,78029000.0,123441000.0,1454506000.0,1009475000.0,-22642000.0,2289976000.0,3744482000.0,74862000.0,36853000.0,,11516000.0,,,8128000.0,,-32147000.0,,87456000.0,,,,,564528000.0,19585000.0,,,-437699000.0,,,298136000.0,-58483000.0,
2012-07-31,1301804000.0,290149000.0,1011655000.0,428060000.0,,861121000.0,150534000.0,,158403000.0,-14571000.0,153321000.0,1.05,1.03,147801000.0,150644000.0,963767000.0,,210929000.0,,64131000.0,,,1293702000.0,,165909000.0,1638884000.0,350893000.0,112084000.0,3869271000.0,12084000.0,,798144000.0,1138215000.0,57945000.0,,44916000.0,124595000.0,1478171000.0,1079382000.0,-31723000.0,2391100000.0,3869271000.0,115076000.0,54078000.0,,-14401000.0,,,7146000.0,,83822000.0,,383136000.0,,,,,584418000.0,32718000.0,,,-470985000.0,,,204723000.0,108690000.0,
2012-10-31,1756017000.0,392673000.0,1363344000.0,581628000.0,,1173320000.0,190024000.0,11111000.0,201135000.0,18733000.0,181898000.0,1.24,1.21,146887000.0,150280000.0,700382000.0,,292668000.0,,311020000.0,,,1140656000.0,,191243000.0,1976987000.0,466322000.0,123607000.0,4147656000.0,29855000.0,,834864000.0,1252639000.0,67184000.0,,52645000.0,126217000.0,1603685000.0,1098694000.0,-15461000.0,2501686000.0,4147656000.0,156840000.0,71414000.0,24897000.0,53395000.0,,,10231000.0,,107586000.0,,486068000.0,,,,,970089000.0,54191000.0,,,-879123000.0,,,243488000.0,-154695000.0,
2013-01-31,475137000.0,111063000.0,364074000.0,157510000.0,,303093000.0,60981000.0,10749000.0,71730000.0,1808000.0,69922000.0,0.46,0.45,151477000.0,154531000.0,550365000.0,,270217000.0,,74644000.0,,,999782000.0,,193051000.0,1971654000.0,430797000.0,134818000.0,4020546000.0,14288000.0,,757874000.0,1022012000.0,74624000.0,,51890000.0,172361000.0,1418387000.0,1167623000.0,-16199000.0,2602159000.0,4020546000.0,47064000.0,17700000.0,,-20341000.0,,,10484000.0,,-56031000.0,,-91438000.0,,,,,,13980000.0,,,-14805000.0,,,-36417000.0,-150017000.0,
2013-04-30,974394000.0,218796000.0,755598000.0,327472000.0,,615114000.0,140484000.0,17953000.0,158437000.0,19824000.0,138613000.0,0.91,0.89,153515000.0,156606000.0,681018000.0,,251682000.0,,74558000.0,,,1106369000.0,,195315000.0,1980012000.0,397219000.0,140234000.0,4098888000.0,23541000.0,,691882000.0,1012922000.0,62840000.0,,57468000.0,176726000.0,1399956000.0,1231378000.0,-28007000.0,2698932000.0,4098888000.0,94154000.0,33229000.0,,-39287000.0,,,16524000.0,,-127847000.0,,42292000.0,,,,,,29426000.0,,,-28991000.0,,,-20960000.0,-19364000.0,
2013-07-31,1457339000.0,334443000.0,1122896000.0,494140000.0,,927417000.0,195479000.0,21130000.0,216609000.0,25699000.0,190910000.0,1.25,1.22,153915000.0,157056000.0,892370000.0,,278878000.0,,77509000.0,,,1330084000.0,,194198000.0,1976964000.0,364005000.0,143832000.0,4288472000.0,16188000.0,,804390000.0,1171682000.0,67605000.0,,45855000.0,184700000.0,1552342000.0,1283068000.0,-40171000.0,2736130000.0,4288472000.0,141756000.0,49719000.0,,-8207000.0,,,20292000.0,,-9722000.0,,305370000.0,,,,,,47624000.0,,,-48083000.0,,,-52230000.0,191988000.0,
2013-10-31,1962214000.0,453552000.0,1508662000.0,669197000.0,,1262169000.0,246493000.0,29173000.0,275666000.0,27866000.0,247800000.0,1.62,1.58,153319000.0,156601000.0,1022441000.0,,256026000.0,,307183000.0,,,1447977000.0,,197600000.0,1975971000.0,335425000.0,150961000.0,4358935000.0,8575000.0,,827554000.0,1222919000.0,54736000.0,,53064000.0,164939000.0,1570658000.0,1324854000.0,-28695000.0,2788277000.0,4358935000.0,187404000.0,67511000.0,-7305000.0,-37590000.0,,,27468000.0,,814000.0,,496705000.0,,,,,,65459000.0,,,-66079000.0,,,-97985000.0,322059000.0,
2014-01-31,478951000.0,105849000.0,373102000.0,167543000.0,,312946000.0,60156000.0,11028000.0,71184000.0,3488000.0,,0.44,0.43,154066000.0,156756000.0,893053000.0,,246774000.0,,93409000.0,,,1320865000.0,,197335000.0,1966819000.0,307912000.0,156646000.0,4192156000.0,8084000.0,,778082000.0,1036703000.0,54743000.0,,50630000.0,159365000.0,1368941000.0,1382199000.0,-46425000.0,2823215000.0,4192156000.0,43714000.0,18118000.0,,-7910000.0,,,6695000.0,,-44992000.0,,-73892000.0,,,,,,14353000.0,900000.0,,-9364000.0,,,-41025000.0,-129388000.0,
2014-04-30,996648000.0,219934000.0,776714000.0,345586000.0,,652724000.0,123990000.0,15253000.0,139243000.0,8230000.0,,0.85,0.83,154572000.0,157082000.0,821633000.0,,322606000.0,,99385000.0,,,1328271000.0,,202860000.0,2254454000.0,398560000.0,163232000.0,4560536000.0,13381000.0,,781274000.0,1304732000.0,72212000.0,,42943000.0,161530000.0,1641417000.0,1437246000.0,-39853000.0,2919119000.0,4560536000.0,91585000.0,36941000.0,,59577000.0,,,13756000.0,,-48069000.0,,37911000.0,,,,,367965000.0,29901000.0,,,-392437000.0,,,157376000.0,-200808000.0,
2014-07-31,1518460000.0,335464000.0,1182996000.0,528395000.0,,991779000.0,191217000.0,18797000.0,210014000.0,13345000.0,,1.27,1.25,155194000.0,157622000.0,903046000.0,,238863000.0,,99217000.0,,,1314783000.0,,216010000.0,2260897000.0,367416000.0,171369000.0,4544929000.0,14624000.0,,857532000.0,1227284000.0,67311000.0,,37030000.0,164751000.0,1548876000.0,1501238000.0,-41512000.0,2996053000.0,4544929000.0,140750000.0,58341000.0,,-24834000.0,,,,,22361000.0,,378041000.0,,,,,373513000.0,58085000.0,,3000000.0,-430097000.0,,,-62658000.0,-119395000.0,
2014-10-31,2057472000.0,456885000.0,1600587000.0,718768000.0,,1351870000.0,248717000.0,23425000.0,272142000.0,13018000.0,259124000.0,1.67,1.64,155054000.0,157710000.0,985762000.0,,326727000.0,,316243000.0,,,1504735000.0,,249098000.0,2255708000.0,365030000.0,175127000.0,4775499000.0,28152000.0,,928242000.0,1386759000.0,77646000.0,,50952000.0,158972000.0,1719329000.0,1551592000.0,-62089000.0,3056170000.0,4775499000.0,192826000.0,79440000.0,-14395000.0,65018000.0,,,23270000.0,,99814000.0,,550953000.0,,,,,394623000.0,103275000.0,,3488000.0,-497250000.0,,,-73689000.0,-36679000.0,
2015-01-31,542043000.0,124633000.0,417410000.0,181610000.0,,345911000.0,71499000.0,5116000.0,76615000.0,11426000.0,,0.42,0.41,154458000.0,157206000.0,796824000.0,,283007000.0,,95800000.0,,,1416273000.0,,256092000.0,2245920000.0,332385000.0,179463000.0,4662349000.0,28240000.0,,823745000.0,1343104000.0,98413000.0,,42154000.0,204157000.0,1725328000.0,1608758000.0,-97245000.0,2937021000.0,4662349000.0,50529000.0,20581000.0,,-40857000.0,,,,,-74828000.0,,-87343000.0,,,,,,19607000.0,0.0,,-140931000.0,,,57805000.0,-188938000.0,
2015-04-30,1099247000.0,249605000.0,849642000.0,369925000.0,,702216000.0,147426000.0,13073000.0,160499000.0,39714000.0,,0.78,0.77,154515000.0,157483000.0,868845000.0,,338407000.0,,81303000.0,,,1544975000.0,,258199000.0,2251845000.0,302656000.0,184330000.0,4756167000.0,26860000.0,,827576000.0,1325038000.0,98806000.0,,39796000.0,197529000.0,1691169000.0,1643207000.0,-88530000.0,3064998000.0,4756167000.0,102051000.0,40864000.0,,16491000.0,,,,,-70530000.0,,67736000.0,,,,,,43979000.0,2303000.0,-900000.0,-184270000.0,,,18466000.0,-116917000.0,
2015-07-31,1655052000.0,379076000.0,1275976000.0,567924000.0,,1067068000.0,208908000.0,16784000.0,225692000.0,49520000.0,,1.14,1.12,155533000.0,158584000.0,986423000.0,,307825000.0,,75939000.0,,,1627537000.0,,260667000.0,2335816000.0,318499000.0,185920000.0,4953972000.0,18690000.0,,912768000.0,1459343000.0,90569000.0,,39207000.0,204105000.0,1815724000.0,1688764000.0,-95865000.0,3138248000.0,4953972000.0,154535000.0,63463000.0,,-16976000.0,,,,,4507000.0,,342743000.0,,,,,,67708000.0,126883000.0,-900000.0,-333736000.0,,,13374000.0,661000.0,
2015-10-31,2242211000.0,518920000.0,1723291000.0,776229000.0,,1456825000.0,266466000.0,15144000.0,281610000.0,55676000.0,225934000.0,1.46,1.43,154957000.0,158065000.0,836188000.0,,385694000.0,,272036000.0,,,1563801000.0,,263077000.0,2471241000.0,363659000.0,186310000.0,5045739000.0,9919000.0,,968246000.0,1578353000.0,93613000.0,,37763000.0,202021000.0,1911750000.0,1725727000.0,-105375000.0,3133989000.0,5045739000.0,211821000.0,86400000.0,36883000.0,56533000.0,,,,,50139000.0,,495160000.0,,,,,,86965000.0,340153000.0,-900000.0,-559629000.0,,4245000.0,-62070000.0,-149574000.0,
2016-01-31,568604000.0,129444000.0,439160000.0,196705000.0,,368050000.0,71110000.0,-6768000.0,64342000.0,4307000.0,,0.39,0.39,152968000.0,155283000.0,582986000.0,,354766000.0,,,,,1200528000.0,,261235000.0,2472844000.0,337380000.0,176320000.0,4747523000.0,20160000.0,,934524000.0,1433282000.0,96643000.0,,34509000.0,192706000.0,1757140000.0,1784317000.0,-128795000.0,2990383000.0,4747523000.0,56436000.0,23013000.0,,-30365000.0,,,,,-32097000.0,,-35170000.0,,,,,,15337000.0,18941000.0,,-29481000.0,,440000.0,-182255000.0,-253202000.0,
2016-04-30,1173609000.0,261074000.0,912535000.0,412877000.0,,754619000.0,157916000.0,10417000.0,161565000.0,32154000.0,129411000.0,0.85,0.84,152609000.0,154921000.0,827946000.0,,299076000.0,,,,,1403197000.0,,258856000.0,2500804000.0,320076000.0,182457000.0,4965263000.0,30089000.0,,926363000.0,1485212000.0,91420000.0,,34471000.0,204155000.0,1815258000.0,1838704000.0,-103063000.0,3150005000.0,4965263000.0,107226000.0,46472000.0,,-93619000.0,,,,,-52852000.0,,187264000.0,,,,,,28900000.0,46100000.0,0.0,-78697000.0,,920000.0,-118767000.0,-8242000.0,
2016-07-31,1788813000.0,400751000.0,1388062000.0,634751000.0,,1153424000.0,234638000.0,12158000.0,246796000.0,52667000.0,194129000.0,1.28,1.26,152129000.0,154629000.0,946317000.0,,317067000.0,,,,,1552038000.0,,258794000.0,2515091000.0,295436000.0,190586000.0,5108789000.0,26216000.0,,1009070000.0,1663596000.0,77786000.0,,33388000.0,213273000.0,1988043000.0,1894333000.0,-109555000.0,3120746000.0,5108789000.0,157814000.0,72043000.0,,-77532000.0,,,,,10195000.0,,438973000.0,,,,1002000.0,,48249000.0,60056000.0,0.0,-125619000.0,,5653000.0,-205621000.0,110129000.0,
2016-10-31,2422532000.0,542962000.0,1879570000.0,856705000.0,,1562175000.0,317395000.0,12153000.0,329548000.0,62722000.0,266826000.0,1.76,1.73,152017000.0,154721000.0,976620000.0,,438873000.0,,281026000.0,,,1716938000.0,,257035000.0,2518245000.0,266661000.0,185569000.0,5240365000.0,13745000.0,,1085802000.0,1714946000.0,79856000.0,,39562000.0,210855000.0,2045219000.0,1947585000.0,-104577000.0,3195146000.0,5240365000.0,207032000.0,97583000.0,-14037000.0,43269000.0,,,,,86904000.0,,586635000.0,,,,1002000.0,,66909000.0,60056000.0,0.0,-142675000.0,,,-306937000.0,140432000.0,
2017-01-31,652786000.0,155746000.0,497040000.0,212648000.0,,400166000.0,96874000.0,11487000.0,108361000.0,21773000.0,86588000.0,0.57,0.56,150782000.0,154433000.0,827709000.0,,331984000.0,,,,,1484043000.0,,256811000.0,2652257000.0,301922000.0,197952000.0,5264254000.0,23816000.0,,1018834000.0,1456555000.0,74955000.0,,37394000.0,228165000.0,1939569000.0,2137395000.0,-98994000.0,3324685000.0,5264254000.0,49464000.0,25834000.0,,-122192000.0,,,,,-69372000.0,,46882000.0,,,,,,18178000.0,187624000.0,-2100000.0,-202789000.0,,,15877000.0,-148911000.0,
2017-04-30,1332855000.0,317774000.0,1015081000.0,435663000.0,,864601000.0,150480000.0,19901000.0,170381000.0,30487000.0,139894000.0,0.93,0.9,150583000.0,154861000.0,991325000.0,,373770000.0,,,,,1682012000.0,,259476000.0,2661538000.0,274609000.0,206855000.0,5466558000.0,33538000.0,,952050000.0,1593347000.0,81476000.0,,37714000.0,236838000.0,2089063000.0,2170133000.0,-79249000.0,3377495000.0,5466558000.0,97044000.0,51396000.0,,-81098000.0,,,,,-132803000.0,,169857000.0,,,,,,31195000.0,187624000.0,-2100000.0,-218455000.0,,,66839000.0,14705000.0,
2017-07-31,2028236000.0,487320000.0,1540916000.0,664326000.0,,1285066000.0,255850000.0,27322000.0,283172000.0,26527000.0,256645000.0,1.71,1.66,150460000.0,154787000.0,1154986000.0,,411262000.0,,,,,1894632000.0,,262025000.0,2660680000.0,248335000.0,215066000.0,5678939000.0,19873000.0,,1046801000.0,1764398000.0,83001000.0,,23545000.0,247014000.0,2255771000.0,2277499000.0,-67664000.0,3423168000.0,5678939000.0,144112000.0,79697000.0,,-42413000.0,,,,,-34692000.0,,449711000.0,,,,0.0,,50227000.0,187624000.0,-2100000.0,-244999000.0,,,-25890000.0,178366000.0,
2017-10-31,2724880000.0,654184000.0,2070696000.0,908841000.0,,1723133000.0,347563000.0,35535000.0,383098000.0,246535000.0,136563000.0,0.91,0.88,150457000.0,154874000.0,1048356000.0,,451144000.0,,236312000.0,,,1682593000.0,,266014000.0,2706974000.0,253843000.0,222844000.0,5396414000.0,19954000.0,,1064528000.0,1614109000.0,83252000.0,,33239000.0,252027000.0,2116690000.0,2143873000.0,-65979000.0,3275620000.0,5396414000.0,189442000.0,108294000.0,123052000.0,-2296000.0,,,,,-16644000.0,,634565000.0,,,,0.0,,70328000.0,259202000.0,-2100000.0,-189282000.0,,,-373120000.0,71736000.0,
2018-01-31,769426000.0,181156000.0,588270000.0,264411000.0,,480552000.0,107718000.0,12385000.0,120103000.0,123794000.0,-3691000.0,-0.02,-0.02,149441000.0,149441000.0,605892000.0,,499373000.0,,,,,1332346000.0,,284441000.0,3130598000.0,434539000.0,248444000.0,5717549000.0,42097000.0,,1121297000.0,1950414000.0,119864000.0,,95528000.0,279860000.0,2576916000.0,2133854000.0,-37192000.0,3136529000.0,5717549000.0,43920000.0,32323000.0,,34811000.0,,,,,70458000.0,,-59365000.0,,,,,608344000.0,28316000.0,,0.0,-625018000.0,,,230364000.0,-442464000.0,
2018-04-30,1546262000.0,359935000.0,1186327000.0,516545000.0,,951595000.0,234732000.0,-7715000.0,239402000.0,140621000.0,102472000.0,0.69,0.67,149245000.0,153664000.0,570801000.0,,568434000.0,,,,,1370186000.0,,283782000.0,3147124000.0,422195000.0,243452000.0,5699071000.0,43479000.0,,1101886000.0,1881922000.0,119930000.0,,37460000.0,271862000.0,2438674000.0,2223287000.0,-62389000.0,3256293000.0,5699071000.0,96829000.0,65288000.0,,105457000.0,,,,,52229000.0,,4065000.0,,,,,643537000.0,48612000.0,,0.0,-679798000.0,,,192405000.0,-477555000.0,
2018-07-31,2325976000.0,545316000.0,1780660000.0,793947000.0,,1481960000.0,298700000.0,12595000.0,311295000.0,133105000.0,178190000.0,1.2,1.16,148760000.0,153118000.0,741236000.0,,501331000.0,,,,,1465583000.0,,290446000.0,3138666000.0,394485000.0,252203000.0,5795215000.0,49473000.0,,1129651000.0,2083405000.0,113842000.0,,36704000.0,273512000.0,2631213000.0,2296546000.0,-94653000.0,3158139000.0,5795215000.0,150245000.0,102540000.0,,41695000.0,,,,,76780000.0,,293271000.0,,,,645000.0,646687000.0,70469000.0,,0.0,-705910000.0,,,109345000.0,-307120000.0,
2018-10-31,3121058000.0,735898000.0,2385160000.0,1084822000.0,,2024935000.0,360225000.0,3318000.0,363543000.0,-68975000.0,432518000.0,2.9,2.82,149036000.0,153393000.0,723115000.0,,554217000.0,122407000.0,397434000.0,,,1543797000.0,,309310000.0,3143249000.0,360404000.0,246736000.0,6145974000.0,85046000.0,,1152862000.0,2102415000.0,116859000.0,,50590000.0,265560000.0,2660959000.0,2543688000.0,-113177000.0,3479152000.0,6145974000.0,209207000.0,140032000.0,-210310000.0,95785000.0,66509000.0,,,,105329000.0,,424232000.0,,,,3561000.0,,98976000.0,652643000.0,0.0,-743525000.0,,,5138000.0,-325241000.0,
2019-01-31,820401000.0,192892000.0,627509000.0,271326000.0,,480095000.0,147414000.0,-359000.0,147055000.0,-6459000.0,153514000.0,1.03,1.01,149288000.0,152661000.0,592305000.0,,762292000.0,137559000.0,,,,1797630000.0,,317896000.0,3145700000.0,332187000.0,358527000.0,6344486000.0,26019000.0,,1262201000.0,2025638000.0,,,47932000.0,296098000.0,2559821000.0,2820910000.0,-97852000.0,3778802000.0,6344486000.0,51830000.0,38460000.0,,209049000.0,15827000.0,,,,149489000.0,,-144019000.0,,,,,0.0,29007000.0,,,-29744000.0,,,38086000.0,-130795000.0,
2019-04-30,1656643000.0,383571000.0,1273072000.0,561625000.0,,1010156000.0,262916000.0,18415000.0,280972000.0,15707000.0,271724000.0,1.82,1.77,149712000.0,153904000.0,631161000.0,,526691000.0,166329000.0,,,,1643883000.0,,344176000.0,3143795000.0,306927000.0,380682000.0,6194223000.0,31219000.0,,1194404000.0,1732927000.0,,,34667000.0,324217000.0,2278788000.0,2912811000.0,-96720000.0,3909572000.0,6194223000.0,102841000.0,75374000.0,,-23478000.0,50358000.0,,,,82966000.0,,208801000.0,,,,,0.0,68962000.0,,,-66277000.0,,,-237570000.0,-91953000.0,
2019-07-31,2509613000.0,570203000.0,1939410000.0,846429000.0,,1548900000.0,390510000.0,23373000.0,413883000.0,42230000.0,371653000.0,2.48,2.42,150123000.0,154600000.0,686780000.0,,457390000.0,155108000.0,,,,1617645000.0,,372566000.0,3143056000.0,283305000.0,383509000.0,6153408000.0,14846000.0,,1138993000.0,1630450000.0,,,27847000.0,338928000.0,2213739000.0,3003430000.0,-96653000.0,3933806000.0,6153408000.0,152133000.0,114826000.0,,-89370000.0,39431000.0,,,,53980000.0,,579264000.0,,,,0.0,0.0,122358000.0,,,-118242000.0,,,-502317000.0,-36320000.0,
2019-10-31,3360694000.0,752946000.0,2607748000.0,1136932000.0,,2087517000.0,520231000.0,25275000.0,545506000.0,13139000.0,532367000.0,3.55,3.45,149872000.0,154190000.0,728597000.0,,553895000.0,141518000.0,388641000.0,,,1738917000.0,,429532000.0,3171179000.0,279374000.0,380526000.0,6405160000.0,19815000.0,,1212476000.0,1752453000.0,,,29911000.0,323725000.0,2316284000.0,3164144000.0,-92447000.0,4083013000.0,6405160000.0,201676000.0,155001000.0,-82620000.0,8575000.0,19243000.0,,,,125717000.0,,800513000.0,,,,3245000.0,,198129000.0,36605000.0,0.0,-235877000.0,,,-561892000.0,5526000.0,
2020-01-31,834381000.0,192868000.0,641513000.0,314283000.0,,553997000.0,87516000.0,12057000.0,99573000.0,-4488000.0,104061000.0,0.69,0.67,150244000.0,154504000.0,700356000.0,,799078000.0,148057000.0,,,,1951429000.0,,457527000.0,3231592000.0,282145000.0,397076000.0,7202903000.0,26579000.0,,1404729000.0,2055738000.0,,,29884000.0,284211000.0,3048213000.0,3268205000.0,-83311000.0,4148827000.0,7202903000.0,52232000.0,51883000.0,,246364000.0,5302000.0,,,,196969000.0,,9820000.0,,,,2500000.0,75388000.0,54605000.0,,,-133558000.0,,,93480000.0,-28245000.0,
2020-04-30,1695708000.0,377133000.0,1318575000.0,616854000.0,,1105164000.0,213411000.0,-15729000.0,209739000.0,-4242000.0,213981000.0,1.42,1.39,150597000.0,154471000.0,856424000.0,,634807000.0,166437000.0,,,,1960755000.0,,470412000.0,3311243000.0,279311000.0,392794000.0,7322466000.0,51756000.0,,1396511000.0,2054197000.0,,,24589000.0,261114000.0,3041517000.0,3356489000.0,-104030000.0,4275086000.0,7322466000.0,105078000.0,108318000.0,,84533000.0,24096000.0,,,,186360000.0,,389739000.0,,,,2762000.0,151178000.0,80663000.0,,,-236733000.0,,,-20691000.0,127891000.0,
2020-07-31,2659842000.0,570141000.0,2089701000.0,939456000.0,,1665692000.0,424009000.0,26256000.0,446593000.0,-20299000.0,466892000.0,3.1,3.01,151352000.0,155973000.0,1049922000.0,,638489000.0,159813000.0,,,,2186015000.0,,484529000.0,3356407000.0,275338000.0,416544000.0,7663250000.0,37126000.0,,1389609000.0,2056277000.0,,,27011000.0,289411000.0,3061933000.0,3597944000.0,-72820000.0,4595925000.0,7663250000.0,159156000.0,170155000.0,,89667000.0,17040000.0,,,,160966000.0,,789162000.0,,,,2762000.0,201045000.0,120234000.0,,,-324925000.0,,,-151476000.0,321461000.0,
2020-10-31,3685281000.0,794690000.0,2890591000.0,1279022000.0,,2270450000.0,620141000.0,18018000.0,638159000.0,-25288000.0,664347000.0,4.4,4.27,151135000.0,155706000.0,1235653000.0,,780709000.0,192333000.0,495149000.0,,,2549217000.0,,483818000.0,3365114000.0,254322000.0,405951000.0,8030062000.0,30003000.0,,1388263000.0,2139922000.0,,,25178000.0,284511000.0,3117695000.0,3795397000.0,-54074000.0,4907404000.0,8030062000.0,209986000.0,248584000.0,-111526000.0,236806000.0,55024000.0,,,,148722000.0,,991313000.0,,,,2762000.0,,154717000.0,201045000.0,,-360418000.0,,,-140606000.0,507443000.0,
2021-01-31,970321000.0,207999000.0,762322000.0,357468000.0,,613974000.0,148348000.0,28756000.0,177104000.0,15076000.0,162345000.0,1.06,1.03,152498000.0,157277000.0,1023074000.0,,789320000.0,230907000.0,,,,2397724000.0,,486604000.0,3433003000.0,254375000.0,447840000.0,8012838000.0,25378000.0,,1546038000.0,2171383000.0,,,25184000.0,336834000.0,3125940000.0,3954542000.0,-34775000.0,4882252000.0,8012838000.0,50628000.0,83782000.0,,14910000.0,37764000.0,,,,152291000.0,,173958000.0,,,,0.0,74670000.0,27779000.0,,,-103460000.0,,,-293064000.0,-212565000.0,
2021-04-30,1994644000.0,421985000.0,1572659000.0,719813000.0,,1230080000.0,342579000.0,50520000.0,393099000.0,36269000.0,357423000.0,2.34,2.27,152725000.0,157226000.0,1457918000.0,,612285000.0,230068000.0,,,,2689800000.0,,478975000.0,3432577000.0,233809000.0,474699000.0,8339565000.0,44131000.0,,1581841000.0,2255700000.0,,,24658000.0,343659000.0,3247060000.0,4149620000.0,-41355000.0,5088135000.0,8339565000.0,100066000.0,163368000.0,,-157637000.0,38305000.0,,,,183512000.0,,700296000.0,,,,0.0,74626000.0,44060000.0,,800000.0,-120750000.0,,,-363737000.0,222266000.0,
2021-07-31,3051774000.0,627051000.0,2424723000.0,1090959000.0,,1880221000.0,544502000.0,61934000.0,606436000.0,51214000.0,556069000.0,3.64,3.54,152635000.0,157158000.0,1385395000.0,,577845000.0,241103000.0,,,,2763976000.0,,470129000.0,3485181000.0,249974000.0,484577000.0,8485906000.0,41305000.0,,1542606000.0,2334636000.0,,,24600000.0,355447000.0,3330770000.0,4348266000.0,-48411000.0,5151020000.0,8485906000.0,151274000.0,248530000.0,,-188996000.0,51448000.0,,,,152328000.0,,1122063000.0,,,,7591000.0,164053000.0,66957000.0,,800000.0,-385872000.0,,,-589409000.0,149767000.0,
2021-10-31,4204193000.0,861777000.0,3342416000.0,1504823000.0,,2607626000.0,734790000.0,70724000.0,805514000.0,49155000.0,757516000.0,4.96,4.81,152698000.0,157340000.0,1432840000.0,,568501000.0,229023000.0,606741000.0,,,2808341000.0,,472398000.0,3575785000.0,279132000.0,510698000.0,8752260000.0,27413000.0,,1517623000.0,2413484000.0,,,27893000.0,363540000.0,3453317000.0,4549713000.0,-49604000.0,5295137000.0,8752260000.0,203676000.0,345272000.0,-128583000.0,-201706000.0,48046000.0,,,,160325000.0,,1492622000.0,,,,7591000.0,,93764000.0,296017000.0,800000.0,-549030000.0,,,-748748000.0,197213000.0,
2022-01-31,1270255000.0,256984000.0,1013271000.0,383971000.0,,666235000.0,347036000.0,-19793000.0,327243000.0,13902000.0,313687000.0,2.05,1.99,153218000.0,157273000.0,1124299000.0,,1038749000.0,212919000.0,,,,2947497000.0,,477521000.0,3592788000.0,260810000.0,512325000.0,8901346000.0,29203000.0,,1852175000.0,2471656000.0,,,,380135000.0,3511113000.0,4863400000.0,-51457000.0,5386773000.0,8901346000.0,61685000.0,95771000.0,,466684000.0,-9155000.0,,,,354988000.0,,155744000.0,,,,5000000.0,19989000.0,41751000.0,,600000.0,-68025000.0,,,-394597000.0,-308598000.0,
2022-04-30,2549484000.0,509795000.0,2039689000.0,773935000.0,,1328952000.0,710737000.0,-43706000.0,667031000.0,59798000.0,608468000.0,3.97,3.88,153154000.0,156815000.0,1573620000.0,,722992000.0,213532000.0,,,,3074246000.0,,491641000.0,3616133000.0,333321000.0,504147000.0,9210381000.0,74471000.0,,1795267000.0,2462658000.0,,,,345774000.0,3599435000.0,5157633000.0,-113099000.0,5564311000.0,9210381000.0,111962000.0,205832000.0,,169785000.0,-7725000.0,,,,324176000.0,,905701000.0,,,,7000000.0,109060000.0,67367000.0,,600000.0,-186015000.0,,,-559063000.0,140668000.0,
2022-07-31,3797250000.0,780976000.0,3016274000.0,1218761000.0,,2071609000.0,944665000.0,-41280000.0,903385000.0,76506000.0,831094000.0,5.43,5.31,153082000.0,156545000.0,1383559000.0,,682647000.0,219736000.0,,,,2899028000.0,,486872000.0,3854889000.0,404652000.0,492176000.0,9329547000.0,71998000.0,,1755594000.0,2545863000.0,,,,352188000.0,3677905000.0,5377586000.0,-155493000.0,5604026000.0,9329547000.0,169708000.0,333437000.0,,121786000.0,-118000.0,,,,254353000.0,,1345395000.0,,,,7000000.0,416323000.0,102934000.0,,1200000.0,-531328000.0,,,-825231000.0,-49319000.0,
2022-10-31,5081542000.0,1063697000.0,4017845000.0,1680379000.0,,2855807000.0,1162038000.0,-46524000.0,1115514000.0,137078000.0,984594000.0,6.44,6.29,153002000.0,156485000.0,1417608000.0,,796091000.0,211927000.0,657198000.0,,,3012669000.0,,483300000.0,3842234000.0,386446000.0,463695000.0,9418087000.0,37580000.0,,1910822000.0,2774499000.0,,,,327829000.0,3858897000.0,5534307000.0,-234277000.0,5515725000.0,9418087000.0,228405000.0,459029000.0,-36913000.0,251390000.0,-1320000.0,,,,414251000.0,,1738900000.0,,,,7000000.0,,136589000.0,422374000.0,1200000.0,-572623000.0,,,-1116300000.0,-15319000.0,
2023-01-31,1361340000.0,284354000.0,1076986000.0,465329000.0,,821054000.0,255932000.0,23292000.0,279224000.0,10597000.0,271536000.0,1.78,1.75,152401000.0,155076000.0,1154873000.0,,1035323000.0,220881000.0,,,,3028399000.0,,516925000.0,3864833000.0,361154000.0,488339000.0,9565624000.0,70245000.0,,1995077000.0,2724997000.0,,,,364975000.0,3886873000.0,5805843000.0,-142333000.0,5636754000.0,9565624000.0,57294000.0,134227000.0,,237360000.0,8610000.0,,,,81102000.0,,114751000.0,,,,0.0,0.0,43500000.0,,0.0,-36247000.0,,,-376775000.0,-262596000.0,
2023-04-30,2756203000.0,582368000.0,2173835000.0,950926000.0,,1630571000.0,543264000.0,27545000.0,570809000.0,32234000.0,544446000.0,3.57,3.51,152294000.0,155044000.0,1544592000.0,,779892000.0,256426000.0,,,,3160935000.0,,546439000.0,3888249000.0,357113000.0,486878000.0,9790732000.0,84397000.0,,1968808000.0,2748680000.0,,,,365949000.0,3917910000.0,6075009000.0,-145997000.0,5831859000.0,9790732000.0,116922000.0,277485000.0,,-9289000.0,48648000.0,,,,76165000.0,,817691000.0,,,,0.0,41324000.0,91368000.0,,0.0,-127712000.0,,,-591170000.0,126517000.0,
2023-07-31,4243491000.0,889850000.0,3353641000.0,1458328000.0,,2514903000.0,838738000.0,53353000.0,892091000.0,20461000.0,880698000.0,5.79,5.68,152204000.0,155119000.0,1686144000.0,,666577000.0,282791000.0,,,,3268312000.0,,535973000.0,3887860000.0,336723000.0,505826000.0,9923231000.0,66550000.0,,1744326000.0,2729982000.0,,,,389516000.0,3923350000.0,6389825000.0,-147284000.0,5958555000.0,9923231000.0,180033000.0,421949000.0,,-112511000.0,77919000.0,,,,-131310000.0,,1377213000.0,,,,435000.0,51324000.0,136520000.0,,0.0,-181553000.0,,,-942577000.0,268080000.0,
2023-10-31,5842619000.0,1222193000.0,4620426000.0,1946813000.0,,3351167000.0,1269259000.0,32523000.0,1301782000.0,83657000.0,1229888000.0,8.08,7.92,152146000.0,155195000.0,1438913000.0,,946967000.0,325590000.0,826971000.0,,,3430624000.0,,557261000.0,4070336000.0,374194000.0,470973000.0,10333131000.0,155891000.0,,1776000000.0,2985451000.0,,,,386138000.0,4148830000.0,6741699000.0,-196414000.0,6147308000.0,10333131000.0,247120000.0,563292000.0,-211045000.0,178432000.0,123752000.0,,,,-113435000.0,,1703274000.0,,,,435000.0,,189618000.0,297692000.0,0.0,-482101000.0,,,-1196871000.0,21323000.0,
2024-01-31,1649230000.0,329175000.0,1320055000.0,552056000.0,,960435000.0,359620000.0,105484000.0,465104000.0,18897000.0,449112000.0,2.95,2.89,152311000.0,155334000.0,1118944000.0,,1064135000.0,382727000.0,,,,3407928000.0,,567038000.0,4131418000.0,377415000.0,568513000.0,10558259000.0,76808000.0,,1855839000.0,2644507000.0,,,,436528000.0,3851642000.0,7188550000.0,-163224000.0,6670984000.0,10558259000.0,62888000.0,180652000.0,,119571000.0,60883000.0,,,,87034000.0,,-87790000.0,,,,822000.0,,40391000.0,67827000.0,,-54397000.0,,,-187150000.0,-320017000.0,
2024-04-30,2965701000.0,579590000.0,2386111000.0,1018670000.0,,1701413000.0,684698000.0,114286000.0,798984000.0,68346000.0,741219000.0,4.86,4.76,152971000.0,155770000.0,1502920000.0,,834918000.0,377875000.0,,,,4653120000.0,,566832000.0,3427424000.0,276877000.0,554913000.0,11011837000.0,92299000.0,,1457282000.0,2508350000.0,,,,446514000.0,3822996000.0,7478366000.0,-188013000.0,7153160000.0,11011837000.0,123886000.0,358487000.0,,-20889000.0,60518000.0,,,,52612000.0,,388800000.0,,,,860000.0,,78763000.0,139557000.0,,-166186000.0,,,-154580000.0,70457000.0,
2024-07-31,4491450000.0,870266000.0,3621184000.0,1527542000.0,,2576275000.0,1044909000.0,146070000.0,1190979000.0,37634000.0,1149274000.0,7.52,7.37,153417000.0,156131000.0,1839815000.0,,805198000.0,386009000.0,,,,5127753000.0,,571408000.0,3444349000.0,266092000.0,579773000.0,11648684000.0,78547000.0,,1356804000.0,2534950000.0,,,,465233000.0,3903269000.0,7884044000.0,-180112000.0,7709396000.0,11648684000.0,180149000.0,540026000.0,,-59159000.0,71303000.0,,,,-46276000.0,,844211000.0,,,,1240000.0,,118772000.0,156947000.0,,-219979000.0,,,-211391000.0,418299000.0,
,,,,,,,,,,,,,,,,,,,,,,,,,,,,,,,,,,,,,,,,,,,,,,,,,,,,,,,,,,,,,,,,,,,
,,,,,,,,,,,,,,,,,,,,,,,,,,,,,,,,,,,,,,,,,,,,,,,,,,,,,,,,,,,,,,,,,,,
