Date,Net sales,Cost of sales,Gross margin,Research and development,"Selling, general and administrative",Total operating expenses,Operating income,"Other income/(expense), net",Income before provision for income taxes,Provision for income taxes,Net income,Earnings per share basic,Earnings per share diluted,Weighted-average basic,Weighted-average diluted,Cash and cash equivalents,Short-term marketable securities,"Accounts receivable, net",Inventories,Deferred tax assets,Vendor non-trade receivables,Other current assets,Total current assets,Long-term marketable securities,"Property, Plant and Equipment, Net",Goodwill,"Acquired intangible assets, net","Other Assets, Noncurrent",Total assets,accounts payable,Accrued expenses,Deferred revenue,Total current liabilities,Deferred revenue - non-current,deferred tax liabilities,long term taxes payable,Total other non-current liabilities,Total liabilities,Retained Earnings (Accumulated Deficit),Accumulated other comprehensive (loss)/income,Total shareholders equity,Total liabilities and shareholders' equity,"Depreciation, amortization and accretion",Stock-based compensation expense,Deferred income tax expense,"Increase (Decrease) in Accounts receivable, net",Increase (Decrease) in Inventories,Increase (Decrease) in Other Receivables,Increase (Decrease) in Other Operating Assets,Increase (Decrease) in Accounts Payable,Increase (Decrease) in Deferred Revenue,Increase (Decrease) Other liabilities,Cash generated by operating activities,Purchases of marketable securities,Proceeds from maturities of marketable securities,Proceeds from sales of marketable securities,Purchases of other long-term investments,"Business acquisitions, net of cash acquired",Cash payments for capital asset purchases,Payments for acquisition of intangible assets,Payments for (Proceeds from) Other Investing Activities,Cash used in investing activities,Proceeds from issuance of common stock,Excess tax benefits from stock-based compensation,Cash generated/used in financing activities,Increase/(decrease) in cash and cash equivalents,"Cash paid for income taxes, net"
2009-12-31,15743000000.0,,,,,12475000000.0,3268000000.0,-664000000.0,,896000000.0,,2.07,2.06,795000000.0,796000000.0,690000000.0,,,,,,49000000.0,5873000000.0,,39230000000.0,,,395000000.0,52046000000.0,1329000000.0,292000000.0,,5584000000.0,,6455000000.0,,346000000.0,36086000000.0,7885000000.0,-88000000.0,,52046000000.0,1788000000.0,,25000000.0,585000000.0,,,-47000000.0,-125000000.0,,334000000.0,3263000000.0,,,,,,4670000000.0,,143000000.0,-4319000000.0,1286000000.0,,1329000000.0,273000000.0,
2010-03-31,4157317000.0,,,,,3235323000.0,921994000.0,-175610000.0,,235681000.0,,0.6,0.6,822526000.0,824787000.0,339050000.0,,,,,,52870000.0,5220131000.0,,39998396000.0,,,414395000.0,52580045000.0,1229108000.0,360620000.0,,5515903000.0,,6635337000.0,,412097000.0,36303374000.0,8021810000.0,-78540000.0,,52580045000.0,421568000.0,,107374000.0,43402000.0,,,-94609000.0,-99951000.0,,1852000.0,738960000.0,,,,,,1054040000.0,,-7170000.0,-1088188000.0,147345000.0,,-1444000.0,-350672000.0,5610000.0
2010-06-30,8364736000.0,,,,,6491691000.0,1873045000.0,-352770000.0,,483183000.0,,1.22,1.21,828363000.0,832622000.0,266278000.0,,,,,,40514000.0,5524262000.0,,40630494000.0,,,436883000.0,53374490000.0,1282523000.0,362728000.0,,5935450000.0,,6725211000.0,,391623000.0,36759705000.0,8156346000.0,-74460000.0,,53374490000.0,867583000.0,,215318000.0,255399000.0,,,88138000.0,-52091000.0,,-27965000.0,1414962000.0,,,,,,1935716000.0,,37037000.0,-2035540000.0,341447000.0,,197134000.0,-423444000.0,285247000.0
2010-09-30,13684648000.0,,,,,10353088000.0,3331560000.0,-535925000.0,,925110000.0,,2.2,2.19,835953000.0,841835000.0,1258735000.0,,,,,,66295000.0,6609452000.0,,41199709000.0,,,458895000.0,54894780000.0,1160993000.0,311793000.0,,5994412000.0,,7069518000.0,,502756000.0,37558008000.0,8594861000.0,-71747000.0,,54894780000.0,1376511000.0,,572862000.0,319384000.0,,,48186000.0,-82318000.0,,-75733000.0,3526601000.0,,,,,,2893812000.0,,-48285000.0,-3005984000.0,610465000.0,,48396000.0,569013000.0,277716000.0
2010-12-31,17456000000.0,,,,,13654000000.0,3802000000.0,-736000000.0,,1026000000.0,,2.37,2.36,832000000.0,837000000.0,447000000.0,,,,-7404000000.0,,59000000.0,5883000000.0,,42002000000.0,,,436000000.0,55032000000.0,1275000000.0,535000000.0,,6472000000.0,,7554000000.0,,517000000.0,37748000000.0,8366000000.0,-70000000.0,,55032000000.0,1831000000.0,,1038000000.0,-80000000.0,,,17000000.0,4000000.0,,-103000000.0,3991000000.0,,,,,,4086000000.0,,-18000000.0,-4256000000.0,772000000.0,,22000000.0,-243000000.0,276000000.0
2011-03-31,4012000000.0,,,,,3158000000.0,854000000.0,-185000000.0,,231000000.0,,0.5,0.49,847510000.0,853939000.0,410000000.0,,,,,,53000000.0,5240000000.0,,42701000000.0,,,433000000.0,55019000000.0,1315000000.0,493000000.0,,6037000000.0,,7673000000.0,,508000000.0,37472000000.0,8404000000.0,-66000000.0,,55019000000.0,501000000.0,,174000000.0,-276000000.0,,,77000000.0,-108000000.0,,23000000.0,998000000.0,,,,,,1086000000.0,,-13000000.0,-884000000.0,193000000.0,,-151000000.0,-37000000.0,-357000000.0
2011-06-30,8533000000.0,,,,,6543000000.0,1990000000.0,-352000000.0,,580000000.0,,1.2,1.2,855000000.0,862000000.0,437000000.0,,,,,,51000000.0,5502000000.0,,43279000000.0,,,479000000.0,56023000000.0,1423000000.0,440000000.0,,5699000000.0,,8107000000.0,,456000000.0,37959000000.0,8605000000.0,-62000000.0,,56023000000.0,1011000000.0,,427000000.0,156000000.0,,,106000000.0,58000000.0,,-4000000.0,2389000000.0,,,,,,2126000000.0,,-22000000.0,-2064000000.0,482000000.0,,-335000000.0,-10000000.0,-355000000.0
2011-09-30,13961000000.0,,,,,10319000000.0,3642000000.0,-528000000.0,,1123000000.0,,2.27,2.26,860000000.0,868000000.0,1516000000.0,,,,,,100000000.0,6495000000.0,,43797000000.0,,,491000000.0,57343000000.0,1355000000.0,380000000.0,,5657000000.0,,8613000000.0,,483000000.0,38628000000.0,9116000000.0,-81000000.0,,57343000000.0,1530000000.0,,914000000.0,118000000.0,,,45000000.0,-155000000.0,,-24000000.0,4598000000.0,,,,,,3115000000.0,,-92000000.0,-2898000000.0,620000000.0,,-631000000.0,1069000000.0,-358000000.0
2011-12-31,17657000000.0,,,,,13426000000.0,4231000000.0,-744000000.0,,1219000000.0,,2.57,2.55,857000000.0,864000000.0,1315000000.0,,,,-8654000000.0,,46000000.0,6272000000.0,,45010000000.0,,,481000000.0,59267000000.0,1553000000.0,426000000.0,,6577000000.0,,8809000000.0,,514000000.0,40607000000.0,8968000000.0,-111000000.0,,59267000000.0,2048000000.0,,1155000000.0,-362000000.0,,,17000000.0,-5000000.0,,15000000.0,5903000000.0,,,,,,4525000000.0,,-161000000.0,-4183000000.0,723000000.0,,-852000000.0,868000000.0,-401000000.0
2012-03-31,3604000000.0,,,,,2838000000.0,766000000.0,-182000000.0,,200000000.0,,0.42,0.42,868000000.0,877000000.0,1044000000.0,,,,,,59000000.0,6041000000.0,,45855000000.0,,,451000000.0,59874000000.0,1262000000.0,393000000.0,,6317000000.0,,9001000000.0,,578000000.0,41093000000.0,8926000000.0,-105000000.0,,59874000000.0,529000000.0,,104000000.0,-372000000.0,,,60000000.0,-136000000.0,,53000000.0,568000000.0,,,,,,1231000000.0,,8000000.0,-1427000000.0,116000000.0,,588000000.0,-271000000.0,2000000.0
2012-06-30,7785000000.0,,,,,5876000000.0,1909000000.0,-357000000.0,,529000000.0,,1.14,1.13,872000000.0,880000000.0,659000000.0,,,,,,66000000.0,6373000000.0,,46566000000.0,,,455000000.0,60897000000.0,1253000000.0,443000000.0,,6088000000.0,,9352000000.0,,588000000.0,41691000000.0,9122000000.0,-112000000.0,,60897000000.0,1064000000.0,,327000000.0,55000000.0,,,53000000.0,-167000000.0,,-19000000.0,1757000000.0,,,,,,2356000000.0,,62000000.0,-2791000000.0,316000000.0,,378000000.0,-656000000.0,-34000000.0
2012-09-30,12834000000.0,,,,,9185000000.0,3649000000.0,-535000000.0,,1098000000.0,,2.26,2.23,876000000.0,883000000.0,1256000000.0,,,,,,60000000.0,6696000000.0,,47274000000.0,,,568000000.0,61963000000.0,1280000000.0,426000000.0,,6569000000.0,,9672000000.0,,641000000.0,42242000000.0,9670000000.0,-112000000.0,,61963000000.0,1602000000.0,,645000000.0,157000000.0,,,5000000.0,-240000000.0,,-22000000.0,4044000000.0,,,,,,3558000000.0,,48000000.0,-3758000000.0,381000000.0,,-345000000.0,-59000000.0,6000000.0
2012-12-31,16537000000.0,,,,,12074000000.0,4463000000.0,-714000000.0,3749000000.0,1334000000.0,,2.7,2.67,871000000.0,879000000.0,628000000.0,,,,-9687000000.0,,74000000.0,6162000000.0,,48390000000.0,,,549000000.0,63149000000.0,1387000000.0,483000000.0,,7014000000.0,,9938000000.0,,668000000.0,43770000000.0,9626000000.0,-123000000.0,,63149000000.0,2145000000.0,,1096000000.0,-234000000.0,,,37000000.0,-89000000.0,,-40000000.0,4898000000.0,,,,,,4809000000.0,,127000000.0,-5168000000.0,397000000.0,,-417000000.0,-687000000.0,38000000.0
2013-03-31,3897000000.0,,,,,3572000000.0,325000000.0,-197000000.0,,31000000.0,,0.09,0.09,870000000.0,875000000.0,515000000.0,,,,,,60000000.0,5932000000.0,,48687000000.0,,,570000000.0,63274000000.0,1369000000.0,462000000.0,,6439000000.0,,9842000000.0,,633000000.0,44155000000.0,9281000000.0,-119000000.0,,63274000000.0,568000000.0,,-92000000.0,-29000000.0,,,72000000.0,-47000000.0,,40000000.0,737000000.0,,,,,,1197000000.0,,-21000000.0,-1279000000.0,42000000.0,,429000000.0,-113000000.0,4000000.0
2013-06-30,8143000000.0,,,,,7178000000.0,965000000.0,-366000000.0,,189000000.0,,0.43,0.43,874000000.0,879000000.0,424000000.0,,,,,,35000000.0,6001000000.0,,49317000000.0,,,547000000.0,63961000000.0,1467000000.0,465000000.0,,7346000000.0,,9944000000.0,,508000000.0,44790000000.0,9135000000.0,-114000000.0,18040000000.0,63961000000.0,1140000000.0,,-141000000.0,325000000.0,,,55000000.0,-52000000.0,,17000000.0,1947000000.0,,,,,,2597000000.0,,13000000.0,-2629000000.0,161000000.0,,478000000.0,-204000000.0,142000000.0
2013-09-30,13160000000.0,,,,,10704000000.0,2456000000.0,-520000000.0,,657000000.0,,1.41,1.4,878000000.0,881000000.0,682000000.0,,,,,,33000000.0,5785000000.0,,50200000000.0,,,586000000.0,64697000000.0,1281000000.0,429000000.0,,5704000000.0,,10291000000.0,,550000000.0,44788000000.0,9543000000.0,-111000000.0,18778000000.0,64697000000.0,1725000000.0,,263000000.0,407000000.0,,,1000000.0,-140000000.0,,-4000000.0,4411000000.0,,,,,,3978000000.0,,-51000000.0,-4102000000.0,479000000.0,,-255000000.0,54000000.0,149000000.0
2013-12-31,17087000000.0,,,,,13832000000.0,3255000000.0,-696000000.0,2559000000.0,849000000.0,,1.88,1.87,877000000.0,881000000.0,659000000.0,,,,3575000000.0,,39000000.0,5599000000.0,,51208000000.0,,,551000000.0,64546000000.0,1376000000.0,347000000.0,,5536000000.0,,10563000000.0,,584000000.0,44407000000.0,9510000000.0,-75000000.0,19008000000.0,64546000000.0,2298000000.0,,496000000.0,153000000.0,,,11000000.0,72000000.0,,16000000.0,6097000000.0,,,,,,5868000000.0,,-33000000.0,-5742000000.0,695000000.0,,-324000000.0,31000000.0,139000000.0
2014-03-31,4644000000.0,,,,,3944000000.0,700000000.0,-156000000.0,,176000000.0,,0.39,0.39,890000000.0,893000000.0,590000000.0,,,,,,70000000.0,5140000000.0,,51573000000.0,,,705000000.0,64838000000.0,1386000000.0,358000000.0,,4835000000.0,,10558000000.0,,568000000.0,44637000000.0,9410000000.0,-73000000.0,19070000000.0,64838000000.0,587000000.0,,-37000000.0,128000000.0,,,114000000.0,-109000000.0,,-55000000.0,1103000000.0,,,,,,1180000000.0,,7000000.0,-1215000000.0,128000000.0,,43000000.0,-69000000.0,-7000000.0
2014-06-30,9111000000.0,,,,,,,,,,,,,,,,,,,,,,,,,,,,66400000000.0,,,,,,,,,,,,,,,,,,,,,,,,,,,,,,,,,,,,,,
2014-09-30,14450000000.0,,,,,,,,,,,,,,,,,,,,,,,,,,,,67654000000.0,,,,,,,,,,,,,,,,,,,,,,,,,,,,,,,,,,,,,,
2014-12-31,18467000000.0,,,,,14825000000.0,3642000000.0,-634000000.0,3008000000.0,977000000.0,,2.19,2.18,897000000.0,901000000.0,710000000.0,,,,5192000000.0,,50000000.0,6370000000.0,,54868000000.0,,,904000000.0,70923000000.0,1593000000.0,544000000.0,,8967000000.0,,11568000000.0,,594000000.0,49583000000.0,9609000000.0,-128000000.0,19949000000.0,70923000000.0,2293000000.0,,709000000.0,352000000.0,,,57000000.0,267000000.0,,85000000.0,5815000000.0,,,,,,6522000000.0,,17000000.0,-6408000000.0,806000000.0,,644000000.0,51000000.0,272000000.0
2015-03-31,4183000000.0,,,,,,,,,,,,,,,,,,,,,,,,,,,,71610000000.0,,,,,,,,,,,,,,,,,,,,,,,,,,,,,,,,,,,,,,
2015-06-30,8520000000.0,,,,,,,,,,,,,,,,,,,,,,,,,,,,74181000000.0,,,,,,,,,,,,,,,,,,,,,,,,,,,,,,,,,,,,,,
2015-09-30,13921000000.0,,,,,,,,,,,,,,,,,,,,,,,,,,,,75215000000.0,,,,,,,,,,,,,,,,,,,,,,,,,,,,,,,,,,,,,,
2015-12-31,17489000000.0,,,,,13207000000.0,4282000000.0,-653000000.0,3629000000.0,1194000000.0,,2.6,2.59,910000000.0,914000000.0,1404000000.0,,,,6356000000.0,,71000000.0,6526000000.0,,61114000000.0,,,737000000.0,78318000000.0,1905000000.0,590000000.0,,9129000000.0,,12322000000.0,,720000000.0,56175000000.0,10010000000.0,-130000000.0,20592000000.0,78318000000.0,2395000000.0,,1404000000.0,-243000000.0,,,108000000.0,-353000000.0,,98000000.0,6274000000.0,,,,,,6169000000.0,,-87000000.0,-7280000000.0,256000000.0,,1700000000.0,694000000.0,-9000000.0
2016-03-31,3965000000.0,,,,,3032000000.0,933000000.0,-214000000.0,719000000.0,222000000.0,,0.53,0.53,916000000.0,922000000.0,754000000.0,,,,,,90000000.0,5461000000.0,,62552000000.0,,,771000000.0,78735000000.0,1584000000.0,564000000.0,,7856000000.0,,12274000000.0,,754000000.0,56389000000.0,9999000000.0,-244000000.0,20797000000.0,78735000000.0,639000000.0,,-4000000.0,-235000000.0,,,90000000.0,-72000000.0,,-35000000.0,865000000.0,,,,,,1872000000.0,,14000000.0,-2197000000.0,270000000.0,,682000000.0,-650000000.0,-141000000.0
2016-06-30,8451000000.0,,,,,6326000000.0,2125000000.0,-498000000.0,1627000000.0,494000000.0,,1.19,1.18,934000000.0,940000000.0,1897000000.0,,,,,,71000000.0,15149000000.0,,63893000000.0,264000000.0,490000000.0,833000000.0,90873000000.0,1493000000.0,694000000.0,,8514000000.0,,12563000000.0,,724000000.0,67262000000.0,10085000000.0,-247000000.0,22015000000.0,90873000000.0,1306000000.0,,279000000.0,197000000.0,,,53000000.0,-71000000.0,,-39000000.0,2115000000.0,,,,,897000000.0,3486000000.0,,-113000000.0,-12675000000.0,1383000000.0,,11053000000.0,493000000.0,-138000000.0
2016-09-30,14715000000.0,,,,,10673000000.0,4042000000.0,-801000000.0,3241000000.0,942000000.0,,2.37,2.36,968000000.0,975000000.0,2669000000.0,,,,,,168000000.0,9658000000.0,,75554000000.0,6223000000.0,942000000.0,1133000000.0,106362000000.0,1732000000.0,851000000.0,,10567000000.0,,14218000000.0,,641000000.0,80015000000.0,10685000000.0,-225000000.0,24547000000.0,106362000000.0,2109000000.0,,-22000000.0,458000000.0,,,111000000.0,-9000000.0,,-18000000.0,4262000000.0,,,,,9513000000.0,5252000000.0,,-95000000.0,-16640000000.0,3265000000.0,,13643000000.0,1265000000.0,-151000000.0
2016-12-31,19896000000.0,,,,,15267000000.0,4629000000.0,-1149000000.0,3480000000.0,951000000.0,,2.57,2.55,951000000.0,958000000.0,1975000000.0,,,,,,230000000.0,9722000000.0,,78446000000.0,6251000000.0,970000000.0,1395000000.0,109697000000.0,2228000000.0,683000000.0,,12917000000.0,,14092000000.0,,880000000.0,82803000000.0,10356000000.0,-180000000.0,24758000000.0,109697000000.0,2923000000.0,,-127000000.0,544000000.0,,,174000000.0,301000000.0,,215000000.0,4894000000.0,,,,,10689000000.0,7624000000.0,,108000000.0,-20048000000.0,3758000000.0,,15725000000.0,571000000.0,-148000000.0
2017-03-31,5771000000.0,,,,,4465000000.0,1306000000.0,-326000000.0,980000000.0,315000000.0,,0.66,0.66,993000000.0,1000000000.0,1094000000.0,,,,,,249000000.0,8427000000.0,,79811000000.0,6251000000.0,935000000.0,1357000000.0,109760000000.0,1750000000.0,867000000.0,,12284000000.0,,14307000000.0,,873000000.0,82482000000.0,10459000000.0,-189000000.0,25094000000.0,109760000000.0,823000000.0,,161000000.0,-312000000.0,,,31000000.0,-533000000.0,,-48000000.0,897000000.0,,,,,1020000000.0,1488000000.0,,-65000000.0,-2803000000.0,186000000.0,,1025000000.0,-881000000.0,-6000000.0
2017-06-30,11202000000.0,,,,,11490000000.0,-1594000000.0,-669000000.0,-1935000000.0,-587000000.0,,-1.38,-1.37,998000000.0,1005000000.0,1433000000.0,,,,,,206000000.0,8837000000.0,,78686000000.0,6271000000.0,929000000.0,1387000000.0,108684000000.0,1920000000.0,799000000.0,,12751000000.0,,,,805000000.0,83274000000.0,8494000000.0,-191000000.0,23372000000.0,108684000000.0,1683000000.0,,-270000000.0,-110000000.0,,,36000000.0,-353000000.0,,-14000000.0,2742000000.0,,,,,1062000000.0,3398000000.0,,-58000000.0,-4889000000.0,417000000.0,,1605000000.0,-542000000.0,1000000.0
2017-09-30,17403000000.0,,,,,15646000000.0,2045000000.0,-1013000000.0,1699000000.0,590000000.0,,1.07,1.06,1003000000.0,1010000000.0,1841000000.0,,,,,,209000000.0,9202000000.0,,79741000000.0,6267000000.0,902000000.0,1513000000.0,110315000000.0,2353000000.0,752000000.0,,12603000000.0,,,,1048000000.0,83956000000.0,8981000000.0,-182000000.0,24082000000.0,110315000000.0,2564000000.0,,15000000.0,-426000000.0,,,164000000.0,-467000000.0,,-129000000.0,5253000000.0,,,,,1032000000.0,5242000000.0,,14000000.0,-6687000000.0,613000000.0,,1300000000.0,-134000000.0,-187000000.0
2017-12-31,23031000000.0,,,,,20480000000.0,2551000000.0,-1483000000.0,1068000000.0,142000000.0,,0.84,0.84,1000000000.0,1008000000.0,2130000000.0,,,,,,211000000.0,10072000000.0,,79872000000.0,6268000000.0,873000000.0,1577000000.0,111005000000.0,2530000000.0,868000000.0,,13594000000.0,,6842000000.0,,691000000.0,85153000000.0,8885000000.0,-189000000.0,24167000000.0,111005000000.0,3457000000.0,,166000000.0,199000000.0,,,143000000.0,-280000000.0,,-45000000.0,6395000000.0,,,,,1070000000.0,5984000000.0,,-42000000.0,-7191000000.0,793000000.0,,951000000.0,155000000.0,-410000000.0
2018-03-31,6372000000.0,,,,,4996000000.0,1376000000.0,-327000000.0,1049000000.0,113000000.0,,0.93,0.92,1011000000.0,1016000000.0,2284000000.0,,,,,,286000000.0,9524000000.0,,80947000000.0,6226000000.0,848000000.0,1653000000.0,111567000000.0,2089000000.0,923000000.0,,13630000000.0,,,,660000000.0,85218000000.0,9257000000.0,-200000000.0,24676000000.0,111567000000.0,873000000.0,,34000000.0,-197000000.0,,,-7000000.0,-425000000.0,,81000000.0,1509000000.0,,,,,46000000.0,1781000000.0,,4000000.0,-1995000000.0,113000000.0,,629000000.0,,-1000000.0
2018-06-30,11999000000.0,,,,,10560000000.0,1439000000.0,-655000000.0,784000000.0,-139000000.0,,0.77,0.77,1014000000.0,1017000000.0,1980000000.0,,,,,,172000000.0,11619000000.0,,77192000000.0,5315000000.0,702000000.0,1497000000.0,112777000000.0,2162000000.0,808000000.0,,14366000000.0,,,,516000000.0,85761000000.0,8494000000.0,-188000000.0,23636000000.0,112777000000.0,1750000000.0,,-338000000.0,-94000000.0,,,40000000.0,-406000000.0,,125000000.0,3258000000.0,,,,,64000000.0,3828000000.0,,-18000000.0,-3624000000.0,222000000.0,,236000000.0,,4000000.0
2018-09-30,18158000000.0,,,,,14545000000.0,3613000000.0,-984000000.0,2629000000.0,623000000.0,,1.92,1.91,1023000000.0,1029000000.0,1847000000.0,,,,,,232000000.0,9384000000.0,,78432000000.0,5315000000.0,674000000.0,1436000000.0,111717000000.0,2246000000.0,763000000.0,,12965000000.0,,,,454000000.0,83328000000.0,9048000000.0,-177000000.0,24877000000.0,111717000000.0,2647000000.0,,-286000000.0,-37000000.0,,,90000000.0,-248000000.0,,-67000000.0,5584000000.0,,,,,64000000.0,5793000000.0,,-1000000.0,-3500000000.0,878000000.0,,-2340000000.0,,137000000.0
2018-12-31,,,,,,19304000000.0,4191000000.0,-1442000000.0,2749000000.0,449000000.0,,2.18,2.17,1020000000.0,1025000000.0,1396000000.0,,,,8925000000.0,,162000000.0,9583000000.0,,80797000000.0,5315000000.0,613000000.0,1463000000.0,116914000000.0,2580000000.0,852000000.0,,14286000000.0,,,,465000000.0,87584000000.0,8706000000.0,-203000000.0,24723000000.0,116914000000.0,3549000000.0,,94000000.0,426000000.0,,,127000000.0,291000000.0,,63000000.0,6945000000.0,,,,,65000000.0,8205000000.0,,6000000.0,-5760000000.0,1090000000.0,,-1813000000.0,,172000000.0
2019-03-31,5412000000.0,,,,,1721000000.0,3691000000.0,-272000000.0,3419000000.0,1360000000.0,,2.01,1.99,1038000000.0,1045000000.0,1361000000.0,,,,,,132000000.0,8709000000.0,,81637000000.0,5284000000.0,585000000.0,1292000000.0,114096000000.0,2037000000.0,754000000.0,,9919000000.0,,,,405000000.0,83118000000.0,,,,114096000000.0,851000000.0,,191000000.0,-378000000.0,,,-17000000.0,-783000000.0,,-127000000.0,744000000.0,,,,,2000000.0,1678000000.0,,15000000.0,2454000000.0,224000000.0,,-3353000000.0,-155000000.0,0.0
2019-06-30,10510000000.0,,,,,5477000000.0,5033000000.0,-539000000.0,4494000000.0,1505000000.0,,2.86,2.84,1044000000.0,1052000000.0,1383000000.0,,,,,,138000000.0,8352000000.0,,81174000000.0,5282000000.0,550000000.0,1141000000.0,114867000000.0,1978000000.0,793000000.0,,10999000000.0,,,,384000000.0,83445000000.0,,,,114867000000.0,1623000000.0,,274000000.0,-653000000.0,,,18000000.0,-1045000000.0,,-135000000.0,2513000000.0,,,,,,3484000000.0,,7000000.0,1002000000.0,452000000.0,,-3648000000.0,-133000000.0,210000000.0
2019-09-30,16505000000.0,,,,,9459000000.0,7046000000.0,-839000000.0,6207000000.0,1872000000.0,,4.12,4.09,1048000000.0,1057000000.0,2931000000.0,,,,,,208000000.0,9917000000.0,,81713000000.0,5280000000.0,550000000.0,1156000000.0,117591000000.0,1898000000.0,881000000.0,,10534000000.0,,,,562000000.0,85509000000.0,,,,117591000000.0,2514000000.0,,253000000.0,-588000000.0,,,110000000.0,-1155000000.0,,-154000000.0,4881000000.0,,,,,,5417000000.0,,-15000000.0,-1073000000.0,623000000.0,,-2392000000.0,1416000000.0,265000000.0
2019-12-31,,,,,,13683000000.0,7736000000.0,-1194000000.0,6542000000.0,1798000000.0,,4.53,4.5,1046000000.0,1054000000.0,1975000000.0,,,,8543000000.0,,188000000.0,9817000000.0,,83080000000.0,5280000000.0,536000000.0,1071000000.0,118700000000.0,2115000000.0,830000000.0,,12546000000.0,,,,609000000.0,86650000000.0,10877000000.0,-321000000.0,27505000000.0,118700000000.0,3331000000.0,,611000000.0,-630000000.0,,,-70000000.0,-693000000.0,,61000000.0,5781000000.0,,,,,50000000.0,7814000000.0,,-41000000.0,-3392000000.0,844000000.0,,-1930000000.0,,276000000.0
2020-03-31,5018000000.0,439000000.0,,,,3755000000.0,1263000000.0,-277000000.0,986000000.0,145000000.0,,0.82,0.81,1057000000.0,1067000000.0,2164000000.0,,,,,,179000000.0,9430000000.0,,83965000000.0,5280000000.0,523000000.0,1267000000.0,118852000000.0,1653000000.0,868000000.0,,9553000000.0,,,,701000000.0,86645000000.0,,,,118852000000.0,949000000.0,,-58000000.0,-317000000.0,,,67000000.0,-504000000.0,,-103000000.0,894000000.0,,,,,,1560000000.0,,-7000000.0,-889000000.0,52000000.0,,185000000.0,190000000.0,-16000000.0
2020-06-30,9638000000.0,583000000.0,,,,7317000000.0,2321000000.0,-710000000.0,1611000000.0,150000000.0,,1.4,1.39,1058000000.0,1065000000.0,1879000000.0,,,,,,190000000.0,9069000000.0,,85029000000.0,5280000000.0,511000000.0,1384000000.0,119731000000.0,1787000000.0,915000000.0,,9334000000.0,,,,630000000.0,87479000000.0,,,,119731000000.0,1916000000.0,,-218000000.0,-292000000.0,,,253000000.0,-467000000.0,,42000000.0,2847000000.0,,,,,,3202000000.0,,29000000.0,-2655000000.0,59000000.0,,-285000000.0,-93000000.0,-8000000.0
2020-09-30,15258000000.0,654000000.0,,,,11102000000.0,4156000000.0,-967000000.0,3189000000.0,443000000.0,,2.58,2.57,1058000000.0,1064000000.0,3379000000.0,,,,,,210000000.0,10574000000.0,,86397000000.0,5280000000.0,499000000.0,1524000000.0,123158000000.0,1924000000.0,848000000.0,,11750000000.0,,,,571000000.0,90367000000.0,,,,123158000000.0,2903000000.0,,-196000000.0,-125000000.0,,,80000000.0,-428000000.0,,-46000000.0,5220000000.0,,,,,,5365000000.0,,17000000.0,-4892000000.0,63000000.0,,1077000000.0,1405000000.0,66000000.0
2020-12-31,20375000000.0,,,,,15490000000.0,4885000000.0,-1389000000.0,3496000000.0,393000000.0,,2.95,2.93,1058000000.0,1065000000.0,1065000000.0,,,,8738000000.0,,222000000.0,8617000000.0,,87634000000.0,5280000000.0,487000000.0,1288000000.0,122935000000.0,2312000000.0,968000000.0,,12079000000.0,,,,480000000.0,90410000000.0,11311000000.0,-395000000.0,27972000000.0,122935000000.0,3905000000.0,,-241000000.0,222000000.0,,,132000000.0,-27000000.0,,76000000.0,6696000000.0,,,,,81000000.0,7441000000.0,,-64000000.0,-7030000000.0,74000000.0,,-576000000.0,,64000000.0
2021-03-31,5910000000.0,583000000.0,,,,4312000000.0,1598000000.0,-301000000.0,1297000000.0,190000000.0,,1.07,1.06,1060000000.0,1066000000.0,1770000000.0,,,,,,232000000.0,9469000000.0,,89037000000.0,5280000000.0,477000000.0,1264000000.0,125393000000.0,2058000000.0,1118000000.0,,11586000000.0,,,,557000000.0,92034000000.0,,,,125393000000.0,964000000.0,,140000000.0,-308000000.0,,,-63000000.0,-216000000.0,,-116000000.0,1242000000.0,,,,,345000000.0,1678000000.0,,-25000000.0,-2243000000.0,14000000.0,,1734000000.0,733000000.0,-51000000.0
2021-06-30,11108000000.0,814000000.0,,,,8802000000.0,2306000000.0,-646000000.0,1660000000.0,178000000.0,1508000000.0,1.42,1.41,1061000000.0,1067000000.0,1582000000.0,,,,,,184000000.0,9551000000.0,,89623000000.0,5280000000.0,466000000.0,1307000000.0,125907000000.0,2075000000.0,956000000.0,,11660000000.0,,,,587000000.0,92870000000.0,,,,125907000000.0,1949000000.0,,-101000000.0,-29000000.0,,,-36000000.0,-177000000.0,,-177000000.0,2904000000.0,,,,,345000000.0,3384000000.0,,-35000000.0,-4026000000.0,24000000.0,,1671000000.0,549000000.0,88000000.0
2021-09-30,17346000000.0,,,,,13317000000.0,4029000000.0,-887000000.0,3142000000.0,550000000.0,2608000000.0,2.46,2.44,1061000000.0,1068000000.0,2078000000.0,,,,,,282000000.0,9674000000.0,,90859000000.0,5280000000.0,455000000.0,1586000000.0,127861000000.0,2229000000.0,795000000.0,,11259000000.0,,,,637000000.0,94351000000.0,,,,127861000000.0,2944000000.0,,89000000.0,-2000000.0,,,160000000.0,-45000000.0,,-168000000.0,5081000000.0,,,,,345000000.0,5222000000.0,,12000000.0,-5850000000.0,62000000.0,,1802000000.0,1033000000.0,92000000.0
2021-12-31,23113000000.0,,,,,19415000000.0,3698000000.0,-1122000000.0,2576000000.0,267000000.0,,2.26,2.24,1061000000.0,1068000000.0,1798000000.0,,,,8707000000.0,,231000000.0,8965000000.0,,91108000000.0,5280000000.0,445000000.0,1776000000.0,127534000000.0,2169000000.0,872000000.0,,10921000000.0,,,,816000000.0,94967000000.0,10929000000.0,-237000000.0,27874000000.0,127534000000.0,3973000000.0,,-49000000.0,81000000.0,,,170000000.0,-8000000.0,,-49000000.0,6169000000.0,,,,,345000000.0,7240000000.0,,-74000000.0,-7353000000.0,73000000.0,,1945000000.0,,93000000.0
2022-03-31,6648000000.0,,,,,5264000000.0,1384000000.0,-220000000.0,1164000000.0,173000000.0,,0.97,0.97,1063000000.0,1069000000.0,1662000000.0,,,,,,201000000.0,9297000000.0,,91790000000.0,5280000000.0,435000000.0,1898000000.0,128639000000.0,2251000000.0,1105000000.0,,10434000000.0,,,,966000000.0,95719000000.0,,,,128639000000.0,989000000.0,,40000000.0,217000000.0,,,-87000000.0,132000000.0,,35000000.0,1592000000.0,,,,,0.0,1419000000.0,,-110000000.0,-1555000000.0,38000000.0,,-193000000.0,-156000000.0,-8000000.0
2022-06-30,13854000000.0,,,,,10815000000.0,3039000000.0,-483000000.0,2556000000.0,477000000.0,2139000000.0,2.01,2.0,1065000000.0,1072000000.0,1724000000.0,,,,,,212000000.0,9781000000.0,,92822000000.0,5280000000.0,425000000.0,2393000000.0,130769000000.0,2908000000.0,1062000000.0,,11487000000.0,,,,1198000000.0,97514000000.0,,,,130769000000.0,1995000000.0,,240000000.0,637000000.0,,,-12000000.0,703000000.0,,30000000.0,3579000000.0,,,,,0.0,3213000000.0,,-96000000.0,-3460000000.0,61000000.0,,-213000000.0,-94000000.0,157000000.0
2022-09-30,22232000000.0,,,,,17000000000.0,5232000000.0,-775000000.0,4457000000.0,891000000.0,3611000000.0,3.38,3.36,1082000000.0,1088000000.0,2009000000.0,,,,,,322000000.0,10363000000.0,,93529000000.0,5280000000.0,415000000.0,1492000000.0,134005000000.0,3079000000.0,844000000.0,,12801000000.0,,,,1366000000.0,98287000000.0,,,,134005000000.0,3084000000.0,,608000000.0,327000000.0,,,343000000.0,805000000.0,,-32000000.0,5017000000.0,,,,,0.0,5502000000.0,,-73000000.0,-5952000000.0,1803000000.0,,1119000000.0,184000000.0,160000000.0
2022-12-31,29279000000.0,,,,,23909000000.0,5370000000.0,-1147000000.0,4223000000.0,795000000.0,,3.28,3.26,1075000000.0,1081000000.0,1917000000.0,,,,8141000000.0,,344000000.0,10416000000.0,,94570000000.0,5161000000.0,406000000.0,1485000000.0,134891000000.0,3525000000.0,965000000.0,,15724000000.0,,,,1167000000.0,100359000000.0,11538000000.0,-167000000.0,30408000000.0,134891000000.0,4064000000.0,,670000000.0,769000000.0,,,288000000.0,1021000000.0,,153000000.0,6302000000.0,,,,,,7923000000.0,,-70000000.0,-8430000000.0,1808000000.0,,2336000000.0,,146000000.0
2023-03-31,6480000000.0,,,,,5262000000.0,1218000000.0,-322000000.0,896000000.0,97000000.0,,0.79,0.79,1091000000.0,1098000000.0,1053000000.0,,,,,,395000000.0,9555000000.0,,95630000000.0,5161000000.0,397000000.0,1456000000.0,134756000000.0,2365000000.0,915000000.0,,13893000000.0,,,,1118000000.0,100194000000.0,,,,134756000000.0,1233000000.0,,,-319000000.0,,,-143000000.0,-1056000000.0,,-28000000.0,844000000.0,,,,,,1850000000.0,,91000000.0,-2118000000.0,15000000.0,,454000000.0,-820000000.0,-9000000.0
2023-06-30,12228000000.0,,,,,9719000000.0,2509000000.0,-693000000.0,1816000000.0,194000000.0,,1.56,1.55,1092000000.0,1098000000.0,2123000000.0,,,,,,310000000.0,10979000000.0,,96767000000.0,5161000000.0,386000000.0,1469000000.0,137116000000.0,2493000000.0,870000000.0,,13240000000.0,,,,1092000000.0,102468000000.0,,,,137116000000.0,2436000000.0,,-34000000.0,-735000000.0,,,-103000000.0,-997000000.0,,101000000.0,2900000000.0,,,,,,3898000000.0,,100000000.0,-4288000000.0,22000000.0,,1595000000.0,207000000.0,-40000000.0
2023-09-30,19208000000.0,,,,,14589000000.0,4619000000.0,-1074000000.0,3545000000.0,492000000.0,,2.86,2.84,1092000000.0,1099000000.0,1676000000.0,,,,,,544000000.0,11088000000.0,,98254000000.0,5161000000.0,377000000.0,1479000000.0,138321000000.0,2942000000.0,943000000.0,,13214000000.0,,,,1166000000.0,103017000000.0,,,,138321000000.0,3699000000.0,,-52000000.0,-524000000.0,,,32000000.0,-1031000000.0,,66000000.0,5740000000.0,,,,,,6561000000.0,,139000000.0,-6721000000.0,26000000.0,,834000000.0,-147000000.0,11000000.0
2023-12-31,25253000000.0,,,,,19427000000.0,5826000000.0,-1481000000.0,4345000000.0,496000000.0,,3.64,3.62,1092000000.0,1098000000.0,748000000.0,,,,7680000000.0,,533000000.0,10432000000.0,,99844000000.0,5161000000.0,368000000.0,1468000000.0,139331000000.0,2898000000.0,1029000000.0,,13467000000.0,,,,1031000000.0,104106000000.0,12482000000.0,-177000000.0,31444000000.0,139331000000.0,4986000000.0,,63000000.0,-482000000.0,,,106000000.0,-863000000.0,,214000000.0,7553000000.0,,,,,,9095000000.0,,43000000.0,-9668000000.0,36000000.0,,999000000.0,,132000000.0
2024-03-31,6646000000.0,,,,,4943000000.0,1703000000.0,-409000000.0,1294000000.0,223000000.0,,1.03,1.03,1094000000.0,1100000000.0,713000000.0,,,,,,763000000.0,10543000000.0,,100470000000.0,5161000000.0,359000000.0,1578000000.0,140120000000.0,2154000000.0,1108000000.0,,11458000000.0,,,,1074000000.0,104506000000.0,,,,140120000000.0,1261000000.0,,,-52000000.0,,,27000000.0,-423000000.0,,103000000.0,1311000000.0,,,,,,1770000000.0,,111000000.0,-2385000000.0,28000000.0,,985000000.0,-89000000.0,-9000000.0
2024-06-30,13109000000.0,,,,,9467000000.0,3642000000.0,-870000000.0,2772000000.0,513000000.0,,2.13,2.12,1096000000.0,1102000000.0,1152000000.0,,,,,,525000000.0,10993000000.0,,101888000000.0,5161000000.0,350000000.0,1449000000.0,141937000000.0,2445000000.0,1271000000.0,,12028000000.0,,,,1160000000.0,105826000000.0,,,,141937000000.0,2572000000.0,,243000000.0,284000000.0,,,94000000.0,-247000000.0,,185000000.0,3999000000.0,,,,,,3895000000.0,,172000000.0,-4222000000.0,84000000.0,,513000000.0,290000000.0,62000000.0
2024-09-30,20383000000.0,,,,,14373000000.0,6010000000.0,-1326000000.0,4684000000.0,890000000.0,,3.53,3.51,1097000000.0,1103000000.0,1018000000.0,,,,,,562000000.0,11040000000.0,,,5161000000.0,341000000.0,1484000000.0,143956000000.0,3950000000.0,1104000000.0,,12165000000.0,,,,1075000000.0,107051000000.0,,,,143956000000.0,3916000000.0,,520000000.0,233000000.0,,,181000000.0,-161000000.0,,-27000000.0,7615000000.0,,,,,,6206000000.0,,279000000.0,-6678000000.0,112000000.0,,-803000000.0,134000000.0,131000000.0
