Date,Net sales,Cost of sales,Gross margin,Research and development,"Selling, general and administrative",Total operating expenses,Operating income,"Other income/(expense), net",Income before provision for income taxes,Provision for income taxes,Net income,Earnings per share basic,Earnings per share diluted,Weighted-average basic,Weighted-average diluted,Cash and cash equivalents,Short-term marketable securities,"Accounts receivable, net",Inventories,Deferred tax assets,Vendor non-trade receivables,Other current assets,Total current assets,Long-term marketable securities,"Property, Plant and Equipment, Net",Goodwill,"Acquired intangible assets, net","Other Assets, Noncurrent",Total assets,accounts payable,Accrued expenses,Deferred revenue,Total current liabilities,Deferred revenue - non-current,deferred tax liabilities,long term taxes payable,Total other non-current liabilities,Total liabilities,Retained Earnings (Accumulated Deficit),Accumulated other comprehensive (loss)/income,Total shareholders equity,Total liabilities and shareholders' equity,"Depreciation, amortization and accretion",Stock-based compensation expense,Deferred income tax expense,"Increase (Decrease) in Accounts receivable, net",Increase (Decrease) in Inventories,Increase (Decrease) in Other Receivables,Increase (Decrease) in Other Operating Assets,Increase (Decrease) in Accounts Payable,Increase (Decrease) in Deferred Revenue,Increase (Decrease) Other liabilities,Cash generated by operating activities,Purchases of marketable securities,Proceeds from maturities of marketable securities,Proceeds from sales of marketable securities,Purchases of other long-term investments,"Business acquisitions, net of cash acquired",Cash payments for capital asset purchases,Payments for acquisition of intangible assets,Payments for (Proceeds from) Other Investing Activities,Cash used in investing activities,Proceeds from issuance of common stock,Excess tax benefits from stock-based compensation,Cash generated/used in financing activities,Increase/(decrease) in cash and cash equivalents,"Cash paid for income taxes, net"
2009-12-31,5951782000.0,2386007000.0,,,2141251000.0,4692742000.0,1255736000.0,,1178869000.0,429108000.0,730502000.0,2.34,2.33,312223000.0,313296000.0,1209927000.0,,969662000.0,301229000.0,278414000.0,,,2936396000.0,,579796000.0,1690507000.0,,166379000.0,6475250000.0,301828000.0,114157000.0,1115357000.0,2451954000.0,,9965000.0,,226842000.0,4546073000.0,6522613000.0,-343017000.0,1847287000.0,6475250000.0,,22268000.0,5688000.0,50313000.0,67645000.0,,,,25619000.0,-14453000.0,1320779000.0,,,,,0.0,68526000.0,,,-278692000.0,,329000.0,-326050000.0,738256000.0,
2010-03-31,1190390000.0,476226000.0,,,487971000.0,1000126000.0,190264000.0,,168225000.0,61234000.0,103286000.0,0.33,0.33,313372000.0,316264000.0,1209370000.0,,766467000.0,319126000.0,289524000.0,,,2774993000.0,,558807000.0,1689627000.0,,168619000.0,6289236000.0,293373000.0,30953000.0,1117448000.0,2206367000.0,,9428000.0,,229505000.0,4304251000.0,6551841000.0,-350654000.0,1900796000.0,6289236000.0,,8337000.0,-10808000.0,190657000.0,-17110000.0,,,,9180000.0,9153000.0,102824000.0,,,,,,7623000.0,,,-37001000.0,,1132000.0,-50758000.0,-557000.0,
2010-06-30,2664446000.0,1037121000.0,,,1035690000.0,2147924000.0,516522000.0,,473643000.0,172406000.0,294370000.0,0.94,0.94,312263000.0,314709000.0,1117827000.0,,994039000.0,339654000.0,289544000.0,,,2907953000.0,,545800000.0,1688646000.0,,176719000.0,6364026000.0,325029000.0,48672000.0,1144262000.0,2359777000.0,,8971000.0,,234112000.0,4444100000.0,6668804000.0,-356790000.0,1842946000.0,6364026000.0,,22990000.0,-16757000.0,42371000.0,38597000.0,,,,42776000.0,-6781000.0,359534000.0,,,,,,22085000.0,,,-100905000.0,,1254000.0,-321458000.0,-92100000.0,
2010-09-30,4644252000.0,1757812000.0,,,1639972000.0,3506742000.0,1137510000.0,,1086370000.0,395439000.0,674220000.0,2.17,2.15,310573000.0,312885000.0,1322841000.0,,1123133000.0,295104000.0,292176000.0,,,3178724000.0,,542202000.0,1865512000.0,656449000.0,288982000.0,6884288000.0,335226000.0,102956000.0,1125994000.0,2587697000.0,,,,390593000.0,4669802000.0,6975531000.0,-330904000.0,2130065000.0,6884288000.0,,44827000.0,-23359000.0,163675000.0,-6579000.0,,,,2157000.0,-9831000.0,1053343000.0,,,,,324964000.0,38646000.0,,,-467249000.0,,1281000.0,-463988000.0,112914000.0,
2010-12-31,6168331000.0,2346028000.0,,,2262203000.0,4758330000.0,1421059000.0,,1339416000.0,487547000.0,828063000.0,2.68,2.65,309379000.0,312220000.0,1525596000.0,,990573000.0,275102000.0,233000000.0,,,3294611000.0,,548767000.0,1886963000.0,663882000.0,287354000.0,7046561000.0,396480000.0,114466000.0,1205744000.0,2680874000.0,,63900000.0,,439855000.0,4755170000.0,7056628000.0,-367379000.0,2210296000.0,7046561000.0,125492000.0,66485000.0,74406000.0,37039000.0,-26923000.0,,,,74855000.0,-18761000.0,1458179000.0,,,,,364396000.0,115443000.0,,,-597550000.0,,1514000.0,-533409000.0,315669000.0,410342000.0
2011-03-31,1281900000.0,516400000.0,,,509400000.0,1067500000.0,214400000.0,,195300000.0,71100000.0,120000000.0,0.39,0.39,305200000.0,309600000.0,1269600000.0,,825300000.0,317600000.0,281500000.0,,,2924000000.0,,536600000.0,1985000000.0,681500000.0,291300000.0,6789700000.0,340600000.0,30900000.0,1223900000.0,2380000000.0,,,,453800000.0,4474000000.0,7098800000.0,-339300000.0,2229200000.0,6789700000.0,32200000.0,18100000.0,4500000.0,-197400000.0,40900000.0,,,,1600000.0,1000000.0,49300000.0,,,,,126200000.0,18400000.0,,,-179000000.0,,800000.0,-150900000.0,-256000000.0,
2011-06-30,2862700000.0,1123300000.0,,,1096300000.0,2302700000.0,573200000.0,,534600000.0,194600000.0,331100000.0,1.09,1.07,304400000.0,309400000.0,1300200000.0,,1021300000.0,340300000.0,281300000.0,,,3126400000.0,,526500000.0,1984800000.0,666700000.0,288600000.0,6944000000.0,339800000.0,48500000.0,1246000000.0,2523200000.0,,,,450500000.0,4608200000.0,7233000000.0,-326800000.0,2255000000.0,6944000000.0,64400000.0,41200000.0,100000.0,-2700000.0,63100000.0,,,,16400000.0,,338400000.0,,,,,126100000.0,44600000.0,,-19900000.0,-213600000.0,,1900000.0,-379000000.0,-225400000.0,
2011-09-30,4726400000.0,1807500000.0,,,1635100000.0,3559500000.0,1180100000.0,,1123300000.0,407800000.0,696600000.0,2.31,2.27,302200000.0,307400000.0,1437600000.0,,1133300000.0,285300000.0,281500000.0,,,3389500000.0,,488300000.0,2037800000.0,621300000.0,311900000.0,7153700000.0,333500000.0,101100000.0,1244600000.0,2760200000.0,,,,437400000.0,4865600000.0,7525100000.0,-372900000.0,2208200000.0,7153700000.0,95000000.0,64800000.0,-4800000.0,146900000.0,11900000.0,,,,23700000.0,,1037600000.0,,,,,198900000.0,69600000.0,,-21400000.0,-366200000.0,,3300000.0,-752900000.0,-88000000.0,
2011-12-31,6246000000.0,2400000000.0,,,2281000000.0,4837000000.0,1422000000.0,,1347000000.0,489000000.0,911000000.0,3.05,3.0,298000000.0,304000000.0,944000000.0,,1045000000.0,263000000.0,250000000.0,,,2679000000.0,,500000000.0,2048000000.0,608000000.0,267000000.0,6427000000.0,347000000.0,119000000.0,1303000000.0,3130000000.0,,28000000.0,,402000000.0,4843000000.0,7667000000.0,-425000000.0,1508000000.0,6427000000.0,127000000.0,97000000.0,10000000.0,55000000.0,-13000000.0,,,,83000000.0,,1344000000.0,,,,,200000000.0,119000000.0,,-238000000.0,-246000000.0,,19000000.0,-1665000000.0,-582000000.0,452000000.0
2012-03-31,1331000000.0,529000000.0,,,544000000.0,1110000000.0,221000000.0,,200000000.0,73000000.0,123000000.0,0.44,0.43,278000000.0,283800000.0,908000000.0,,932000000.0,293000000.0,259000000.0,,,2578000000.0,,485000000.0,2062000000.0,597000000.0,284000000.0,6352000000.0,337000000.0,33000000.0,1306000000.0,2858000000.0,,,,402000000.0,4566000000.0,7719000000.0,-404000000.0,1706000000.0,6352000000.0,30000000.0,20000000.0,2000000.0,-115000000.0,28000000.0,,,,-2000000.0,,-25000000.0,,,,,16000000.0,15000000.0,,,-64000000.0,,5000000.0,42000000.0,-36000000.0,
2012-06-30,2878000000.0,1104000000.0,,,1110000000.0,2292000000.0,586000000.0,,545000000.0,198000000.0,339000000.0,1.22,1.19,279700000.0,285300000.0,836000000.0,,1102000000.0,296000000.0,259000000.0,,,2640000000.0,,482000000.0,2296000000.0,1267000000.0,283000000.0,7310000000.0,232000000.0,50000000.0,1323000000.0,2879000000.0,,,,616000000.0,4788000000.0,7292000000.0,-424000000.0,1663000000.0,7310000000.0,60000000.0,47000000.0,4000000.0,20000000.0,33000000.0,,,,-2000000.0,,155000000.0,,,,,149000000.0,42000000.0,,,-243000000.0,,7000000.0,-15000000.0,-108000000.0,
2012-09-30,4830000000.0,1783000000.0,,,1811000000.0,3716000000.0,1114000000.0,,1053000000.0,369000000.0,652000000.0,2.34,2.29,278800000.0,284600000.0,1243000000.0,,1338000000.0,258000000.0,260000000.0,,,3259000000.0,,482000000.0,2357000000.0,1247000000.0,295000000.0,7943000000.0,409000000.0,98000000.0,1377000000.0,3358000000.0,,,,625000000.0,5271000000.0,7518000000.0,-392000000.0,1786000000.0,7943000000.0,91000000.0,73000000.0,6000000.0,265000000.0,-7000000.0,,,,50000000.0,,847000000.0,,,,,162000000.0,79000000.0,,,-333000000.0,,18000000.0,-227000000.0,299000000.0,
2012-12-31,4450000000.0,1460000000.0,,,1709000000.0,3291000000.0,1211000000.0,,1130000000.0,404000000.0,437000000.0,1.57,1.53,278600000.0,284600000.0,760000000.0,,954000000.0,,90000000.0,,,3899000000.0,,368000000.0,1438000000.0,1081000000.0,266000000.0,7052000000.0,249000000.0,457000000.0,1229000000.0,3667000000.0,,56000000.0,,407000000.0,5402000000.0,6525000000.0,-517000000.0,767000000.0,7052000000.0,93000000.0,93000000.0,53000000.0,239000000.0,,,,,17000000.0,,747000000.0,,,,,177000000.0,97000000.0,,,-247000000.0,,42000000.0,-905000000.0,-75000000.0,243000000.0
2013-03-31,1181000000.0,374000000.0,,,494000000.0,903000000.0,278000000.0,,263000000.0,89000000.0,735000000.0,2.62,2.59,280500000.0,284300000.0,1905000000.0,,999000000.0,,133000000.0,,,3181000000.0,,345000000.0,1429000000.0,1054000000.0,261000000.0,6270000000.0,250000000.0,563000000.0,1279000000.0,2688000000.0,,,,380000000.0,4378000000.0,7168000000.0,-454000000.0,1030000000.0,6270000000.0,23000000.0,21000000.0,1000000.0,46000000.0,,,,,63000000.0,,-47000000.0,,,,,0.0,22000000.0,,,-22000000.0,,8000000.0,-971000000.0,1145000000.0,
2013-06-30,2431000000.0,771000000.0,,,876000000.0,1717000000.0,714000000.0,,683000000.0,236000000.0,989000000.0,3.57,3.52,277400000.0,281300000.0,1900000000.0,,957000000.0,,131000000.0,,,3107000000.0,,340000000.0,1432000000.0,1037000000.0,244000000.0,6160000000.0,227000000.0,397000000.0,1284000000.0,2395000000.0,,,,374000000.0,4079000000.0,7348000000.0,-501000000.0,1223000000.0,6160000000.0,45000000.0,47000000.0,4000000.0,11000000.0,,,,,71000000.0,,226000000.0,,,,,0.0,43000000.0,,,-43000000.0,,12000000.0,-1044000000.0,1140000000.0,
2013-09-30,3625000000.0,1164000000.0,,,1261000000.0,2528000000.0,1121000000.0,,1076000000.0,364000000.0,1204000000.0,4.36,4.29,275800000.0,280400000.0,1577000000.0,,957000000.0,,130000000.0,,,2828000000.0,,336000000.0,1406000000.0,1023000000.0,255000000.0,5848000000.0,227000000.0,430000000.0,1240000000.0,2359000000.0,,,,359000000.0,4023000000.0,7289000000.0,-465000000.0,977000000.0,5848000000.0,65000000.0,73000000.0,3000000.0,8000000.0,,,,,39000000.0,,499000000.0,,,,,0.0,55000000.0,,,-18000000.0,,26000000.0,-1600000000.0,817000000.0,
2013-12-31,4875000000.0,1584000000.0,,,1737000000.0,3458000000.0,1405000000.0,,1346000000.0,443000000.0,1376000000.0,5.01,4.91,274500000.0,279800000.0,1542000000.0,,979000000.0,,-85000000.0,,,2936000000.0,,249000000.0,1412000000.0,1033000000.0,170000000.0,6061000000.0,219000000.0,402000000.0,1309000000.0,2372000000.0,,205000000.0,,267000000.0,3907000000.0,7384000000.0,-196000000.0,1301000000.0,6061000000.0,86000000.0,99000000.0,43000000.0,35000000.0,,,,,108000000.0,,816000000.0,,,,,273000000.0,117000000.0,,,-130000000.0,,43000000.0,-1743000000.0,782000000.0,787000000.0
2014-03-31,1236000000.0,411000000.0,,,362000000.0,806000000.0,430000000.0,,416000000.0,141000000.0,248000000.0,0.91,0.89,271800000.0,277200000.0,1531000000.0,,988000000.0,,110000000.0,,,2864000000.0,,242000000.0,1413000000.0,1036000000.0,179000000.0,6011000000.0,206000000.0,451000000.0,1310000000.0,2254000000.0,,,,476000000.0,3794000000.0,7565000000.0,-190000000.0,1363000000.0,6011000000.0,21000000.0,18000000.0,,9000000.0,,,,,1000000.0,,120000000.0,,,,,15000000.0,20000000.0,,,-35000000.0,,72000000.0,-96000000.0,-11000000.0,
2014-06-30,2581000000.0,831000000.0,,,759000000.0,1656000000.0,916000000.0,,888000000.0,298000000.0,540000000.0,1.99,1.95,271700000.0,276700000.0,1617000000.0,,990000000.0,,109000000.0,,,2993000000.0,,209000000.0,1418000000.0,1022000000.0,185000000.0,6057000000.0,198000000.0,344000000.0,1322000000.0,2252000000.0,,,,447000000.0,3758000000.0,7766000000.0,-214000000.0,1442000000.0,6057000000.0,42000000.0,48000000.0,,7000000.0,,,,,11000000.0,,459000000.0,,,,,16000000.0,37000000.0,,-1000000.0,-52000000.0,,82000000.0,-351000000.0,75000000.0,
2014-09-30,3761000000.0,1205000000.0,,,1186000000.0,2491000000.0,1261000000.0,,1221000000.0,428000000.0,731000000.0,2.69,2.64,271400000.0,276200000.0,1918000000.0,,928000000.0,,108000000.0,,,3188000000.0,,199000000.0,1435000000.0,1012000000.0,195000000.0,6270000000.0,192000000.0,476000000.0,1266000000.0,2384000000.0,,,,429000000.0,3870000000.0,7877000000.0,-281000000.0,1541000000.0,6270000000.0,64000000.0,72000000.0,-33000000.0,-12000000.0,,,,,7000000.0,,820000000.0,,,,,65000000.0,52000000.0,,1000000.0,-35000000.0,,89000000.0,-401000000.0,376000000.0,
2014-12-31,5051000000.0,1627000000.0,,,3168000000.0,4929000000.0,113000000.0,,54000000.0,245000000.0,-115000000.0,-0.42,-0.42,271500000.0,271500000.0,2497000000.0,,932000000.0,,327000000.0,,,3966000000.0,,206000000.0,1387000000.0,1004000000.0,180000000.0,6771000000.0,191000000.0,402000000.0,1323000000.0,3967000000.0,,56000000.0,,267000000.0,5422000000.0,6946000000.0,-514000000.0,488000000.0,6771000000.0,86000000.0,100000000.0,-245000000.0,9000000.0,,,,,78000000.0,,1209000000.0,,,,,82000000.0,92000000.0,,,-65000000.0,,128000000.0,-462000000.0,955000000.0,419000000.0
2015-03-31,1273000000.0,406000000.0,,,333000000.0,772000000.0,501000000.0,,485000000.0,156000000.0,303000000.0,1.11,1.1,273500000.0,276300000.0,1176000000.0,,992000000.0,,329000000.0,,,2688000000.0,,200000000.0,1365000000.0,986000000.0,209000000.0,5448000000.0,181000000.0,408000000.0,1356000000.0,2579000000.0,,,,352000000.0,4049000000.0,7166000000.0,-593000000.0,539000000.0,5448000000.0,22000000.0,18000000.0,39000000.0,69000000.0,,,,,48000000.0,,-1349000000.0,,,,,2000000.0,16000000.0,,1000000.0,-19000000.0,,32000000.0,220000000.0,-1321000000.0,
2015-06-30,2615000000.0,812000000.0,,,665000000.0,1543000000.0,1083000000.0,,1051000000.0,340000000.0,656000000.0,2.4,2.38,273300000.0,276000000.0,1720000000.0,,1063000000.0,,203000000.0,,,3213000000.0,,208000000.0,1383000000.0,977000000.0,232000000.0,6013000000.0,181000000.0,385000000.0,1387000000.0,2240000000.0,,,,369000000.0,4388000000.0,7438000000.0,-511000000.0,763000000.0,6013000000.0,43000000.0,37000000.0,166000000.0,136000000.0,,,,,71000000.0,,-897000000.0,,,,,2000000.0,42000000.0,,7000000.0,-37000000.0,,38000000.0,293000000.0,-777000000.0,
2015-09-30,3938000000.0,1218000000.0,,,1134000000.0,2456000000.0,1493000000.0,,1431000000.0,439000000.0,909000000.0,3.33,3.3,272600000.0,275400000.0,1441000000.0,,986000000.0,,203000000.0,,,2836000000.0,,237000000.0,2968000000.0,1881000000.0,241000000.0,8163000000.0,211000000.0,417000000.0,1453000000.0,2505000000.0,,,,377000000.0,6649000000.0,7592000000.0,-553000000.0,658000000.0,8163000000.0,64000000.0,55000000.0,166000000.0,44000000.0,,,,,18000000.0,,-356000000.0,,,,,2393000000.0,74000000.0,,3000000.0,-2456000000.0,,39000000.0,1927000000.0,-1056000000.0,
2015-12-31,5313000000.0,1672000000.0,,,1578000000.0,3407000000.0,1917000000.0,,1815000000.0,547000000.0,1156000000.0,4.26,4.21,271600000.0,274600000.0,1481000000.0,,991000000.0,,111000000.0,,,3296000000.0,,270000000.0,2882000000.0,1522000000.0,177000000.0,8183000000.0,206000000.0,372000000.0,1421000000.0,2908000000.0,,23000000.0,,345000000.0,7020000000.0,7636000000.0,-600000000.0,194000000.0,8183000000.0,90000000.0,78000000.0,280000000.0,118000000.0,,,,,129000000.0,,195000000.0,,,,,2400000000.0,139000000.0,,,-2525000000.0,,69000000.0,1510000000.0,-1016000000.0,260000000.0
2016-03-31,1341000000.0,457000000.0,,,330000000.0,829000000.0,512000000.0,,472000000.0,149000000.0,294000000.0,1.11,1.1,265000000.0,267200000.0,1600000000.0,,978000000.0,,110000000.0,,,3448000000.0,,251000000.0,2869000000.0,1488000000.0,205000000.0,8261000000.0,168000000.0,488000000.0,1458000000.0,2982000000.0,,,,353000000.0,7071000000.0,7838000000.0,-580000000.0,222000000.0,8261000000.0,18000000.0,14000000.0,-1000000.0,7000000.0,,,,,39000000.0,,133000000.0,,,,,7000000.0,16000000.0,,1000000.0,-24000000.0,,6000000.0,11000000.0,119000000.0,
2016-06-30,2823000000.0,926000000.0,,,647000000.0,1660000000.0,1163000000.0,,1080000000.0,345000000.0,677000000.0,2.56,2.54,264700000.0,267000000.0,1567000000.0,,1007000000.0,,110000000.0,,,3459000000.0,,242000000.0,2882000000.0,1483000000.0,225000000.0,8291000000.0,178000000.0,426000000.0,1460000000.0,2845000000.0,,,,371000000.0,6946000000.0,8123000000.0,-627000000.0,376000000.0,8291000000.0,40000000.0,34000000.0,-4000000.0,39000000.0,,,,,38000000.0,,571000000.0,,,,,52000000.0,36000000.0,,0.0,-88000000.0,,19000000.0,-371000000.0,86000000.0,
2016-09-30,4262000000.0,1363000000.0,,,975000000.0,2472000000.0,2512000000.0,,2390000000.0,731000000.0,1569000000.0,5.94,5.89,264100000.0,266400000.0,2399000000.0,,980000000.0,,107000000.0,,,3704000000.0,,255000000.0,2958000000.0,1518000000.0,241000000.0,8676000000.0,199000000.0,384000000.0,1408000000.0,3051000000.0,,,,372000000.0,7245000000.0,8924000000.0,-635000000.0,462000000.0,8676000000.0,63000000.0,54000000.0,-8000000.0,26000000.0,,,,,-6000000.0,,1171000000.0,,,,,145000000.0,67000000.0,,1000000.0,858000000.0,,31000000.0,-1018000000.0,918000000.0,
2016-12-31,5661000000.0,1769000000.0,,,1443000000.0,3393000000.0,3369000000.0,,3188000000.0,960000000.0,2106000000.0,8.02,7.94,262800000.0,265200000.0,2392000000.0,,1122000000.0,,13000000.0,,,3671000000.0,,271000000.0,2949000000.0,1506000000.0,272000000.0,8669000000.0,183000000.0,314000000.0,1509000000.0,2611000000.0,,,,439000000.0,6888000000.0,9210000000.0,-773000000.0,650000000.0,8669000000.0,181000000.0,76000000.0,79000000.0,177000000.0,,,,,107000000.0,,1464000000.0,,,,,177000000.0,115000000.0,,,1205000000.0,,41000000.0,-1600000000.0,911000000.0,683000000.0
2017-03-31,1453000000.0,411000000.0,,,351000000.0,805000000.0,648000000.0,,611000000.0,181000000.0,399000000.0,1.54,1.53,258200000.0,260800000.0,2411000000.0,,1108000000.0,,,,,3663000000.0,,265000000.0,2960000000.0,1474000000.0,292000000.0,8654000000.0,162000000.0,349000000.0,1510000000.0,2469000000.0,,,,425000000.0,6730000000.0,9509000000.0,-735000000.0,789000000.0,8654000000.0,19000000.0,19000000.0,-1000000.0,-12000000.0,,,,,-6000000.0,,353000000.0,,,,,1000000.0,23000000.0,,0.0,-22000000.0,,,-346000000.0,19000000.0,
2017-06-30,2962000000.0,861000000.0,,,689000000.0,1638000000.0,1324000000.0,,1250000000.0,363000000.0,820000000.0,3.18,3.15,257700000.0,260400000.0,2384000000.0,,1166000000.0,,,,,3723000000.0,,264000000.0,2982000000.0,1442000000.0,380000000.0,8791000000.0,162000000.0,325000000.0,1502000000.0,2362000000.0,,,,414000000.0,6611000000.0,9816000000.0,-699000000.0,1019000000.0,8791000000.0,39000000.0,41000000.0,,49000000.0,,,,,-17000000.0,,674000000.0,,,,,70000000.0,56000000.0,,,-124000000.0,,,-618000000.0,-8000000.0,
2017-09-30,4475000000.0,1282000000.0,,,1077000000.0,2493000000.0,1982000000.0,,1872000000.0,533000000.0,1234000000.0,4.8,4.75,257000000.0,259500000.0,2312000000.0,,1188000000.0,,,,,3653000000.0,,259000000.0,2992000000.0,1421000000.0,389000000.0,8714000000.0,170000000.0,364000000.0,1424000000.0,2408000000.0,,,,426000000.0,6660000000.0,10066000000.0,-678000000.0,839000000.0,8714000000.0,61000000.0,65000000.0,,64000000.0,,,,,-107000000.0,,1203000000.0,,,,,80000000.0,77000000.0,,0.0,-155000000.0,,,-1211000000.0,-80000000.0,
2017-12-31,6063000000.0,1713000000.0,,,1560000000.0,3453000000.0,2610000000.0,,2461000000.0,823000000.0,1496000000.0,5.84,5.78,256300000.0,258900000.0,2800000000.0,,1319000000.0,,,,,4324000000.0,,275000000.0,2989000000.0,1388000000.0,449000000.0,9425000000.0,195000000.0,351000000.0,1613000000.0,3214000000.0,,,,679000000.0,7307000000.0,10025000000.0,-649000000.0,711000000.0,9425000000.0,180000000.0,99000000.0,0.0,196000000.0,,,,,85000000.0,,2016000000.0,,,,,83000000.0,123000000.0,,,-209000000.0,,-49000000.0,-1507000000.0,387000000.0,709000000.0
2018-03-31,1567000000.0,439000000.0,,,372000000.0,856000000.0,711000000.0,,681000000.0,147000000.0,491000000.0,1.94,1.93,252400000.0,254400000.0,1756000000.0,,1313000000.0,,,,,3284000000.0,,270000000.0,3045000000.0,1390000000.0,508000000.0,8497000000.0,196000000.0,483000000.0,1679000000.0,3135000000.0,,,,539000000.0,7079000000.0,10427000000.0,-630000000.0,7000000.0,8497000000.0,21000000.0,13000000.0,,-7000000.0,,,,,27000000.0,,360000000.0,,,,,57000000.0,33000000.0,,-3000000.0,-87000000.0,,,-1316000000.0,-1023000000.0,
2018-06-30,3176000000.0,884000000.0,,,812000000.0,1793000000.0,1383000000.0,,1338000000.0,303000000.0,951000000.0,3.78,3.75,251700000.0,253800000.0,1885000000.0,,1290000000.0,,,,,3468000000.0,,273000000.0,3538000000.0,1453000000.0,485000000.0,9217000000.0,192000000.0,352000000.0,1689000000.0,2724000000.0,,,,537000000.0,7150000000.0,10680000000.0,-705000000.0,583000000.0,9217000000.0,40000000.0,46000000.0,,-19000000.0,,,,,41000000.0,,903000000.0,,,,,246000000.0,60000000.0,,-1000000.0,-305000000.0,,,-1404000000.0,-844000000.0,
2018-09-30,4721000000.0,1290000000.0,,,1194000000.0,2635000000.0,2086000000.0,,2010000000.0,440000000.0,1447000000.0,5.75,5.7,251600000.0,253700000.0,2158000000.0,,1237000000.0,,,,,3628000000.0,,275000000.0,3544000000.0,1420000000.0,516000000.0,9383000000.0,194000000.0,348000000.0,1576000000.0,2517000000.0,,,,537000000.0,6940000000.0,11003000000.0,-703000000.0,905000000.0,9383000000.0,60000000.0,73000000.0,,-62000000.0,,,,,-72000000.0,,1401000000.0,,,,,263000000.0,88000000.0,,-5000000.0,-346000000.0,,,-1579000000.0,-576000000.0,
2018-12-31,6258000000.0,1701000000.0,,,1561000000.0,3468000000.0,2790000000.0,,2681000000.0,560000000.0,1958000000.0,7.8,7.73,250900000.0,253200000.0,1917000000.0,,1449000000.0,,52000000.0,,197000000.0,3604000000.0,,270000000.0,3535000000.0,1524000000.0,525000000.0,9458000000.0,211000000.0,350000000.0,1641000000.0,2629000000.0,,,,634000000.0,7154000000.0,11284000000.0,-742000000.0,628000000.0,9458000000.0,206000000.0,94000000.0,81000000.0,164000000.0,,,,,70000000.0,,2064000000.0,,,,,,113000000.0,,,-513000000.0,,,-2288000000.0,-821000000.0,558000000.0
2019-03-31,1571000000.0,439000000.0,,,375000000.0,866000000.0,705000000.0,,566000000.0,113000000.0,410000000.0,1.66,1.65,246700000.0,248300000.0,1403000000.0,,1539000000.0,,,,,3182000000.0,,268000000.0,3533000000.0,1492000000.0,570000000.0,9720000000.0,217000000.0,415000000.0,1689000000.0,2655000000.0,,,,523000000.0,7685000000.0,11532000000.0,-633000000.0,327000000.0,9720000000.0,,12000000.0,10000000.0,87000000.0,,,,,-3000000.0,,293000000.0,,,,,1000000.0,20000000.0,,0.0,-21000000.0,,,-829000000.0,-522000000.0,
2019-06-30,3275000000.0,898000000.0,,,755000000.0,1757000000.0,1518000000.0,,1348000000.0,293000000.0,965000000.0,3.92,3.89,246400000.0,247900000.0,1881000000.0,,1543000000.0,,,,,3694000000.0,,280000000.0,3519000000.0,1453000000.0,570000000.0,10185000000.0,214000000.0,419000000.0,1709000000.0,2699000000.0,,,,511000000.0,7725000000.0,11710000000.0,-651000000.0,512000000.0,10185000000.0,,33000000.0,12000000.0,95000000.0,,,,,0.0,,1010000000.0,,,,,4000000.0,46000000.0,,3000000.0,-53000000.0,,,-1008000000.0,-38000000.0,
2019-09-30,4964000000.0,1337000000.0,,,1115000000.0,2605000000.0,2408000000.0,,2199000000.0,482000000.0,1582000000.0,6.43,6.4,245900000.0,247400000.0,1996000000.0,,1486000000.0,,,,,3722000000.0,,298000000.0,3515000000.0,1427000000.0,566000000.0,10188000000.0,188000000.0,431000000.0,1614000000.0,3373000000.0,,,,581000000.0,7761000000.0,12054000000.0,-684000000.0,346000000.0,10188000000.0,,53000000.0,15000000.0,50000000.0,,,,,-27000000.0,,1772000000.0,,,,,25000000.0,77000000.0,,3000000.0,-20000000.0,,,-1684000000.0,61000000.0,
2019-12-31,6699000000.0,1801000000.0,,,1517000000.0,3522000000.0,3226000000.0,,2930000000.0,627000000.0,2123000000.0,8.65,8.6,245400000.0,246900000.0,2900000000.0,,1577000000.0,,52000000.0,,221000000.0,4712000000.0,,320000000.0,3575000000.0,1424000000.0,641000000.0,11348000000.0,190000000.0,461000000.0,1928000000.0,3093000000.0,,,,624000000.0,8544000000.0,12205000000.0,-624000000.0,479000000.0,11348000000.0,204000000.0,78000000.0,46000000.0,135000000.0,,,,,256000000.0,,2776000000.0,,,,,,115000000.0,,,-131000000.0,,,-1751000000.0,928000000.0,659000000.0
2020-03-31,1786000000.0,521000000.0,,,311000000.0,881000000.0,912000000.0,,877000000.0,188000000.0,639000000.0,2.64,2.62,242100000.0,243300000.0,1932000000.0,,1504000000.0,,,,,3695000000.0,,309000000.0,3703000000.0,1439000000.0,665000000.0,10463000000.0,203000000.0,501000000.0,1897000000.0,2983000000.0,,,,596000000.0,8389000000.0,12691000000.0,-660000000.0,-250000000.0,10463000000.0,,11000000.0,-6000000.0,-76000000.0,,,,,-12000000.0,,680000000.0,,,,,183000000.0,11000000.0,,-11000000.0,-183000000.0,,,-1401000000.0,-934000000.0,
2020-06-30,3729000000.0,1014000000.0,,,606000000.0,1720000000.0,2017000000.0,,1952000000.0,421000000.0,1431000000.0,5.92,5.9,241500000.0,242600000.0,2667000000.0,,1557000000.0,,,,,4459000000.0,,299000000.0,3700000000.0,1407000000.0,614000000.0,11105000000.0,186000000.0,435000000.0,1850000000.0,3040000000.0,,,,606000000.0,8434000000.0,13189000000.0,-704000000.0,210000000.0,11105000000.0,,22000000.0,3000000.0,-30000000.0,,,,,-56000000.0,,1617000000.0,,,,,185000000.0,18000000.0,,-15000000.0,-186000000.0,,,-1610000000.0,-202000000.0,
2020-09-30,5575000000.0,1533000000.0,,,944000000.0,2631000000.0,2960000000.0,,2588000000.0,559000000.0,1885000000.0,7.82,7.78,241200000.0,242300000.0,3148000000.0,,1427000000.0,,,,,4841000000.0,,298000000.0,3715000000.0,1376000000.0,612000000.0,11452000000.0,186000000.0,438000000.0,1720000000.0,2815000000.0,,,,693000000.0,8443000000.0,13368000000.0,-677000000.0,442000000.0,11452000000.0,,60000000.0,-14000000.0,-172000000.0,,,,,-158000000.0,,2426000000.0,,,,,189000000.0,43000000.0,,-19000000.0,-204000000.0,,,-1950000000.0,282000000.0,
2020-12-31,7442000000.0,2092000000.0,,,1543000000.0,3841000000.0,3617000000.0,,3228000000.0,694000000.0,2339000000.0,9.71,9.66,241000000.0,242100000.0,4108000000.0,,1593000000.0,,67000000.0,,,5988000000.0,,284000000.0,3735000000.0,1352000000.0,684000000.0,12537000000.0,233000000.0,551000000.0,2168000000.0,3587000000.0,,,,653000000.0,9185000000.0,13367000000.0,-637000000.0,509000000.0,12537000000.0,206000000.0,90000000.0,-31000000.0,-18000000.0,,,,,220000000.0,,3567000000.0,,,,,,76000000.0,,,-240000000.0,,,-2166000000.0,1236000000.0,683000000.0
2021-03-31,2016000000.0,527000000.0,,,360000000.0,937000000.0,1081000000.0,,1056000000.0,248000000.0,755000000.0,3.14,3.12,240600000.0,241600000.0,4500000000.0,,1509000000.0,,,,,6306000000.0,,281000000.0,3713000000.0,1332000000.0,719000000.0,12830000000.0,241000000.0,552000000.0,2111000000.0,3403000000.0,,,,598000000.0,8924000000.0,13920000000.0,-648000000.0,1032000000.0,12830000000.0,,19000000.0,-3000000.0,-65000000.0,,,,,-61000000.0,,768000000.0,,,,,9000000.0,18000000.0,,-1000000.0,-24000000.0,,,-293000000.0,396000000.0,
2021-06-30,4122000000.0,1060000000.0,,,735000000.0,1890000000.0,2234000000.0,,2200000000.0,534000000.0,1553000000.0,6.45,6.42,240800000.0,241800000.0,5213000000.0,,1421000000.0,,,,,6932000000.0,,268000000.0,3719000000.0,1311000000.0,722000000.0,13398000000.0,210000000.0,500000000.0,2099000000.0,3315000000.0,,,,749000000.0,8962000000.0,14237000000.0,-764000000.0,1265000000.0,13398000000.0,,50000000.0,-47000000.0,-153000000.0,,,,,-76000000.0,,1691000000.0,,,,,10000000.0,25000000.0,,0.0,-33000000.0,,,-526000000.0,1099000000.0,
2021-09-30,6209000000.0,1603000000.0,,,1157000000.0,2897000000.0,3317000000.0,,3274000000.0,747000000.0,2349000000.0,9.76,9.72,240900000.0,241700000.0,5899000000.0,,1445000000.0,,,,,7638000000.0,,256000000.0,3710000000.0,1288000000.0,757000000.0,14111000000.0,244000000.0,511000000.0,2006000000.0,3386000000.0,,,,715000000.0,9010000000.0,14772000000.0,-750000000.0,1845000000.0,14111000000.0,,90000000.0,1000000.0,-122000000.0,,,,,-159000000.0,,2658000000.0,,,,,19000000.0,33000000.0,,1000000.0,-42000000.0,,,-772000000.0,1785000000.0,
2021-12-31,8297000000.0,2195000000.0,,,1714000000.0,4087000000.0,4221000000.0,,4164000000.0,901000000.0,3024000000.0,12.56,12.51,240800000.0,241800000.0,6500000000.0,,1650000000.0,,56000000.0,,,8810000000.0,,241000000.0,3506000000.0,1285000000.0,399000000.0,15026000000.0,205000000.0,547000000.0,2217000000.0,3815000000.0,,,,807000000.0,9490000000.0,15017000000.0,-841000000.0,2032000000.0,15026000000.0,178000000.0,122000000.0,13000000.0,144000000.0,,,,,198000000.0,,3598000000.0,,,,,99000000.0,35000000.0,,,-120000000.0,,,-1013000000.0,2383000000.0,883000000.0
2022-03-31,2389000000.0,749000000.0,,,958000000.0,1844000000.0,1892000000.0,,1867000000.0,568000000.0,1235000000.0,4.49,4.47,275200000.0,276300000.0,4405000000.0,,2425000000.0,,,,,7787000000.0,,348000000.0,33642000000.0,21177000000.0,897000000.0,66092000000.0,410000000.0,1045000000.0,3167000000.0,5653000000.0,,,,488000000.0,22882000000.0,16065000000.0,-782000000.0,39702000000.0,66092000000.0,,94000000.0,-53000000.0,-187000000.0,,,,,-100000000.0,,222000000.0,,,,,-295000000.0,16000000.0,,-4000000.0,2901000000.0,,,-5205000000.0,-2098000000.0,
2022-06-30,5383000000.0,1760000000.0,,,1722000000.0,3923000000.0,3374000000.0,,3258000000.0,908000000.0,2207000000.0,7.19,7.17,338000000.0,339300000.0,3571000000.0,,2125000000.0,,,,,6235000000.0,,332000000.0,34444000000.0,20059000000.0,837000000.0,64323000000.0,385000000.0,1029000000.0,2933000000.0,4958000000.0,,,,441000000.0,21523000000.0,17298000000.0,-811000000.0,39433000000.0,64323000000.0,,143000000.0,-91000000.0,-387000000.0,,,,,-150000000.0,,676000000.0,,,,,-275000000.0,40000000.0,,-4000000.0,3745000000.0,,,-7268000000.0,-2932000000.0,
2022-09-30,8244000000.0,2754000000.0,,,2442000000.0,5934000000.0,4228000000.0,,4081000000.0,1053000000.0,2815000000.0,8.95,8.91,329600000.0,330900000.0,1387000000.0,,2213000000.0,,,,,4178000000.0,,305000000.0,34499000000.0,19524000000.0,963000000.0,61813000000.0,371000000.0,1053000000.0,2870000000.0,5048000000.0,,,,445000000.0,21414000000.0,17735000000.0,-1038000000.0,37167000000.0,61813000000.0,,160000000.0,-155000000.0,-291000000.0,,,,,-188000000.0,,1490000000.0,,,,,-242000000.0,61000000.0,,2000000.0,3689000000.0,,,-10128000000.0,-5116000000.0,
2022-12-31,11181000000.0,3766000000.0,,,3383000000.0,8162000000.0,4944000000.0,,4702000000.0,1180000000.0,3248000000.0,10.25,10.2,316900000.0,318500000.0,1300000000.0,,2494000000.0,,81000000.0,,,5667000000.0,,297000000.0,34545000000.0,18306000000.0,562000000.0,61784000000.0,450000000.0,1094000000.0,3126000000.0,5999000000.0,,,,489000000.0,22040000000.0,17784000000.0,-886000000.0,36388000000.0,61784000000.0,1013000000.0,214000000.0,-353000000.0,-36000000.0,,,,,37000000.0,,2603000000.0,,,,,-210000000.0,89000000.0,,,3628000000.0,,,-11326000000.0,-5218000000.0,1555000000.0
2023-03-31,3160000000.0,1088000000.0,,,705000000.0,2080000000.0,1144000000.0,,1048000000.0,188000000.0,795000000.0,2.47,2.47,321300000.0,322100000.0,1402000000.0,,2478000000.0,,,,,5822000000.0,,281000000.0,34817000000.0,18168000000.0,764000000.0,62024000000.0,456000000.0,971000000.0,3175000000.0,6394000000.0,,,,476000000.0,22252000000.0,18171000000.0,-861000000.0,36275000000.0,62024000000.0,,46000000.0,-167000000.0,-23000000.0,,,,,61000000.0,,594000000.0,,,,,272000000.0,28000000.0,,,-253000000.0,,,-230000000.0,118000000.0,
2023-06-30,6261000000.0,2114000000.0,,,1476000000.0,4161000000.0,2056000000.0,,1882000000.0,447000000.0,1305000000.0,4.08,4.07,320300000.0,320900000.0,1561000000.0,,2545000000.0,,,,,4720000000.0,,258000000.0,34827000000.0,17912000000.0,785000000.0,60695000000.0,488000000.0,935000000.0,3148000000.0,6030000000.0,,,,495000000.0,21626000000.0,18279000000.0,-813000000.0,35468000000.0,60695000000.0,,97000000.0,-384000000.0,44000000.0,,,,,-142000000.0,,1363000000.0,,,,,286000000.0,59000000.0,,,656000000.0,,,-1747000000.0,275000000.0,
2023-09-30,9345000000.0,3109000000.0,,,2217000000.0,6179000000.0,3130000000.0,,2877000000.0,628000000.0,2047000000.0,6.41,6.4,319400000.0,319900000.0,1645000000.0,,2547000000.0,,,,,4804000000.0,,254000000.0,34785000000.0,17635000000.0,900000000.0,60561000000.0,458000000.0,977000000.0,3022000000.0,5218000000.0,,,,507000000.0,21537000000.0,18725000000.0,-846000000.0,35419000000.0,60561000000.0,,143000000.0,-430000000.0,64000000.0,,,,,-71000000.0,,2376000000.0,,,,,293000000.0,95000000.0,,,607000000.0,,,-2602000000.0,359000000.0,
2023-12-31,12497000000.0,4141000000.0,,,3159000000.0,8443000000.0,4020000000.0,,3671000000.0,778000000.0,2626000000.0,8.25,8.23,318400000.0,318900000.0,1300000000.0,,2826000000.0,,64000000.0,,,5143000000.0,,258000000.0,34850000000.0,17398000000.0,536000000.0,60589000000.0,557000000.0,1033000000.0,3461000000.0,6125000000.0,,,,522000000.0,22489000000.0,18728000000.0,-763000000.0,34200000000.0,60589000000.0,1143000000.0,171000000.0,-381000000.0,291000000.0,,,,,352000000.0,,3710000000.0,,,,,296000000.0,143000000.0,,,562000000.0,,,-4280000000.0,4000000.0,1279000000.0
2024-03-31,3491000000.0,1120000000.0,,,705000000.0,2112000000.0,1385000000.0,,1316000000.0,248000000.0,991000000.0,3.16,3.16,313600000.0,314000000.0,1543000000.0,,2979000000.0,,,,,5428000000.0,,247000000.0,34748000000.0,17120000000.0,788000000.0,60477000000.0,458000000.0,975000000.0,3535000000.0,5877000000.0,,,,595000000.0,22228000000.0,19433000000.0,-825000000.0,34327000000.0,60477000000.0,,33000000.0,-67000000.0,185000000.0,,,,,84000000.0,,948000000.0,,,,,1000000.0,24000000.0,,,-20000000.0,,,-657000000.0,253000000.0,
2024-06-30,7040000000.0,2204000000.0,,,1439000000.0,4222000000.0,2837000000.0,,2694000000.0,540000000.0,2002000000.0,6.39,6.38,313300000.0,313600000.0,2038000000.0,,2709000000.0,,,,,5642000000.0,,248000000.0,34975000000.0,17099000000.0,825000000.0,60956000000.0,477000000.0,837000000.0,3406000000.0,5500000000.0,,,,820000000.0,21972000000.0,19957000000.0,-839000000.0,34881000000.0,60956000000.0,,82000000.0,-162000000.0,-106000000.0,,,,,-74000000.0,,2504000000.0,,,,,261000000.0,56000000.0,,,-319000000.0,,,-1405000000.0,748000000.0,
2024-09-30,10616000000.0,3277000000.0,,,2247000000.0,6397000000.0,4271000000.0,,4054000000.0,854000000.0,2972000000.0,9.51,9.5,312600000.0,312900000.0,1696000000.0,,2635000000.0,,,,,5202000000.0,,252000000.0,34991000000.0,16848000000.0,885000000.0,60368000000.0,475000000.0,720000000.0,3288000000.0,5505000000.0,,,,933000000.0,21977000000.0,20364000000.0,-714000000.0,33992000000.0,60368000000.0,,177000000.0,-271000000.0,-188000000.0,,,,,-209000000.0,,3949000000.0,,,,,264000000.0,91000000.0,,,-262000000.0,,,-3280000000.0,406000000.0,
