Date,Net sales,Cost of sales,Gross margin,Research and development,"Selling, general and administrative",Total operating expenses,Operating income,"Other income/(expense), net",Income before provision for income taxes,Provision for income taxes,Net income,Earnings per share basic,Earnings per share diluted,Weighted-average basic,Weighted-average diluted,Cash and cash equivalents,Short-term marketable securities,"Accounts receivable, net",Inventories,Deferred tax assets,Vendor non-trade receivables,Other current assets,Total current assets,Long-term marketable securities,"Property, Plant and Equipment, Net",Goodwill,"Acquired intangible assets, net","Other Assets, Noncurrent",Total assets,accounts payable,Accrued expenses,Deferred revenue,Total current liabilities,Deferred revenue - non-current,deferred tax liabilities,long term taxes payable,Total other non-current liabilities,Total liabilities,Retained Earnings (Accumulated Deficit),Accumulated other comprehensive (loss)/income,Total shareholders equity,Total liabilities and shareholders' equity,"Depreciation, amortization and accretion",Stock-based compensation expense,Deferred income tax expense,"Increase (Decrease) in Accounts receivable, net",Increase (Decrease) in Inventories,Increase (Decrease) in Other Receivables,Increase (Decrease) in Other Operating Assets,Increase (Decrease) in Accounts Payable,Increase (Decrease) in Deferred Revenue,Increase (Decrease) Other liabilities,Cash generated by operating activities,Purchases of marketable securities,Proceeds from maturities of marketable securities,Proceeds from sales of marketable securities,Purchases of other long-term investments,"Business acquisitions, net of cash acquired",Cash payments for capital asset purchases,Payments for acquisition of intangible assets,Payments for (Proceeds from) Other Investing Activities,Cash used in investing activities,Proceeds from issuance of common stock,Excess tax benefits from stock-based compensation,Cash generated/used in financing activities,Increase/(decrease) in cash and cash equivalents,"Cash paid for income taxes, net"
2010-12-31,,,,,,,,140000000.0,786000000.0,102000000.0,739000000.0,3.02,2.98,244736000.0,247942000.0,912000000.0,,891000000.0,258000000.0,1162000000.0,,192000000.0,3353000000.0,,19876000000.0,87000000.0,,600000000.0,30283000000.0,,765000000.0,,3786000000.0,,1561000000.0,,823000000.0,,7329000000.0,-330000000.0,9027000000.0,30283000000.0,,,52000000.0,,62000000.0,,-310000000.0,79000000.0,,-179000000.0,2154000000.0,,,,,292000000.0,2062000000.0,,11000000.0,-1283000000.0,40000000.0,,-69000000.0,802000000.0,68000000.0
2011-03-31,,,,,,,,43000000.0,342000000.0,109000000.0,258000000.0,1.07,1.07,240128000.0,241903000.0,1219000000.0,,922000000.0,176000000.0,36000000.0,,171000000.0,3426000000.0,,20200000000.0,,,630000000.0,30696000000.0,,701000000.0,,3654000000.0,,1633000000.0,,903000000.0,,7472000000.0,-332000000.0,9186000000.0,30696000000.0,,,,,,,,,,,805000000.0,,,,,,607000000.0,,7000000.0,-756000000.0,15000000.0,,258000000.0,307000000.0,37000000.0
2011-06-30,,,,,,,,74000000.0,928000000.0,201000000.0,769000000.0,3.21,3.19,239769000.0,241154000.0,392000000.0,,1014000000.0,211000000.0,,,185000000.0,2551000000.0,,22156000000.0,1059000000.0,450000000.0,645000000.0,31836000000.0,,627000000.0,,3575000000.0,,1826000000.0,,867000000.0,,7868000000.0,-358000000.0,9579000000.0,31836000000.0,,,,,,,,,,,1139000000.0,,,,,611000000.0,1225000000.0,,16000000.0,-1653000000.0,20000000.0,,-2000000.0,-520000000.0,75000000.0
2011-09-30,,,,,,,,86000000.0,1316000000.0,269000000.0,1065000000.0,4.44,4.4,239693000.0,241955000.0,657000000.0,,951000000.0,369000000.0,,,221000000.0,2938000000.0,,22703000000.0,1013000000.0,448000000.0,669000000.0,32616000000.0,,632000000.0,,3995000000.0,,1852000000.0,,818000000.0,,8048000000.0,-503000000.0,9630000000.0,32616000000.0,,,,,,,,,,,1643000000.0,,,,,611000000.0,2031000000.0,,20000000.0,-2304000000.0,22000000.0,,404000000.0,-255000000.0,106000000.0
2011-12-31,,,,,,,,130000000.0,1721000000.0,366000000.0,1357000000.0,5.66,5.62,239720000.0,241523000.0,252000000.0,,1198000000.0,346000000.0,1373000000.0,,143000000.0,2332000000.0,,23572000000.0,1036000000.0,448000000.0,691000000.0,33356000000.0,,615000000.0,,4163000000.0,,1554000000.0,,783000000.0,,8225000000.0,-489000000.0,9838000000.0,33356000000.0,,,147000000.0,,84000000.0,,-295000000.0,60000000.0,,-580000000.0,1867000000.0,,,,,611000000.0,2844000000.0,,31000000.0,-3070000000.0,28000000.0,,534000000.0,-660000000.0,144000000.0
2012-03-31,,,,,,,,75000000.0,357000000.0,117000000.0,236000000.0,0.98,0.97,240566000.0,243761000.0,404000000.0,,1062000000.0,222000000.0,,,146000000.0,2298000000.0,,24076000000.0,1071000000.0,443000000.0,799000000.0,34045000000.0,,682000000.0,,4480000000.0,,1601000000.0,,862000000.0,,8254000000.0,-418000000.0,9952000000.0,34045000000.0,,,,,,,,,,,699000000.0,,,,,,811000000.0,,5000000.0,-859000000.0,13000000.0,,310000000.0,152000000.0,38000000.0
2012-06-30,,,,,,,,93000000.0,305000000.0,-118000000.0,298000000.0,1.24,1.21,241141000.0,246260000.0,221000000.0,,853000000.0,249000000.0,,,237000000.0,2040000000.0,,24597000000.0,1067000000.0,441000000.0,712000000.0,34202000000.0,,559000000.0,,4434000000.0,,1544000000.0,,911000000.0,,8171000000.0,-456000000.0,9879000000.0,34202000000.0,523000000.0,,,,,,,,,,1152000000.0,,,,,19000000.0,1517000000.0,,10000000.0,-1781000000.0,45000000.0,,594000000.0,-31000000.0,93000000.0
2012-09-30,,,,,,,,137000000.0,634000000.0,49000000.0,566000000.0,2.35,2.31,241689000.0,245802000.0,530000000.0,,922000000.0,398000000.0,,,192000000.0,3078000000.0,,24990000000.0,1109000000.0,441000000.0,767000000.0,35390000000.0,,590000000.0,,4349000000.0,,1609000000.0,,1028000000.0,,8293000000.0,-389000000.0,10082000000.0,35390000000.0,803000000.0,,,,,,,,,,1688000000.0,,,,,19000000.0,2241000000.0,,12000000.0,-2576000000.0,50000000.0,,1157000000.0,278000000.0,99000000.0
2012-12-31,9647000000.0,,,,,,,172000000.0,943000000.0,59000000.0,859000000.0,3.56,3.48,241347000.0,246693000.0,475000000.0,,1146000000.0,408000000.0,2759000000.0,,152000000.0,3695000000.0,,25191000000.0,1111000000.0,436000000.0,878000000.0,36499000000.0,,608000000.0,,4258000000.0,,2100000000.0,,1084000000.0,,8441000000.0,-376000000.0,10282000000.0,36499000000.0,1090000000.0,,-40000000.0,,78000000.0,,-180000000.0,3000000.0,,-445000000.0,2018000000.0,,,,,19000000.0,2956000000.0,,11000000.0,-3158000000.0,78000000.0,,1355000000.0,223000000.0,130000000.0
2013-03-31,,,,,,,,37000000.0,352000000.0,178000000.0,178000000.0,0.73,0.72,243294000.0,247534000.0,1471000000.0,,1131000000.0,270000000.0,28000000.0,,118000000.0,4123000000.0,,25458000000.0,1113000000.0,434000000.0,895000000.0,37273000000.0,,788000000.0,,5189000000.0,,2248000000.0,,1027000000.0,,8466000000.0,-377000000.0,10423000000.0,37273000000.0,295000000.0,,,,,,,,,,835000000.0,,,,,,531000000.0,,2000000.0,-162000000.0,15000000.0,,320000000.0,996000000.0,14000000.0
2013-06-30,,,,,,,,63000000.0,650000000.0,210000000.0,423000000.0,1.74,1.7,243603000.0,248515000.0,954000000.0,,1007000000.0,357000000.0,76000000.0,,135000000.0,3661000000.0,,25171000000.0,1042000000.0,431000000.0,895000000.0,37020000000.0,,250000000.0,,4725000000.0,,2389000000.0,,1066000000.0,,8557000000.0,-219000000.0,10704000000.0,37020000000.0,542000000.0,,,,,,,,,,1105000000.0,,,,,,1130000000.0,,-2000000.0,-627000000.0,22000000.0,,4000000.0,479000000.0,78000000.0
2013-09-30,,,,,,,,79000000.0,1082000000.0,327000000.0,719000000.0,2.95,2.89,244140000.0,249259000.0,1061000000.0,,982000000.0,463000000.0,119000000.0,,211000000.0,3712000000.0,,24763000000.0,1045000000.0,428000000.0,928000000.0,36901000000.0,,250000000.0,,4530000000.0,,2543000000.0,,1045000000.0,,8700000000.0,-215000000.0,10909000000.0,36901000000.0,828000000.0,,,,,,,,,,1330000000.0,,,,,-11000000.0,1785000000.0,,10000000.0,-901000000.0,57000000.0,,157000000.0,586000000.0,106000000.0
2013-12-31,10557000000.0,,,,,,,140000000.0,1430000000.0,366000000.0,1001000000.0,4.1,4.01,243863000.0,249332000.0,904000000.0,,1308000000.0,287000000.0,2512000000.0,,170000000.0,3997000000.0,,25460000000.0,1024000000.0,426000000.0,1141000000.0,37244000000.0,,452000000.0,,4369000000.0,,2804000000.0,,1169000000.0,,8827000000.0,-228000000.0,11008000000.0,37244000000.0,1113000000.0,,338000000.0,,-116000000.0,,-15000000.0,-28000000.0,,-215000000.0,1784000000.0,,,,,11000000.0,2572000000.0,,12000000.0,-1689000000.0,62000000.0,,338000000.0,429000000.0,120000000.0
2014-03-31,2795000000.0,,,,,,,40000000.0,387000000.0,127000000.0,247000000.0,1.01,0.99,245277000.0,249669000.0,844000000.0,,1230000000.0,197000000.0,375000000.0,,180000000.0,4224000000.0,,25452000000.0,999000000.0,423000000.0,1146000000.0,37484000000.0,,615000000.0,,3875000000.0,,2958000000.0,,1195000000.0,,8912000000.0,-273000000.0,11040000000.0,37484000000.0,286000000.0,,,,,,,,,,904000000.0,,,,,,801000000.0,,2000000.0,-770000000.0,11000000.0,,-193000000.0,-60000000.0,41000000.0
2014-06-30,5473000000.0,,,,,,,89000000.0,763000000.0,220000000.0,516000000.0,2.1,2.07,245688000.0,250061000.0,789000000.0,,1051000000.0,267000000.0,390000000.0,,150000000.0,4195000000.0,,26012000000.0,1000000000.0,421000000.0,1197000000.0,38307000000.0,,548000000.0,,3882000000.0,,3010000000.0,,1189000000.0,,9019000000.0,-273000000.0,11194000000.0,38307000000.0,574000000.0,,,,,,,,,,1034000000.0,,,,,,1513000000.0,,-10000000.0,-1621000000.0,28000000.0,,472000000.0,-115000000.0,148000000.0
2014-09-30,8288000000.0,,,,,,,118000000.0,1210000000.0,291000000.0,864000000.0,3.52,3.45,246137000.0,250771000.0,667000000.0,,1055000000.0,472000000.0,452000000.0,,187000000.0,4414000000.0,,26409000000.0,951000000.0,418000000.0,1280000000.0,38982000000.0,,643000000.0,,4292000000.0,,3113000000.0,,1154000000.0,,9205000000.0,-371000000.0,11333000000.0,38982000000.0,866000000.0,,,,,,,,,,1661000000.0,,,,,0.0,2320000000.0,,-10000000.0,-2466000000.0,43000000.0,,572000000.0,-237000000.0,154000000.0
2014-12-31,11035000000.0,,,,,,,137000000.0,1524000000.0,300000000.0,1161000000.0,4.72,4.63,245891000.0,250655000.0,570000000.0,,1242000000.0,396000000.0,3051000000.0,,293000000.0,4184000000.0,,25902000000.0,931000000.0,415000000.0,561000000.0,39732000000.0,,649000000.0,,5069000000.0,,3003000000.0,,1104000000.0,,9339000000.0,-497000000.0,11326000000.0,39732000000.0,1156000000.0,,150000000.0,,133000000.0,,10000000.0,109000000.0,,-138000000.0,2161000000.0,,,,,0.0,3123000000.0,,-35000000.0,-3342000000.0,56000000.0,,854000000.0,-334000000.0,102000000.0
2015-03-31,2682000000.0,,,,,,,39000000.0,606000000.0,163000000.0,437000000.0,1.76,1.74,247722000.0,251206000.0,377000000.0,,1081000000.0,255000000.0,244000000.0,,354000000.0,3656000000.0,,26236000000.0,903000000.0,412000000.0,682000000.0,39551000000.0,,667000000.0,,3770000000.0,,3019000000.0,,1118000000.0,,9603000000.0,-613000000.0,11504000000.0,39551000000.0,303000000.0,,,,,,,,,,811000000.0,,,,,2000000.0,780000000.0,,-9000000.0,-770000000.0,17000000.0,,-231000000.0,-193000000.0,42000000.0
2015-06-30,5049000000.0,,,,,,,76000000.0,1002000000.0,261000000.0,732000000.0,2.95,2.91,248108000.0,251491000.0,636000000.0,,990000000.0,266000000.0,99000000.0,,356000000.0,3506000000.0,,26693000000.0,885000000.0,410000000.0,674000000.0,40006000000.0,,598000000.0,,4399000000.0,,3016000000.0,,1081000000.0,,9724000000.0,-596000000.0,11683000000.0,40006000000.0,610000000.0,,,,,,,,,,1219000000.0,,,,,2000000.0,1466000000.0,,-9000000.0,-1201000000.0,31000000.0,,50000000.0,66000000.0,72000000.0
2015-09-30,7530000000.0,,,,,,,88000000.0,1272000000.0,276000000.0,980000000.0,3.95,3.91,248432000.0,251024000.0,697000000.0,,1024000000.0,416000000.0,198000000.0,,406000000.0,3606000000.0,,27314000000.0,847000000.0,407000000.0,701000000.0,40566000000.0,,695000000.0,,5118000000.0,,3057000000.0,,1092000000.0,,9799000000.0,-761000000.0,11625000000.0,40566000000.0,925000000.0,,,,,,,,,,2089000000.0,,,,,3000000.0,2227000000.0,,-9000000.0,-1979000000.0,41000000.0,,29000000.0,127000000.0,37000000.0
2015-12-31,10231000000.0,,,,,,,126000000.0,1704000000.0,341000000.0,1349000000.0,5.43,5.37,248249000.0,250923000.0,403000000.0,,1283000000.0,298000000.0,3152000000.0,,267000000.0,2891000000.0,,28039000000.0,819000000.0,404000000.0,761000000.0,41150000000.0,,551000000.0,,4612000000.0,,3157000000.0,,1176000000.0,,9994000000.0,-806000000.0,11809000000.0,41150000000.0,1250000000.0,,244000000.0,,-65000000.0,,18000000.0,-157000000.0,,13000000.0,2905000000.0,,,,,3000000.0,3156000000.0,,-1000000.0,-2885000000.0,52000000.0,52000000.0,-173000000.0,-167000000.0,67000000.0
2016-03-31,2622000000.0,,,,,,,49000000.0,455000000.0,142000000.0,319000000.0,1.28,1.27,249734000.0,251412000.0,376000000.0,,1100000000.0,231000000.0,,,273000000.0,2883000000.0,,28433000000.0,849000000.0,402000000.0,825000000.0,41835000000.0,,549000000.0,,5132000000.0,,3222000000.0,,1188000000.0,,10125000000.0,-821000000.0,11946000000.0,41835000000.0,328000000.0,,,,,,,,,,592000000.0,,,,,0.0,971000000.0,,3000000.0,-989000000.0,15000000.0,34000000.0,364000000.0,-27000000.0,41000000.0
2016-06-30,4778000000.0,,,,,,,72000000.0,343000000.0,-106000000.0,335000000.0,1.34,1.33,250096000.0,251938000.0,616000000.0,,994000000.0,270000000.0,,,207000000.0,3341000000.0,,29495000000.0,786000000.0,399000000.0,806000000.0,42875000000.0,,481000000.0,,5680000000.0,,3071000000.0,,,,9952000000.0,-852000000.0,11781000000.0,42875000000.0,642000000.0,,,,,,,,,,882000000.0,,,,,0.0,2006000000.0,,6000000.0,-1593000000.0,29000000.0,34000000.0,916000000.0,213000000.0,73000000.0
2016-09-30,7313000000.0,,,,,,,98000000.0,1325000000.0,284000000.0,991000000.0,3.96,3.93,250386000.0,252405000.0,518000000.0,,1062000000.0,302000000.0,,,339000000.0,2924000000.0,,31487000000.0,2150000000.0,397000000.0,715000000.0,45526000000.0,,558000000.0,,6794000000.0,,3326000000.0,,,,10527000000.0,-865000000.0,12346000000.0,45526000000.0,970000000.0,,,,,,,,,,1691000000.0,,,,,-1096000000.0,3087000000.0,,2000000.0,-3432000000.0,40000000.0,0.0,1848000000.0,115000000.0,103000000.0
2016-12-31,10183000000.0,,,,,,,132000000.0,1830000000.0,389000000.0,1370000000.0,5.48,5.46,250217000.0,251155000.0,349000000.0,,1390000000.0,258000000.0,3589000000.0,,271000000.0,3110000000.0,,32931000000.0,2364000000.0,548000000.0,815000000.0,47786000000.0,,557000000.0,,5927000000.0,,3745000000.0,,,,10717000000.0,-748000000.0,12951000000.0,47786000000.0,1312000000.0,,222000000.0,,20000000.0,,41000000.0,122000000.0,,-55000000.0,2319000000.0,,,,,-1410000000.0,4214000000.0,,0.0,-4886000000.0,51000000.0,0.0,2513000000.0,-54000000.0,160000000.0
2017-03-31,3031000000.0,,,,,,,169000000.0,755000000.0,295000000.0,441000000.0,1.76,1.75,251131000.0,252246000.0,290000000.0,,1267000000.0,210000000.0,,,265000000.0,2953000000.0,,33492000000.0,2380000000.0,544000000.0,817000000.0,48284000000.0,,640000000.0,,5812000000.0,,4025000000.0,,,,10952000000.0,-696000000.0,13264000000.0,48284000000.0,360000000.0,,,,,,,,,,1004000000.0,,,,,,992000000.0,,-4000000.0,-1026000000.0,17000000.0,,-46000000.0,-59000000.0,47000000.0
2017-06-30,5564000000.0,,,,,,,260000000.0,1170000000.0,462000000.0,700000000.0,2.79,2.77,251447000.0,252822000.0,223000000.0,,1139000000.0,239000000.0,,,239000000.0,2767000000.0,,34561000000.0,2379000000.0,541000000.0,859000000.0,49376000000.0,,538000000.0,,6063000000.0,,,,,,11004000000.0,-718000000.0,13332000000.0,49376000000.0,728000000.0,,,,,,,,,,1889000000.0,,,,,,1802000000.0,,0.0,-2067000000.0,28000000.0,,44000000.0,-126000000.0,109000000.0
2017-09-30,8243000000.0,,,,,,,301000000.0,1185000000.0,378000000.0,757000000.0,3.01,2.99,251692000.0,253364000.0,189000000.0,,1212000000.0,296000000.0,,,337000000.0,2878000000.0,,35384000000.0,2393000000.0,537000000.0,954000000.0,50129000000.0,,589000000.0,,7194000000.0,,,,,,10855000000.0,-678000000.0,13265000000.0,50129000000.0,1106000000.0,,,,,,,,,,2710000000.0,,,,,0.0,2880000000.0,,-1000000.0,-3260000000.0,37000000.0,,381000000.0,-160000000.0,126000000.0
2017-12-31,11207000000.0,,,,,,,254000000.0,1585000000.0,1276000000.0,256000000.0,1.02,1.01,251545000.0,252300000.0,288000000.0,,1307000000.0,307000000.0,,,136000000.0,3341000000.0,,36503000000.0,2397000000.0,596000000.0,792000000.0,50454000000.0,,545000000.0,,6635000000.0,,,,,,10147000000.0,-626000000.0,12670000000.0,50454000000.0,1490000000.0,,1160000000.0,,49000000.0,,12000000.0,83000000.0,,-51000000.0,3625000000.0,,,,,-147000000.0,3949000000.0,,2000000.0,-4700000000.0,47000000.0,0.0,1007000000.0,-61000000.0,172000000.0
2018-03-31,2896000000.0,,,,,,,153000000.0,672000000.0,289000000.0,347000000.0,1.34,1.33,257932000.0,259490000.0,239000000.0,,1328000000.0,285000000.0,,,166000000.0,3394000000.0,,37025000000.0,2406000000.0,596000000.0,865000000.0,60485000000.0,,697000000.0,,9109000000.0,,,,,,10260000000.0,-545000000.0,15844000000.0,60485000000.0,386000000.0,,,,,,,,,,966000000.0,,,,,-9566000000.0,1035000000.0,,-26000000.0,-10632000000.0,1278000000.0,,9608000000.0,-57000000.0,34000000.0
2018-06-30,5252000000.0,,,,,,,99000000.0,-1298000000.0,-583000000.0,-561000000.0,-2.11,-2.11,265837000.0,265837000.0,252000000.0,,1123000000.0,288000000.0,,,148000000.0,4947000000.0,,34916000000.0,2371000000.0,221000000.0,842000000.0,59907000000.0,,566000000.0,,8602000000.0,,,,,,9455000000.0,-601000000.0,15826000000.0,59907000000.0,778000000.0,,,,,,,,,,1629000000.0,,,487000000.0,,-9566000000.0,1941000000.0,,-30000000.0,-11740000000.0,2090000000.0,,10077000000.0,-37000000.0,87000000.0
2018-09-30,8244000000.0,,,,,,,196000000.0,375000000.0,167000000.0,,1.0,0.99,273944000.0,275907000.0,212000000.0,,1252000000.0,345000000.0,,,202000000.0,5045000000.0,,35498000000.0,2363000000.0,229000000.0,852000000.0,60605000000.0,,722000000.0,,8491000000.0,,,,,,9485000000.0,-612000000.0,16617000000.0,60605000000.0,1158000000.0,,,,,,,,,,2591000000.0,,,703000000.0,,-9566000000.0,2815000000.0,,-29000000.0,-12704000000.0,2261000000.0,,10045000000.0,-76000000.0,120000000.0
2018-12-31,11027000000.0,,,,,,,72000000.0,810000000.0,96000000.0,,3.45,3.42,268072000.0,269852000.0,190000000.0,,1488000000.0,296000000.0,,,257000000.0,3645000000.0,,36796000000.0,2373000000.0,272000000.0,974000000.0,60638000000.0,,970000000.0,,7523000000.0,,,,,,10104000000.0,-764000000.0,17138000000.0,60638000000.0,1549000000.0,83000000.0,-178000000.0,,-23000000.0,,81000000.0,92000000.0,,-119000000.0,3447000000.0,,,890000000.0,,-9776000000.0,3784000000.0,,-31000000.0,-12557000000.0,2272000000.0,,9006000000.0,-118000000.0,174000000.0
2019-03-31,3043000000.0,,,,,,,82000000.0,506000000.0,42000000.0,,1.6,1.59,274674000.0,277228000.0,78000000.0,,1222000000.0,189000000.0,,,262000000.0,3262000000.0,,34698000000.0,1602000000.0,222000000.0,850000000.0,61618000000.0,,993000000.0,,8612000000.0,,,,,,10337000000.0,-817000000.0,17346000000.0,61618000000.0,383000000.0,21000000.0,,,,,,,,,951000000.0,,,225000000.0,,0.0,783000000.0,,-7000000.0,-610000000.0,11000000.0,,-381000000.0,,16000000.0
2019-06-30,5123000000.0,,,,,,,110000000.0,794000000.0,89000000.0,,2.89,2.85,274987000.0,279619000.0,168000000.0,,901000000.0,214000000.0,,,279000000.0,2783000000.0,,35282000000.0,1602000000.0,219000000.0,865000000.0,62727000000.0,,836000000.0,,8177000000.0,,,,,,10425000000.0,-848000000.0,17440000000.0,62727000000.0,772000000.0,39000000.0,,,,,,,,,1704000000.0,,,497000000.0,,0.0,1651000000.0,,-13000000.0,-2267000000.0,20000000.0,,611000000.0,48000000.0,64000000.0
2019-09-30,7506000000.0,,,,,,,103000000.0,1259000000.0,150000000.0,,5.83,5.74,277360000.0,295789000.0,106000000.0,,976000000.0,270000000.0,,,309000000.0,3666000000.0,,35520000000.0,1602000000.0,216000000.0,850000000.0,64585000000.0,,914000000.0,,9498000000.0,,,,,,10966000000.0,-978000000.0,18620000000.0,64585000000.0,1174000000.0,56000000.0,,,,,,,,,2118000000.0,,,728000000.0,,0.0,2590000000.0,,-33000000.0,-3439000000.0,757000000.0,,1575000000.0,251000000.0,289000000.0
2019-12-31,10141000000.0,,,,,,,,1764000000.0,315000000.0,,7.4,7.29,277904000.0,282033000.0,108000000.0,,1261000000.0,277000000.0,,,324000000.0,3339000000.0,,36452000000.0,1602000000.0,213000000.0,732000000.0,65665000000.0,,866000000.0,,9150000000.0,,,,,,11130000000.0,-939000000.0,19929000000.0,65665000000.0,1569000000.0,75000000.0,192000000.0,,22000000.0,,88000000.0,12000000.0,,-99000000.0,3088000000.0,,,914000000.0,,0.0,3708000000.0,,-30000000.0,-4593000000.0,1830000000.0,,1475000000.0,-29000000.0,254000000.0
2020-03-31,3007000000.0,,,,,,,,354000000.0,-207000000.0,,2.6,2.53,292790000.0,313925000.0,2247000000.0,,1222000000.0,217000000.0,,,307000000.0,5424000000.0,,37067000000.0,1602000000.0,211000000.0,691000000.0,68293000000.0,,990000000.0,,12177000000.0,,,,,,11577000000.0,-1190000000.0,20117000000.0,68293000000.0,412000000.0,22000000.0,,,,,,,,,1318000000.0,,,552000000.0,86000000.0,,1010000000.0,,-8000000.0,-1181000000.0,11000000.0,,2114000000.0,2237000000.0,68000000.0
2020-06-30,5131000000.0,,,,,,,,901000000.0,168000000.0,,10.24,9.91,293060000.0,307962000.0,4894000000.0,,1022000000.0,267000000.0,,,423000000.0,7640000000.0,,37945000000.0,1602000000.0,208000000.0,694000000.0,68385000000.0,,917000000.0,,9595000000.0,,,,,,13511000000.0,-542000000.0,23606000000.0,68385000000.0,824000000.0,36000000.0,,,,,,,,,1027000000.0,,,797000000.0,140000000.0,,2198000000.0,,-17000000.0,2854000000.0,13000000.0,,842000000.0,4713000000.0,1303000000.0
2020-09-30,7479000000.0,,,,,,,,1219000000.0,99000000.0,,11.48,11.43,291771000.0,292935000.0,3515000000.0,,1067000000.0,309000000.0,,,407000000.0,6394000000.0,,38784000000.0,1602000000.0,205000000.0,699000000.0,67222000000.0,,993000000.0,,7635000000.0,,,,,,13560000000.0,-513000000.0,23228000000.0,67222000000.0,1242000000.0,57000000.0,,,,,,,,,1629000000.0,,,1091000000.0,229000000.0,,3313000000.0,,-13000000.0,2415000000.0,10000000.0,,-710000000.0,3329000000.0,1376000000.0
2020-12-31,10310000000.0,,,,,,,,1783000000.0,249000000.0,,12.93,12.88,291077000.0,292252000.0,960000000.0,,1578000000.0,308000000.0,,,364000000.0,4511000000.0,,40003000000.0,1602000000.0,202000000.0,753000000.0,66623000000.0,,1016000000.0,,6839000000.0,,,,,,13673000000.0,-500000000.0,23373000000.0,66623000000.0,1666000000.0,71000000.0,159000000.0,,35000000.0,,-38000000.0,73000000.0,,-127000000.0,2591000000.0,,,1439000000.0,652000000.0,0.0,4676000000.0,,-15000000.0,553000000.0,11000000.0,,-2373000000.0,768000000.0,1385000000.0
2021-03-31,3141000000.0,,,,,,,,903000000.0,158000000.0,,2.91,2.87,300905000.0,308458000.0,725000000.0,,1595000000.0,274000000.0,,,333000000.0,4200000000.0,,,1602000000.0,397000000.0,765000000.0,67821000000.0,,1004000000.0,,6875000000.0,,,,,,14214000000.0,-399000000.0,23999000000.0,67821000000.0,442000000.0,17000000.0,,,,,,,,,1502000000.0,,,288000000.0,115000000.0,,1181000000.0,,-3000000.0,-1301000000.0,0.0,,-407000000.0,-207000000.0,30000000.0
2021-06-30,5611000000.0,,,,,,,,1369000000.0,297000000.0,,4.27,4.24,307800000.0,308607000.0,335000000.0,,1441000000.0,339000000.0,,,308000000.0,3760000000.0,,,1602000000.0,382000000.0,730000000.0,68608000000.0,,951000000.0,,7312000000.0,,,,,,14291000000.0,-444000000.0,25451000000.0,68608000000.0,905000000.0,34000000.0,,,,,,,,,2255000000.0,,,542000000.0,165000000.0,,2424000000.0,,-9000000.0,-2588000000.0,5000000.0,,-282000000.0,-614000000.0,73000000.0
2021-09-30,8259000000.0,,,,,,,,-1228000000.0,-342000000.0,,2.1,2.09,319144000.0,319144000.0,873000000.0,,1416000000.0,371000000.0,,,473000000.0,4593000000.0,,,1602000000.0,376000000.0,914000000.0,70472000000.0,,1192000000.0,,12944000000.0,,,,,,13292000000.0,-418000000.0,24554000000.0,70472000000.0,1376000000.0,48000000.0,,,,,,,,,2981000000.0,,,729000000.0,216000000.0,,3606000000.0,,-9000000.0,-3456000000.0,5000000.0,,397000000.0,-78000000.0,101000000.0
2021-12-31,11676000000.0,,,,,,,,833000000.0,99000000.0,,4.03,4.01,311755000.0,313036000.0,559000000.0,,2071000000.0,389000000.0,,,209000000.0,4375000000.0,,43894000000.0,1602000000.0,370000000.0,1244000000.0,72045000000.0,,1131000000.0,,10035000000.0,,,,,,13548000000.0,-318000000.0,25981000000.0,72045000000.0,1855000000.0,63000000.0,-77000000.0,,87000000.0,,220000000.0,263000000.0,,-105000000.0,3842000000.0,,,961000000.0,633000000.0,,5015000000.0,,-11000000.0,-5508000000.0,5000000.0,,1260000000.0,-404000000.0,230000000.0
2022-03-31,3689000000.0,,,,,,,,808000000.0,334000000.0,,1.93,1.93,316353000.0,317434000.0,2519000000.0,,1857000000.0,352000000.0,,,147000000.0,6501000000.0,,,1602000000.0,363000000.0,1268000000.0,74922000000.0,,1218000000.0,,9000000000.0,,,,,,13798000000.0,-229000000.0,26114000000.0,74922000000.0,493000000.0,17000000.0,,,,,,,,,1607000000.0,,,242000000.0,85000000.0,,1204000000.0,,1000000.0,-1290000000.0,3000000.0,,1638000000.0,1955000000.0,80000000.0
2022-06-30,6722000000.0,,,,,,,,1331000000.0,414000000.0,,3.71,3.7,315595000.0,316647000.0,1931000000.0,,1839000000.0,377000000.0,,,194000000.0,5902000000.0,,,1602000000.0,357000000.0,1319000000.0,75582000000.0,,1122000000.0,,7550000000.0,,,,,,13998000000.0,-167000000.0,26841000000.0,75582000000.0,994000000.0,32000000.0,,,,,,,,,2364000000.0,,,397000000.0,181000000.0,,2361000000.0,,-7000000.0,-2535000000.0,3000000.0,,1685000000.0,1512000000.0,233000000.0
2022-09-30,9828000000.0,,,,,,,,1630000000.0,435000000.0,,5.25,5.23,315301000.0,316457000.0,685000000.0,,1817000000.0,506000000.0,,,192000000.0,4465000000.0,,,1602000000.0,350000000.0,1401000000.0,75563000000.0,,1273000000.0,,7836000000.0,,,,,,14123000000.0,-120000000.0,27030000000.0,75563000000.0,1500000000.0,49000000.0,,,,,,,,,1455000000.0,,,530000000.0,275000000.0,,3540000000.0,,-6000000.0,-3183000000.0,4000000.0,,1936000000.0,205000000.0,241000000.0
2022-12-31,13722000000.0,,,,,,,,2009000000.0,556000000.0,,6.65,6.62,315159000.0,316378000.0,370000000.0,,2635000000.0,403000000.0,,,49000000.0,5912000000.0,,47782000000.0,1602000000.0,344000000.0,1382000000.0,78574000000.0,,1380000000.0,,9899000000.0,,,,,,14201000000.0,-135000000.0,27115000000.0,78574000000.0,2019000000.0,71000000.0,392000000.0,,17000000.0,,1608000000.0,430000000.0,,228000000.0,1142000000.0,,,639000000.0,376000000.0,,5357000000.0,,-6000000.0,-5039000000.0,4000000.0,,3779000000.0,-119000000.0,284000000.0
2023-03-31,5889000000.0,,,,,,,,1461000000.0,376000000.0,,3.08,3.07,314919000.0,316124000.0,534000000.0,,2581000000.0,315000000.0,,,65000000.0,5204000000.0,,,1602000000.0,337000000.0,1482000000.0,80549000000.0,,1217000000.0,,9630000000.0,,,,,,14796000000.0,-182000000.0,27667000000.0,80549000000.0,539000000.0,17000000.0,,,,,,,,,1980000000.0,,,156000000.0,85000000.0,,1830000000.0,,-2000000.0,-1895000000.0,0.0,,151000000.0,241000000.0,50000000.0
2023-06-30,8781000000.0,,,,,,,,2137000000.0,551000000.0,,4.99,4.97,315007000.0,316092000.0,1077000000.0,,1970000000.0,383000000.0,,,91000000.0,4847000000.0,,,1602000000.0,331000000.0,1549000000.0,82727000000.0,,,,8451000000.0,,,,282000000.0,,15024000000.0,-121000000.0,27836000000.0,82727000000.0,1088000000.0,31000000.0,,,,,,,,,3737000000.0,,,294000000.0,184000000.0,,4282000000.0,,-11000000.0,-4421000000.0,0.0,,1457000000.0,780000000.0,120000000.0
2023-09-30,11675000000.0,,,,,,,,2593000000.0,499000000.0,,3.64,3.63,630036000.0,632324000.0,1149000000.0,,1939000000.0,451000000.0,,,61000000.0,5310000000.0,,,1602000000.0,324000000.0,1874000000.0,85735000000.0,,,,8765000000.0,,,,303000000.0,,15371000000.0,-60000000.0,28238000000.0,85735000000.0,1651000000.0,53000000.0,,,,,,,,,5129000000.0,,,437000000.0,281000000.0,,6074000000.0,,-10000000.0,-6304000000.0,0.0,,2198000000.0,1029000000.0,162000000.0
2023-12-31,14848000000.0,,,,,,,,3260000000.0,490000000.0,3075000000.0,4.81,4.79,630296000.0,632733000.0,236000000.0,,2151000000.0,482000000.0,2926000000.0,,56000000.0,5470000000.0,,,1602000000.0,318000000.0,1603000000.0,87181000000.0,,,,10090000000.0,,,,307000000.0,,15732000000.0,-150000000.0,28675000000.0,87181000000.0,2227000000.0,80000000.0,187000000.0,,80000000.0,,-11000000.0,-270000000.0,,1270000000.0,6218000000.0,,,592000000.0,382000000.0,,8397000000.0,,-9000000.0,-8716000000.0,145000000.0,,2419000000.0,-73000000.0,197000000.0
2024-03-31,3697000000.0,,,,,,,,839000000.0,172000000.0,812000000.0,1.27,1.26,632821000.0,635354000.0,606000000.0,,2075000000.0,458000000.0,,,65000000.0,5640000000.0,,,1602000000.0,311000000.0,1776000000.0,89604000000.0,,,,9064000000.0,,,,298000000.0,,16141000000.0,-104000000.0,29135000000.0,89604000000.0,594000000.0,21000000.0,,,,,,,,,1851000000.0,,,181000000.0,193000000.0,,1933000000.0,,1000000.0,-2107000000.0,10000000.0,,700000000.0,445000000.0,25000000.0
2024-06-30,6181000000.0,,,,,,,,1307000000.0,-130000000.0,1537000000.0,2.39,2.38,633450000.0,636279000.0,228000000.0,,1552000000.0,467000000.0,,,39000000.0,4378000000.0,,,1602000000.0,305000000.0,1857000000.0,90473000000.0,,,,9540000000.0,,,,302000000.0,,16461000000.0,-121000000.0,29479000000.0,90473000000.0,1197000000.0,41000000.0,,,,,,,,,2520000000.0,,,380000000.0,387000000.0,,3830000000.0,,-8000000.0,-4168000000.0,18000000.0,,1618000000.0,-38000000.0,233000000.0
2024-09-30,8750000000.0,,,,,,,,1639000000.0,-105000000.0,2186000000.0,3.4,3.38,633752000.0,638061000.0,560000000.0,,1716000000.0,519000000.0,,,41000000.0,5099000000.0,,,1602000000.0,299000000.0,1706000000.0,93748000000.0,,,,9843000000.0,,,,347000000.0,,16707000000.0,-185000000.0,29703000000.0,93748000000.0,1811000000.0,63000000.0,,,,,,,,,3542000000.0,,,639000000.0,588000000.0,,5765000000.0,,-11000000.0,-6296000000.0,26000000.0,,3066000000.0,301000000.0,272000000.0
,,,,,,,,,,,,,,,,,,,,,,,,,,,,,,,,,,,,,,,,,,,,,,,,,,,,,,,,,,,,,,,,,,,
,,,,,,,,,,,,,,,,,,,,,,,,,,,,,,,,,,,,,,,,,,,,,,,,,,,,,,,,,,,,,,,,,,,
,,,,,,,,,,,,,,,,,,,,,,,,,,,,,,,,,,,,,,,,,,,,,,,,,,,,,,,,,,,,,,,,,,,
,,,,,,,,,,,,,,,,,,,,,,,,,,,,,,,,,,,,,,,,,,,,,,,,,,,,,,,,,,,,,,,,,,,
