Date,Net sales,Cost of sales,Gross margin,Research and development,"Selling, general and administrative",Total operating expenses,Operating income,"Other income/(expense), net",Income before provision for income taxes,Provision for income taxes,Net income,Earnings per share basic,Earnings per share diluted,Weighted-average basic,Weighted-average diluted,Cash and cash equivalents,Short-term marketable securities,"Accounts receivable, net",Inventories,Deferred tax assets,Vendor non-trade receivables,Other current assets,Total current assets,Long-term marketable securities,"Property, Plant and Equipment, Net",Goodwill,"Acquired intangible assets, net","Other Assets, Noncurrent",Total assets,accounts payable,Accrued expenses,Deferred revenue,Total current liabilities,Deferred revenue - non-current,deferred tax liabilities,long term taxes payable,Total other non-current liabilities,Total liabilities,Retained Earnings (Accumulated Deficit),Accumulated other comprehensive (loss)/income,Total shareholders equity,Total liabilities and shareholders' equity,"Depreciation, amortization and accretion",Stock-based compensation expense,Deferred income tax expense,"Increase (Decrease) in Accounts receivable, net",Increase (Decrease) in Inventories,Increase (Decrease) in Other Receivables,Increase (Decrease) in Other Operating Assets,Increase (Decrease) in Accounts Payable,Increase (Decrease) in Deferred Revenue,Increase (Decrease) Other liabilities,Cash generated by operating activities,Purchases of marketable securities,Proceeds from maturities of marketable securities,Proceeds from sales of marketable securities,Purchases of other long-term investments,"Business acquisitions, net of cash acquired",Cash payments for capital asset purchases,Payments for acquisition of intangible assets,Payments for (Proceeds from) Other Investing Activities,Cash used in investing activities,Proceeds from issuance of common stock,Excess tax benefits from stock-based compensation,Cash generated/used in financing activities,Increase/(decrease) in cash and cash equivalents,"Cash paid for income taxes, net"
2009-12-31,8640000000.0,,,,,,,,,722000000.0,-1881000000.0,-4.32,-4.31,470602000.0,474003000.0,,,,,,,,,,1953000000.0,4550000000.0,1810000000.0,,157946000000.0,,,,,,,,,143455000000.0,7071000000.0,-2238000000.0,14491000000.0,157946000000.0,,,,,,,,,,,-4269000000.0,58780000000.0,43995000000.0,8274000000.0,241000000.0,0.0,325000000.0,,-430000000.0,31632000000.0,2231000000.0,,-27903000000.0,-540000000.0,
2010-03-31,2296000000.0,,,,,,,,702000000.0,207000000.0,495000000.0,0.99,0.99,494588000.0,498056000.0,,,,,,,,,,1880000000.0,4515000000.0,1768000000.0,,153971000000.0,,,,,,,,,138561000000.0,7588000000.0,-1885000000.0,15410000000.0,153971000000.0,,,,,,,,,,,1755000000.0,16528000000.0,11371000000.0,5726000000.0,50000000.0,,25000000.0,,-137000000.0,2896000000.0,,,-5195000000.0,-544000000.0,
2010-09-30,6910000000.0,,,,,,,,1834000000.0,361000000.0,1473000000.0,2.94,2.93,495729000.0,498159000.0,,,,,2826000000.0,,,,,1835000000.0,5521000000.0,2812000000.0,,172964000000.0,,,,,,,,,155395000000.0,8556000000.0,-782000000.0,17569000000.0,172964000000.0,,,,,,,,,,,992000000.0,49443000000.0,26781000000.0,17634000000.0,95000000.0,2246000000.0,157000000.0,,-326000000.0,-6002000000.0,,,6952000000.0,1942000000.0,
2010-12-31,8953000000.0,,,,,,,,2086000000.0,530000000.0,1556000000.0,3.11,3.09,495394000.0,497924000.0,,,,,-172000000.0,,,,,1843000000.0,5597000000.0,2593000000.0,,160505000000.0,,,,,,,,,142718000000.0,8634000000.0,-689000000.0,17787000000.0,160505000000.0,,,1244000000.0,,,,,,,,823000000.0,65485000000.0,34250000000.0,24736000000.0,114000000.0,2332000000.0,262000000.0,,-363000000.0,3192000000.0,,,-3345000000.0,670000000.0,-11000000.0
2011-03-31,2361000000.0,,,,,,,,660000000.0,189000000.0,471000000.0,0.94,0.93,497471000.0,500980000.0,,,,,,,,,,1845000000.0,5720000000.0,2644000000.0,,171796000000.0,,,,,,,,,152616000000.0,9013000000.0,-238000000.0,19180000000.0,171796000000.0,,,10000000.0,,,,,,,,-1348000000.0,19008000000.0,7329000000.0,3935000000.0,25000000.0,77000000.0,89000000.0,,-14000000.0,-5594000000.0,,,6268000000.0,-674000000.0,
2011-06-30,4852000000.0,,,,,,,,1375000000.0,391000000.0,984000000.0,1.95,1.93,497137000.0,501044000.0,,,,,,,,,,1853000000.0,5748000000.0,2616000000.0,,190455000000.0,,,,,,,,,170621000000.0,9430000000.0,160000000.0,19834000000.0,190455000000.0,,,-15000000.0,,,-138000000.0,,,,,-4374000000.0,40870000000.0,21380000000.0,7552000000.0,63000000.0,77000000.0,192000000.0,,-194000000.0,-19402000000.0,,,25037000000.0,1261000000.0,
2011-09-30,7279000000.0,,,,,,,,2004000000.0,465000000.0,1539000000.0,3.05,3.03,495015000.0,498417000.0,,,,,,,,,,1738000000.0,5639000000.0,2486000000.0,,208795000000.0,,,,,,,,,189144000000.0,9889000000.0,-315000000.0,19651000000.0,208795000000.0,,,-96000000.0,,,199000000.0,,,,,-2113000000.0,58901000000.0,33705000000.0,11056000000.0,69000000.0,77000000.0,209000000.0,,-280000000.0,-29323000000.0,,,37612000000.0,6176000000.0,
2011-12-31,9594000000.0,,,,,,,,2536000000.0,616000000.0,1920000000.0,3.82,3.79,492598000.0,496072000.0,,,,,1249000000.0,,,,,1747000000.0,5645000000.0,2459000000.0,,216827000000.0,,,,,,,,,197429000000.0,10176000000.0,-659000000.0,19398000000.0,216827000000.0,,,218000000.0,,,89000000.0,,,,,3374000000.0,78748000000.0,44810000000.0,16272000000.0,69000000.0,214000000.0,298000000.0,,-287000000.0,-53895000000.0,,,49403000000.0,-1118000000.0,305000000.0
2012-03-31,2421000000.0,,,,,,,,586000000.0,159000000.0,427000000.0,0.86,0.85,484942000.0,490454000.0,,,,,,,,,,1736000000.0,5700000000.0,2443000000.0,,187956000000.0,,,,,,,,,167797000000.0,10478000000.0,-299000000.0,20159000000.0,187956000000.0,,,78000000.0,,,144000000.0,-929000000.0,,,156000000.0,1315000000.0,15344000000.0,10790000000.0,1087000000.0,11000000.0,0.0,85000000.0,,-26000000.0,26323000000.0,,,-28448000000.0,-810000000.0,
2012-06-30,4844000000.0,,,,,,,,1238000000.0,321000000.0,917000000.0,1.86,1.83,483165000.0,489145000.0,,,,,,,,,,1702000000.0,5611000000.0,2334000000.0,,200777000000.0,,,,,,,,,180880000000.0,10846000000.0,-537000000.0,19897000000.0,200777000000.0,,,-55000000.0,,,92000000.0,-913000000.0,,,-1136000000.0,-1449000000.0,28698000000.0,21653000000.0,2451000000.0,53000000.0,0.0,143000000.0,,-69000000.0,21090000000.0,,,-15746000000.0,3895000000.0,
2012-09-30,7200000000.0,,,,,,,,2179000000.0,588000000.0,1591000000.0,3.23,3.19,479536000.0,485813000.0,,,,,,,,,,1720000000.0,5650000000.0,2311000000.0,,204522000000.0,,,,,,,,,183773000000.0,11392000000.0,186000000.0,20749000000.0,204522000000.0,,,-44000000.0,,,111000000.0,-26000000.0,,,-1341000000.0,-404000000.0,42152000000.0,33047000000.0,4209000000.0,69000000.0,0.0,254000000.0,,-105000000.0,19482000000.0,,,-14839000000.0,4239000000.0,
2012-12-31,9649000000.0,,,,,,,,2766000000.0,705000000.0,2061000000.0,4.25,4.2,474458000.0,481129000.0,,,,,764000000.0,,,,,1728000000.0,5977000000.0,2539000000.0,,222582000000.0,,,,,,,,,201713000000.0,11751000000.0,360000000.0,20869000000.0,222582000000.0,,,225000000.0,,,148000000.0,360000000.0,,,-250000000.0,1826000000.0,60812000000.0,44375000000.0,5399000000.0,251000000.0,511000000.0,355000000.0,,-116000000.0,-4591000000.0,,,3162000000.0,397000000.0,-186000000.0
2013-03-31,2435000000.0,,,,,,,,609000000.0,145000000.0,464000000.0,1.0,0.98,454315000.0,462751000.0,,,,,,,,,,1756000000.0,5912000000.0,2452000000.0,,218189000000.0,,,,,,,,,197320000000.0,12090000000.0,251000000.0,20869000000.0,218189000000.0,,,57000000.0,,,133000000.0,-639000000.0,,,-846000000.0,113000000.0,8240000000.0,9723000000.0,2750000000.0,51000000.0,,119000000.0,,-36000000.0,8116000000.0,,,-6111000000.0,2118000000.0,
2013-06-30,4995000000.0,,,,,,,,1371000000.0,328000000.0,1043000000.0,2.26,2.22,453240000.0,461630000.0,,,,,,,,,,1772000000.0,5924000000.0,,,227300000000.0,,,,,,,,,207219000000.0,12545000000.0,-523000000.0,20081000000.0,227300000000.0,,,137000000.0,,,85000000.0,-1226000000.0,,,263000000.0,-2147000000.0,19707000000.0,20336000000.0,4817000000.0,90000000.0,,228000000.0,,-66000000.0,2433000000.0,,,2603000000.0,2889000000.0,
2013-09-30,7420000000.0,,,,,,,,2074000000.0,491000000.0,1583000000.0,3.46,3.4,449742000.0,458392000.0,,,,,,,,,,1816000000.0,6006000000.0,,,217180000000.0,,,,,,,,,196750000000.0,12963000000.0,-114000000.0,20430000000.0,217180000000.0,,,77000000.0,,,124000000.0,888000000.0,,,-442000000.0,-1050000000.0,29005000000.0,29540000000.0,8090000000.0,100000000.0,,259000000.0,,-84000000.0,11430000000.0,,,-9074000000.0,1306000000.0,
2013-12-31,9884000000.0,,,,,,,,2686000000.0,550000000.0,2136000000.0,4.71,4.62,446245000.0,455155000.0,,,,,895000000.0,,,,,1860000000.0,6036000000.0,,,243291000000.0,,,,,,,,,222913000000.0,13395000000.0,-95000000.0,20378000000.0,243291000000.0,,,112000000.0,,,153000000.0,819000000.0,,,113000000.0,-1974000000.0,39097000000.0,37529000000.0,10261000000.0,272000000.0,0.0,388000000.0,,-121000000.0,-14085000000.0,,,16689000000.0,630000000.0,406000000.0
2014-03-31,2485000000.0,,,,,,,,455000000.0,92000000.0,363000000.0,0.83,0.81,430621000.0,438815000.0,,,,,,,,,,1896000000.0,6038000000.0,,,256663000000.0,,,,,,,,,235390000000.0,13639000000.0,188000000.0,21273000000.0,256663000000.0,,,7000000.0,,,74000000.0,-34000000.0,,,1542000000.0,1947000000.0,10377000000.0,8733000000.0,1816000000.0,82000000.0,,110000000.0,,-18000000.0,-14514000000.0,,,13224000000.0,657000000.0,
2014-06-30,5083000000.0,,,,,,,,1201000000.0,216000000.0,985000000.0,2.23,2.19,429215000.0,436958000.0,,,,,,,,,,1920000000.0,6037000000.0,,,282324000000.0,,,,,,,,,260624000000.0,14114000000.0,489000000.0,21700000000.0,282324000000.0,,,19000000.0,,,98000000.0,475000000.0,,,2140000000.0,446000000.0,19624000000.0,18402000000.0,2842000000.0,133000000.0,,234000000.0,,-46000000.0,-34478000000.0,,,37059000000.0,3027000000.0,
2014-09-30,7665000000.0,,,,,,,,1889000000.0,344000000.0,1545000000.0,3.52,3.45,426775000.0,434510000.0,,,,,,,,,,1911000000.0,5899000000.0,,,274805000000.0,,,,,,,,,253649000000.0,14531000000.0,-107000000.0,21156000000.0,274805000000.0,,,-17000000.0,,,195000000.0,-1563000000.0,,,1430000000.0,-964000000.0,35393000000.0,28562000000.0,8205000000.0,169000000.0,,298000000.0,,-63000000.0,-23907000000.0,,,25797000000.0,926000000.0,
2014-12-31,10295000000.0,,,,,,,,2458000000.0,421000000.0,2037000000.0,4.65,4.57,424223000.0,432007000.0,,,,,600000000.0,,,,,1937000000.0,5826000000.0,,,274119000000.0,,,,,,,,,252646000000.0,14882000000.0,-507000000.0,21473000000.0,274119000000.0,,,79000000.0,,,119000000.0,-3612000000.0,,,-669000000.0,-561000000.0,43146000000.0,36120000000.0,9766000000.0,182000000.0,0.0,427000000.0,,-149000000.0,-28492000000.0,,72000000.0,27688000000.0,-1365000000.0,358000000.0
2015-03-31,2605000000.0,,,,,,,,504000000.0,95000000.0,409000000.0,0.91,0.9,412225000.0,418750000.0,,,,,,,,,,1933000000.0,5663000000.0,,,279476000000.0,,,,,,,,,258657000000.0,15135000000.0,-1006000000.0,20819000000.0,279476000000.0,,,0.0,,,39000000.0,-1528000000.0,,,982000000.0,397000000.0,10979000000.0,6467000000.0,1656000000.0,114000000.0,,96000000.0,,-11000000.0,-991000000.0,,34000000.0,1888000000.0,1294000000.0,
2015-06-30,5219000000.0,,,,,,,,982000000.0,151000000.0,831000000.0,1.87,1.84,411445000.0,417643000.0,,,,,,,,,,2035000000.0,5729000000.0,,,294571000000.0,,,,,,,,,273071000000.0,15390000000.0,-1011000000.0,21500000000.0,294571000000.0,,,52000000.0,,,143000000.0,-30000000.0,,,1323000000.0,-4527000000.0,14991000000.0,13440000000.0,9634000000.0,298000000.0,,301000000.0,,-44000000.0,-16837000000.0,,46000000.0,22593000000.0,1229000000.0,
2015-09-30,7838000000.0,,,,,,,,1634000000.0,219000000.0,1416000000.0,3.2,3.16,409816000.0,415772000.0,,,,,,,,,,1984000000.0,5716000000.0,,,247274000000.0,,,,,,,,,225742000000.0,15795000000.0,-1101000000.0,21500000000.0,247274000000.0,,,-12000000.0,,,29000000.0,-697000000.0,,,116000000.0,-4782000000.0,19494000000.0,20258000000.0,12417000000.0,353000000.0,,543000000.0,,-75000000.0,29793000000.0,,60000000.0,-23206000000.0,1805000000.0,
2015-12-31,10360000000.0,,,,,,,,2298000000.0,318000000.0,1980000000.0,4.53,4.47,407856000.0,413638000.0,,,,,182000000.0,,,,,1894000000.0,5671000000.0,,,245192000000.0,,,,,,,,,224057000000.0,16049000000.0,-1442000000.0,21103000000.0,245192000000.0,,,-168000000.0,,,104000000.0,-1164000000.0,,,-48000000.0,-1403000000.0,25397000000.0,28025000000.0,12309000000.0,366000000.0,,703000000.0,,-73000000.0,24995000000.0,,70000000.0,-24240000000.0,-648000000.0,211000000.0
2016-03-31,2484000000.0,,,,,,,,430000000.0,62000000.0,368000000.0,0.8,0.79,399421000.0,403615000.0,,,,,221000000.0,,,,,1949000000.0,5733000000.0,,,243685000000.0,,,,,,,,,222157000000.0,16233000000.0,-964000000.0,21496000000.0,243685000000.0,,,-23000000.0,,,25000000.0,874000000.0,,,1293000000.0,2852000000.0,6947000000.0,6544000000.0,226000000.0,80000000.0,,168000000.0,,-6000000.0,8027000000.0,,3000000.0,-8351000000.0,2528000000.0,
2016-06-30,5057000000.0,,,,,,,,1139000000.0,154000000.0,987000000.0,2.28,2.25,396790000.0,401113000.0,,,,,225000000.0,,,,,1994000000.0,5671000000.0,,,255386000000.0,,,,,,,,,233282000000.0,16686000000.0,-997000000.0,22073000000.0,255386000000.0,,,-32000000.0,,,53000000.0,307000000.0,,,1343000000.0,5012000000.0,15981000000.0,13621000000.0,305000000.0,214000000.0,,328000000.0,,-76000000.0,-2286000000.0,,3000000.0,740000000.0,3466000000.0,
2016-09-30,7677000000.0,,,,,,,,1775000000.0,226000000.0,1550000000.0,3.58,3.54,393959000.0,398413000.0,,,,,215000000.0,,,,,2042000000.0,5911000000.0,,,256140000000.0,,,,,,,,,233959000000.0,17047000000.0,-993000000.0,22150000000.0,256140000000.0,,,31000000.0,,,248000000.0,457000000.0,,,399000000.0,2276000000.0,22625000000.0,21564000000.0,424000000.0,265000000.0,437000000.0,477000000.0,,-129000000.0,-5552000000.0,,6000000.0,5559000000.0,2283000000.0,
2016-12-31,10207000000.0,,,,,,,,2120000000.0,-22000000.0,2143000000.0,5.03,4.97,391485000.0,396090000.0,,,,,210000000.0,,,,,2062000000.0,5814000000.0,,,242698000000.0,,,,,,,,,221479000000.0,17459000000.0,-2040000000.0,21219000000.0,242698000000.0,,,-358000000.0,,,298000000.0,-1772000000.0,,,-1147000000.0,2290000000.0,30162000000.0,30070000000.0,1401000000.0,643000000.0,437000000.0,613000000.0,,-170000000.0,4230000000.0,,13000000.0,-6413000000.0,107000000.0,371000000.0
2017-03-31,2668000000.0,,,,,,,,584000000.0,82000000.0,502000000.0,1.17,1.15,381224000.0,386417000.0,,,,,214000000.0,,,,,2101000000.0,5855000000.0,,,236802000000.0,,,,,,,,,215508000000.0,17762000000.0,-1805000000.0,21294000000.0,236802000000.0,,,-3000000.0,,,46000000.0,1606000000.0,,,1908000000.0,3509000000.0,6287000000.0,6836000000.0,2165000000.0,18000000.0,,164000000.0,,5000000.0,3210000000.0,,0.0,-5124000000.0,1595000000.0,
2017-06-30,5478000000.0,,,,,,,,1360000000.0,238000000.0,1122000000.0,2.72,2.69,378293000.0,383489000.0,,,,,211000000.0,,,,,2137000000.0,5945000000.0,,,238274000000.0,,,,,,,,,216206000000.0,18202000000.0,-1270000000.0,22068000000.0,238274000000.0,,,-56000000.0,,,161000000.0,1787000000.0,,,1354000000.0,3999000000.0,14880000000.0,15178000000.0,4354000000.0,19000000.0,,325000000.0,,-36000000.0,5016000000.0,,0.0,-7173000000.0,1842000000.0,
2017-09-30,8324000000.0,,,,,,,,2182000000.0,375000000.0,1807000000.0,4.41,4.35,376430000.0,381779000.0,,,,,213000000.0,,,,,2167000000.0,5997000000.0,,,235986000000.0,,,,,,,,,213489000000.0,18675000000.0,-984000000.0,22497000000.0,235986000000.0,,,-217000000.0,,,399000000.0,2063000000.0,,,1733000000.0,1857000000.0,20891000000.0,21619000000.0,7122000000.0,32000000.0,0.0,485000000.0,,-77000000.0,10879000000.0,,0.0,-10111000000.0,2625000000.0,
2017-12-31,11170000000.0,,,,,,,,2899000000.0,722000000.0,2177000000.0,5.32,5.24,374793000.0,380213000.0,,,,,113000000.0,,,,,2186000000.0,6022000000.0,,,238425000000.0,,,,,,,,,216108000000.0,18856000000.0,-1009000000.0,22317000000.0,238425000000.0,,,95000000.0,,,455000000.0,1341000000.0,,,9000000.0,6933000000.0,34841000000.0,28878000000.0,12439000000.0,233000000.0,0.0,637000000.0,,-102000000.0,48000000.0,,0.0,-6188000000.0,793000000.0,
2018-03-31,3019000000.0,,,,,,,,763000000.0,102000000.0,661000000.0,1.65,1.62,367439000.0,372619000.0,,,,,107000000.0,,,,,2194000000.0,6068000000.0,,,250286000000.0,,,,,,,,,227887000000.0,19311000000.0,-1074000000.0,22399000000.0,250286000000.0,,,-35000000.0,,,84000000.0,993000000.0,,,1091000000.0,4836000000.0,3922000000.0,4438000000.0,11720000000.0,8000000.0,,147000000.0,,-17000000.0,-8973000000.0,,,4576000000.0,439000000.0,
2018-06-30,6045000000.0,,,,,,,,1628000000.0,233000000.0,1395000000.0,3.55,3.51,366524000.0,371415000.0,,,,,109000000.0,,,,,2189000000.0,5973000000.0,,,248308000000.0,,,,,,,,,225737000000.0,19856000000.0,-1488000000.0,22571000000.0,248308000000.0,,,-93000000.0,,,-13000000.0,276000000.0,,,1379000000.0,3402000000.0,15459000000.0,8009000000.0,15687000000.0,173000000.0,,285000000.0,,-28000000.0,-1732000000.0,,,109000000.0,1779000000.0,
2018-09-30,8996000000.0,,,,,,,,2495000000.0,335000000.0,2160000000.0,5.45,5.38,374963000.0,379383000.0,,,,,120000000.0,,,,,2193000000.0,6016000000.0,,,234007000000.0,,,,,,,,,209454000000.0,20387000000.0,-1711000000.0,24553000000.0,234007000000.0,,,-98000000.0,,,97000000.0,64000000.0,,,750000000.0,8824000000.0,17949000000.0,11156000000.0,15712000000.0,243000000.0,63000000.0,436000000.0,,-39000000.0,11431000000.0,1150000000.0,,-18217000000.0,2038000000.0,
2018-12-31,11982000000.0,,,,,,,,2999000000.0,400000000.0,2599000000.0,6.48,6.4,371983000.0,376476000.0,,,,,830000000.0,,,,,2214000000.0,7446000000.0,,,244626000000.0,,,,,,,,,219836000000.0,20606000000.0,-1356000000.0,24790000000.0,244626000000.0,,,-145000000.0,,,-26000000.0,-260000000.0,,,397000000.0,10457000000.0,31814000000.0,14645000000.0,26082000000.0,326000000.0,2595000000.0,609000000.0,,-76000000.0,-4496000000.0,1150000000.0,0.0,-4471000000.0,1490000000.0,549000000.0
2019-03-31,2932000000.0,,,,,,,,635000000.0,127000000.0,508000000.0,1.2,1.18,377915000.0,381703000.0,,,,,,,,,,2230000000.0,7549000000.0,,,228332000000.0,,,,,,,,,203294000000.0,20911000000.0,-1180000000.0,25038000000.0,228332000000.0,,,-35000000.0,,,74000000.0,732000000.0,,,976000000.0,-495000000.0,7408000000.0,3959000000.0,152000000.0,71000000.0,54000000.0,171000000.0,,-264000000.0,21671000000.0,,,-20304000000.0,872000000.0,
2019-06-30,5805000000.0,,,,,,,,1353000000.0,258000000.0,1095000000.0,2.63,2.61,375832000.0,379465000.0,,,,,,,,,,2244000000.0,7565000000.0,,,241540000000.0,,,,,,,,,216086000000.0,21274000000.0,-874000000.0,25454000000.0,241540000000.0,,,56000000.0,,,-1000000.0,1070000000.0,,,1107000000.0,-80000000.0,20216000000.0,9166000000.0,3947000000.0,184000000.0,54000000.0,342000000.0,,-294000000.0,8553000000.0,,,-8328000000.0,145000000.0,
2019-09-30,8708000000.0,,,,,,,,2074000000.0,396000000.0,1678000000.0,4.07,4.03,372766000.0,376361000.0,,,,,,,,,,2306000000.0,7500000000.0,,,244606000000.0,,,,,,,,,219397000000.0,21612000000.0,-985000000.0,25209000000.0,244606000000.0,,,15000000.0,,,55000000.0,279000000.0,,,1471000000.0,4637000000.0,30204000000.0,15387000000.0,5185000000.0,611000000.0,54000000.0,569000000.0,,-466000000.0,2897000000.0,0.0,,-7148000000.0,386000000.0,
2019-12-31,11756000000.0,,,,,,,,2712000000.0,470000000.0,2242000000.0,5.43,5.38,369911000.0,373666000.0,,,,,1125000000.0,,,,,2282000000.0,7556000000.0,,,245610000000.0,,,,,,,,,221179000000.0,21918000000.0,-876000000.0,24431000000.0,245610000000.0,,,-130000000.0,,,28000000.0,713000000.0,,,294000000.0,5690000000.0,38164000000.0,20407000000.0,5642000000.0,647000000.0,54000000.0,730000000.0,,-720000000.0,-2626000000.0,0.0,0.0,-2974000000.0,90000000.0,510000000.0
2020-03-31,3065000000.0,,,,,,,,774000000.0,140000000.0,634000000.0,1.64,1.62,353746000.0,357993000.0,,,,,,,,,,2225000000.0,7506000000.0,,,362527000000.0,,,,,,,,,338666000000.0,22315000000.0,-920000000.0,23861000000.0,362527000000.0,,,8000000.0,,,43000000.0,891000000.0,,,4179000000.0,4039000000.0,8935000000.0,4219000000.0,1657000000.0,794000000.0,0.0,114000000.0,,-641000000.0,-112773000000.0,,,110364000000.0,1630000000.0,
2020-06-30,6002000000.0,,,,,,,,1577000000.0,249000000.0,1328000000.0,3.52,3.48,352952000.0,357028000.0,,,,,,,,,,2212000000.0,7538000000.0,,,280242000000.0,,,,,,,,,255369000000.0,22794000000.0,-430000000.0,24873000000.0,280242000000.0,,,3000000.0,,,3000000.0,844000000.0,,,4494000000.0,5375000000.0,16761000000.0,10147000000.0,2086000000.0,810000000.0,0.0,271000000.0,,-822000000.0,-38295000000.0,,,33303000000.0,383000000.0,
2020-09-30,8786000000.0,,,,,,,,2258000000.0,375000000.0,1883000000.0,4.99,4.93,352829000.0,357168000.0,,,,,,,,,,2193000000.0,7607000000.0,,,272075000000.0,,,,,,,,,246517000000.0,23128000000.0,-111000000.0,25558000000.0,272075000000.0,,,-35000000.0,,,60000000.0,430000000.0,,,526000000.0,156000000.0,30344000000.0,16257000000.0,2245000000.0,1237000000.0,0.0,424000000.0,,-1036000000.0,-26122000000.0,,,27512000000.0,1546000000.0,
2020-12-31,11703000000.0,,,,,,,,2899000000.0,479000000.0,2420000000.0,6.4,6.32,352865000.0,357106000.0,,,,,1296000000.0,,,,,2154000000.0,7683000000.0,,,314706000000.0,,,,,,,,,288506000000.0,23442000000.0,187000000.0,26200000000.0,314706000000.0,,,-194000000.0,,,-127000000.0,1406000000.0,,,-170000000.0,3532000000.0,37873000000.0,23644000000.0,2645000000.0,1436000000.0,0.0,560000000.0,,-1335000000.0,-65534000000.0,0.0,,62167000000.0,165000000.0,403000000.0
2021-03-31,2950000000.0,,,,,,,,627000000.0,108000000.0,519000000.0,1.39,1.37,350743000.0,355690000.0,,,,,,,,,,2143000000.0,7629000000.0,,,316885000000.0,,,,,,,,,291880000000.0,23751000000.0,-418000000.0,25005000000.0,316885000000.0,,,-26000000.0,,,197000000.0,377000000.0,,,2000000000.0,-3732000000.0,12324000000.0,5004000000.0,5168000000.0,34000000.0,214000000.0,162000000.0,,-81000000.0,6804000000.0,,,-1987000000.0,1085000000.0,
2021-06-30,5984000000.0,,,,,,,,1565000000.0,283000000.0,1282000000.0,3.49,3.44,348303000.0,353434000.0,,,,,,,,,,2169000000.0,7629000000.0,,,326528000000.0,,,,,,,,,301361000000.0,24300000000.0,-422000000.0,25167000000.0,326528000000.0,,,-15000000.0,,,254000000.0,1444000000.0,,,1971000000.0,-11325000000.0,28565000000.0,11090000000.0,6854000000.0,106000000.0,257000000.0,359000000.0,,-184000000.0,-3088000000.0,,,15565000000.0,1152000000.0,
2021-09-30,8974000000.0,,,,,,,,2441000000.0,445000000.0,1996000000.0,5.49,5.4,348106000.0,353494000.0,,,,,,,,,,2191000000.0,7650000000.0,,,323139000000.0,,,,,,,,,295825000000.0,24785000000.0,-682000000.0,27314000000.0,323139000000.0,,,-52000000.0,,,302000000.0,-279000000.0,,,1468000000.0,-10937000000.0,39972000000.0,16281000000.0,9252000000.0,122000000.0,346000000.0,556000000.0,,-236000000.0,-478000000.0,1900000000.0,,12554000000.0,1139000000.0,
2021-12-31,12027000000.0,,,,,,,,3171000000.0,478000000.0,2693000000.0,7.3,7.19,352565000.0,357962000.0,,,,,1241000000.0,,,,,,7621000000.0,,,314624000000.0,,,,,,,,,287261000000.0,25238000000.0,-1133000000.0,27363000000.0,314624000000.0,,,-162000000.0,,,173000000.0,-691000000.0,,,-574000000.0,-6710000000.0,53750000000.0,23484000000.0,12822000000.0,216000000.0,346000000.0,811000000.0,,-241000000.0,-2172000000.0,1900000000.0,,9046000000.0,164000000.0,559000000.0
2022-03-31,3081000000.0,,,,,,,,754000000.0,150000000.0,604000000.0,1.59,1.57,366542000.0,372037000.0,,,,,,,,,,2229000000.0,7582000000.0,,,322350000000.0,,,,,,,,,296126000000.0,25612000000.0,-2698000000.0,26224000000.0,322350000000.0,,,7000000.0,,,168000000.0,955000000.0,,,5862000000.0,4586000000.0,11689000000.0,4494000000.0,1600000000.0,71000000.0,3000000.0,138000000.0,,-11000000.0,-4336000000.0,,,-905000000.0,-655000000.0,
2022-06-30,6034000000.0,,,,,,,,1589000000.0,238000000.0,1351000000.0,3.53,3.48,367375000.0,372123000.0,,,,,,,,,,2240000000.0,7465000000.0,,,300223000000.0,,,,,,,,,274456000000.0,26115000000.0,-3687000000.0,25767000000.0,300223000000.0,,,57000000.0,,,125000000.0,435000000.0,,,2177000000.0,451000000.0,13899000000.0,10177000000.0,4492000000.0,167000000.0,0.0,320000000.0,,-57000000.0,13246000000.0,,,-13813000000.0,-116000000.0,
2022-09-30,8993000000.0,,,,,,,,2438000000.0,397000000.0,2041000000.0,5.35,5.28,367789000.0,372418000.0,,,,,,,,,,2283000000.0,7351000000.0,,,303568000000.0,,,,,,,,,277920000000.0,26552000000.0,-4268000000.0,25648000000.0,303568000000.0,,,-6000000.0,,,248000000.0,-1644000000.0,,,700000000.0,4918000000.0,15777000000.0,14952000000.0,4545000000.0,193000000.0,0.0,530000000.0,,-102000000.0,7911000000.0,0.0,,-13712000000.0,-883000000.0,
2022-12-31,12148000000.0,,,,,,,,3327000000.0,553000000.0,2774000000.0,7.28,7.19,365214000.0,370109000.0,,,,,2074000000.0,,,,,,7495000000.0,,,301450000000.0,,,,,,,,,276259000000.0,27028000000.0,-3711000000.0,25191000000.0,301450000000.0,,,-62000000.0,,,156000000.0,-421000000.0,,,557000000.0,11954000000.0,18029000000.0,17254000000.0,4590000000.0,250000000.0,0.0,734000000.0,,-51000000.0,6816000000.0,0.0,,-18431000000.0,339000000.0,436000000.0
2023-03-31,3101000000.0,,,,,,,,688000000.0,139000000.0,549000000.0,1.54,1.52,341106000.0,345472000.0,,,,,,,,,,2337000000.0,7530000000.0,,,290816000000.0,,,,,,,,,266066000000.0,27342000000.0,-3272000000.0,24750000000.0,290816000000.0,,,32000000.0,,,136000000.0,-282000000.0,,,-796000000.0,-2862000000.0,5239000000.0,3436000000.0,232000000.0,0.0,,182000000.0,,-188000000.0,14312000000.0,,,-11722000000.0,-272000000.0,75000000.0
2023-06-30,6211000000.0,,,,,,,,1604000000.0,292000000.0,1312000000.0,3.73,3.68,335212000.0,339473000.0,,,,,,,,,,2349000000.0,7544000000.0,,,294561000000.0,,,,,,,,,270357000000.0,27808000000.0,-3258000000.0,24204000000.0,294561000000.0,,,16000000.0,,,298000000.0,691000000.0,,,-360000000.0,-3714000000.0,10208000000.0,7494000000.0,694000000.0,0.0,,352000000.0,,-118000000.0,16398000000.0,,,-12724000000.0,-40000000.0,215000000.0
2023-09-30,8902000000.0,,,,,,,,2115000000.0,381000000.0,1734000000.0,5.03,4.97,327776000.0,332011000.0,,,,,,,,,,2334000000.0,7487000000.0,,,284415000000.0,,,,,,,,,260794000000.0,27993000000.0,-3045000000.0,23621000000.0,284415000000.0,,,8000000.0,,,440000000.0,338000000.0,,,-504000000.0,-3492000000.0,17243000000.0,11870000000.0,4570000000.0,0.0,,487000000.0,,-130000000.0,26566000000.0,,,-23035000000.0,39000000.0,258000000.0
2023-12-31,11945000000.0,,,,,,,,2316000000.0,372000000.0,1944000000.0,5.65,5.58,322337000.0,326568000.0,,,,,1896000000.0,,,,,2399000000.0,7611000000.0,,,297258000000.0,,,,,,,,,273459000000.0,27957000000.0,-2354000000.0,23799000000.0,297258000000.0,,,-184000000.0,,,359000000.0,1839000000.0,,,-128000000.0,690000000.0,23089000000.0,15703000000.0,4917000000.0,136000000.0,61000000.0,816000000.0,,-117000000.0,12738000000.0,0.0,,-13351000000.0,77000000.0,423000000.0
2024-03-31,3138000000.0,,,,,,,,598000000.0,135000000.0,463000000.0,1.38,1.37,301991000.0,305943000.0,,,,,,,,,,2479000000.0,7582000000.0,,,338003000000.0,,,,,,,,,313570000000.0,28166000000.0,-2369000000.0,24433000000.0,338003000000.0,,,8000000.0,,,206000000.0,-1176000000.0,,,2219000000.0,-844000000.0,9857000000.0,4484000000.0,943000000.0,31000000.0,12000000.0,230000000.0,,-23000000.0,-41352000000.0,,,41562000000.0,-634000000.0,118000000.0
2024-06-30,6329000000.0,,,,,,,,1510000000.0,336000000.0,1174000000.0,3.56,3.52,301278000.0,305354000.0,,,,,,,,,,2539000000.0,7751000000.0,,,325603000000.0,,,,,,,,,300841000000.0,28615000000.0,-2314000000.0,24762000000.0,325603000000.0,,,17000000.0,,,256000000.0,-717000000.0,,,820000000.0,-8488000000.0,22416000000.0,8397000000.0,1479000000.0,48000000.0,194000000.0,443000000.0,,75000000.0,-22174000000.0,,,29513000000.0,-1149000000.0,248000000.0
2024-09-30,9588000000.0,,,,,,,,2435000000.0,531000000.0,1904000000.0,5.85,5.77,299964000.0,304176000.0,,,,,,,,,,2621000000.0,7833000000.0,,,338481000000.0,,,,,,,,,312653000000.0,29073000000.0,-1625000000.0,25828000000.0,338481000000.0,,,57000000.0,,,351000000.0,-183000000.0,,,1324000000.0,-5780000000.0,32386000000.0,13280000000.0,8405000000.0,104000000.0,194000000.0,677000000.0,,97000000.0,-28441000000.0,,,34241000000.0,20000000.0,345000000.0
