Date,Net sales,Cost of sales,Gross margin,Research and development,"Selling, general and administrative",Total operating expenses,Operating income,"Other income/(expense), net",Income before provision for income taxes,Provision for income taxes,Net income,Earnings per share basic,Earnings per share diluted,Weighted-average basic,Weighted-average diluted,Cash and cash equivalents,Short-term marketable securities,"Accounts receivable, net",Inventories,Deferred tax assets,Vendor non-trade receivables,Other current assets,Total current assets,Long-term marketable securities,"Property, Plant and Equipment, Net",Goodwill,"Acquired intangible assets, net","Other Assets, Noncurrent",Total assets,accounts payable,Accrued expenses,Deferred revenue,Total current liabilities,Deferred revenue - non-current,deferred tax liabilities,long term taxes payable,Total other non-current liabilities,Total liabilities,Retained Earnings (Accumulated Deficit),Accumulated other comprehensive (loss)/income,Total shareholders equity,Total liabilities and shareholders' equity,"Depreciation, amortization and accretion",Stock-based compensation expense,Deferred income tax expense,"Increase (Decrease) in Accounts receivable, net",Increase (Decrease) in Inventories,Increase (Decrease) in Other Receivables,Increase (Decrease) in Other Operating Assets,Increase (Decrease) in Accounts Payable,Increase (Decrease) in Deferred Revenue,Increase (Decrease) Other liabilities,Cash generated by operating activities,Purchases of marketable securities,Proceeds from maturities of marketable securities,Proceeds from sales of marketable securities,Purchases of other long-term investments,"Business acquisitions, net of cash acquired",Cash payments for capital asset purchases,Payments for acquisition of intangible assets,Payments for (Proceeds from) Other Investing Activities,Cash used in investing activities,Proceeds from issuance of common stock,Excess tax benefits from stock-based compensation,Cash generated/used in financing activities,Increase/(decrease) in cash and cash equivalents,"Cash paid for income taxes, net"
2010-10-01,2697000000.0,2147000000.0,,209000000.0,105000000.0,2466000000.0,231000000.0,-78000000.0,153000000.0,4000000.0,,0.32,0.31,471000000.0,487000000.0,1783000000.0,283000000.0,1511000000.0,743000000.0,125000000.0,,609000000.0,5156000000.0,,2275000000.0,,,178000000.0,7988000000.0,1776000000.0,466000000.0,,3116000000.0,,,62000000.0,101000000.0,5065000000.0,-974000000.0,24000000.0,,7988000000.0,189000000.0,13000000.0,8000000.0,111000000.0,-14000000.0,,,159000000.0,,,245000000.0,80000000.0,11000000.0,38000000.0,,,358000000.0,,2000000.0,-379000000.0,,,-346000000.0,-480000000.0,
2010-12-31,5417000000.0,4338000000.0,,422000000.0,206000000.0,4979000000.0,438000000.0,-110000000.0,328000000.0,29000000.0,299000000.0,0.64,0.61,470000000.0,487000000.0,2528000000.0,286000000.0,1392000000.0,808000000.0,112000000.0,,603000000.0,5826000000.0,,2262000000.0,,,194000000.0,8658000000.0,1832000000.0,453000000.0,,3178000000.0,,,57000000.0,109000000.0,5882000000.0,-1129000000.0,11000000.0,2776000000.0,8658000000.0,379000000.0,26000000.0,27000000.0,-9000000.0,51000000.0,,,243000000.0,,,752000000.0,145000000.0,13000000.0,96000000.0,,,560000000.0,,1000000.0,-580000000.0,,,93000000.0,265000000.0,
2011-04-01,8112000000.0,6517000000.0,,646000000.0,317000000.0,7496000000.0,616000000.0,-166000000.0,450000000.0,58000000.0,392000000.0,0.85,0.83,459000000.0,475000000.0,2201000000.0,279000000.0,1394000000.0,834000000.0,107000000.0,,586000000.0,5504000000.0,,2208000000.0,,,195000000.0,8280000000.0,1778000000.0,419000000.0,,3105000000.0,,,68000000.0,105000000.0,5793000000.0,-1441000000.0,-2000000.0,2487000000.0,8280000000.0,567000000.0,38000000.0,35000000.0,-7000000.0,77000000.0,,,181000000.0,,,947000000.0,208000000.0,59000000.0,118000000.0,,,685000000.0,,,-703000000.0,,,-306000000.0,-62000000.0,
2011-07-01,10971000000.0,8825000000.0,,875000000.0,445000000.0,10165000000.0,806000000.0,-227000000.0,579000000.0,68000000.0,511000000.0,1.13,1.09,451000000.0,467000000.0,2677000000.0,474000000.0,1495000000.0,872000000.0,462000000.0,,706000000.0,6425000000.0,,2245000000.0,,,181000000.0,9225000000.0,2063000000.0,438000000.0,,3463000000.0,,,67000000.0,121000000.0,6762000000.0,-1511000000.0,-6000000.0,2463000000.0,9225000000.0,754000000.0,51000000.0,46000000.0,95000000.0,115000000.0,,,386000000.0,,,1264000000.0,487000000.0,101000000.0,159000000.0,,,843000000.0,,2000000.0,-981000000.0,,,131000000.0,414000000.0,18000000.0
2011-09-30,2811000000.0,2262000000.0,,208000000.0,105000000.0,2575000000.0,236000000.0,-84000000.0,152000000.0,12000000.0,140000000.0,0.33,0.32,421000000.0,433000000.0,2474000000.0,426000000.0,1449000000.0,825000000.0,97000000.0,,639000000.0,5998000000.0,,2190000000.0,,,170000000.0,8732000000.0,1674000000.0,469000000.0,,3039000000.0,,,73000000.0,119000000.0,6307000000.0,-1574000000.0,-20000000.0,2425000000.0,8732000000.0,182000000.0,12000000.0,,-49000000.0,-47000000.0,,,-298000000.0,,,160000000.0,254000000.0,87000000.0,214000000.0,,,218000000.0,,,-149000000.0,,,-214000000.0,-203000000.0,
2011-12-30,6007000000.0,4448000000.0,,467000000.0,245000000.0,5166000000.0,841000000.0,-132000000.0,709000000.0,6000000.0,703000000.0,1.66,1.61,427000000.0,439000000.0,1825000000.0,0.0,1627000000.0,827000000.0,99000000.0,,522000000.0,5400000000.0,0.0,2210000000.0,468000000.0,576000000.0,141000000.0,9171000000.0,1461000000.0,438000000.0,,2372000000.0,,,75000000.0,151000000.0,5706000000.0,-1150000000.0,-13000000.0,3465000000.0,9171000000.0,373000000.0,26000000.0,-4000000.0,130000000.0,-181000000.0,,,-500000000.0,,,879000000.0,309000000.0,115000000.0,260000000.0,,,361000000.0,,-4000000.0,-843000000.0,,,-888000000.0,-852000000.0,
2012-03-30,10457000000.0,7257000000.0,,737000000.0,388000000.0,8406000000.0,2051000000.0,-182000000.0,1869000000.0,20000000.0,1849000000.0,4.29,4.16,446000000.0,463000000.0,1638000000.0,408000000.0,2478000000.0,841000000.0,97000000.0,,808000000.0,6368000000.0,,2179000000.0,464000000.0,541000000.0,134000000.0,10064000000.0,2172000000.0,499000000.0,,3154000000.0,,,80000000.0,140000000.0,6390000000.0,-1121000000.0,-9000000.0,3674000000.0,10064000000.0,597000000.0,38000000.0,-5000000.0,983000000.0,-167000000.0,,,191000000.0,,,1817000000.0,382000000.0,118000000.0,330000000.0,,,497000000.0,,-12000000.0,-965000000.0,,,-1891000000.0,-1039000000.0,
2012-06-29,14939000000.0,10255000000.0,,1006000000.0,528000000.0,11831000000.0,3108000000.0,-226000000.0,2882000000.0,20000000.0,2862000000.0,6.72,6.49,426000000.0,441000000.0,1707000000.0,411000000.0,2319000000.0,909000000.0,490000000.0,,767000000.0,6310000000.0,15000000.0,2284000000.0,463000000.0,506000000.0,147000000.0,10106000000.0,2286000000.0,531000000.0,,3396000000.0,,,84000000.0,138000000.0,6609000000.0,-1444000000.0,-9000000.0,3497000000.0,10106000000.0,814000000.0,51000000.0,-28000000.0,824000000.0,-99000000.0,,,157000000.0,,,3262000000.0,454000000.0,119000000.0,397000000.0,,,636000000.0,,6000000.0,-1114000000.0,,,-3118000000.0,-970000000.0,8000000.0
2012-09-28,3732000000.0,2671000000.0,,268000000.0,150000000.0,3108000000.0,624000000.0,-24000000.0,600000000.0,18000000.0,582000000.0,1.48,1.42,394000000.0,409000000.0,1894000000.0,,1684000000.0,845000000.0,112000000.0,,638000000.0,5749000000.0,,2243000000.0,475000000.0,517000000.0,135000000.0,9522000000.0,1808000000.0,516000000.0,,2753000000.0,,,87000000.0,152000000.0,5987000000.0,-1658000000.0,17000000.0,3483000000.0,9522000000.0,212000000.0,17000000.0,-5000000.0,-648000000.0,-110000000.0,,,-373000000.0,,,1132000000.0,74000000.0,5000000.0,64000000.0,,36000000.0,263000000.0,,,-265000000.0,,,-681000000.0,187000000.0,
2012-12-28,7400000000.0,5347000000.0,,545000000.0,289000000.0,6221000000.0,1179000000.0,-80000000.0,1099000000.0,25000000.0,1074000000.0,2.81,2.73,382000000.0,394000000.0,1383000000.0,,1648000000.0,800000000.0,112000000.0,,487000000.0,5017000000.0,,2228000000.0,476000000.0,480000000.0,132000000.0,8742000000.0,1685000000.0,473000000.0,,2643000000.0,,,84000000.0,140000000.0,5817000000.0,-2261000000.0,18000000.0,2911000000.0,8742000000.0,430000000.0,36000000.0,-11000000.0,-683000000.0,-156000000.0,,,-496000000.0,,,1976000000.0,168000000.0,21000000.0,125000000.0,,36000000.0,427000000.0,,,-453000000.0,,,-1849000000.0,-324000000.0,
2013-06-28,14351000000.0,10411000000.0,,1133000000.0,635000000.0,12260000000.0,2091000000.0,-260000000.0,1831000000.0,-7000000.0,1838000000.0,4.97,4.81,370000000.0,382000000.0,1708000000.0,480000000.0,1670000000.0,854000000.0,554000000.0,,484000000.0,5412000000.0,15000000.0,2269000000.0,476000000.0,405000000.0,225000000.0,9243000000.0,1690000000.0,407000000.0,,2611000000.0,,15000000.0,87000000.0,121000000.0,5737000000.0,-1778000000.0,-13000000.0,3495000000.0,9243000000.0,873000000.0,76000000.0,-70000000.0,-661000000.0,-102000000.0,272000000.0,,-538000000.0,,,3047000000.0,351000000.0,38000000.0,296000000.0,,36000000.0,786000000.0,,15000000.0,-825000000.0,,,-2222000000.0,1000000.0,48000000.0
2013-09-27,3489000000.0,2514000000.0,,294000000.0,181000000.0,3011000000.0,478000000.0,-38000000.0,440000000.0,13000000.0,427000000.0,1.2,1.16,357000000.0,368000000.0,1924000000.0,,1618000000.0,871000000.0,114000000.0,,501000000.0,5625000000.0,,2187000000.0,477000000.0,369000000.0,230000000.0,9345000000.0,1683000000.0,439000000.0,,2514000000.0,,,93000000.0,130000000.0,5656000000.0,-1668000000.0,-6000000.0,3678000000.0,9345000000.0,228000000.0,27000000.0,-1000000.0,-49000000.0,17000000.0,,,47000000.0,,,682000000.0,87000000.0,32000000.0,49000000.0,,0.0,161000000.0,,19000000.0,-186000000.0,,,-282000000.0,216000000.0,
2013-12-27,7017000000.0,5055000000.0,,606000000.0,371000000.0,6095000000.0,922000000.0,-40000000.0,882000000.0,27000000.0,428000000.0,2.46,2.39,347000000.0,357000000.0,2293000000.0,,1615000000.0,948000000.0,116000000.0,,267000000.0,5289000000.0,,2128000000.0,477000000.0,329000000.0,202000000.0,8890000000.0,1577000000.0,455000000.0,,2457000000.0,,,103000000.0,122000000.0,6395000000.0,-2902000000.0,-7000000.0,2495000000.0,8890000000.0,457000000.0,57000000.0,-15000000.0,-51000000.0,94000000.0,-199000000.0,,-46000000.0,,,1538000000.0,87000000.0,61000000.0,463000000.0,,0.0,304000000.0,,28000000.0,177000000.0,,,-1132000000.0,585000000.0,
2014-06-27,13724000000.0,9878000000.0,,1226000000.0,722000000.0,11948000000.0,1776000000.0,-220000000.0,1556000000.0,-14000000.0,1570000000.0,4.66,4.52,337000000.0,347000000.0,2634000000.0,20000000.0,1729000000.0,985000000.0,615000000.0,,279000000.0,5777000000.0,,2136000000.0,537000000.0,359000000.0,184000000.0,9492000000.0,1549000000.0,405000000.0,,2398000000.0,,10000000.0,90000000.0,127000000.0,6660000000.0,-2677000000.0,-2000000.0,2832000000.0,9492000000.0,879000000.0,118000000.0,-67000000.0,-4000000.0,20000000.0,-217000000.0,,-190000000.0,,,2558000000.0,88000000.0,61000000.0,508000000.0,,285000000.0,559000000.0,,34000000.0,-322000000.0,,,-1311000000.0,926000000.0,50000000.0
2014-10-03,3785000000.0,2734000000.0,,342000000.0,216000000.0,3329000000.0,456000000.0,-64000000.0,392000000.0,11000000.0,381000000.0,1.17,1.13,327000000.0,337000000.0,2190000000.0,11000000.0,1909000000.0,1071000000.0,125000000.0,,273000000.0,5583000000.0,,2156000000.0,873000000.0,468000000.0,186000000.0,9765000000.0,1740000000.0,466000000.0,,2596000000.0,,,87000000.0,199000000.0,6819000000.0,-2619000000.0,-15000000.0,2946000000.0,9765000000.0,218000000.0,42000000.0,2000000.0,179000000.0,49000000.0,-21000000.0,,183000000.0,,,602000000.0,5000000.0,14000000.0,0.0,,450000000.0,172000000.0,,6000000.0,-619000000.0,,,-420000000.0,-444000000.0,
2015-01-02,7481000000.0,5403000000.0,,683000000.0,434000000.0,5972000000.0,1509000000.0,73000000.0,1517000000.0,203000000.0,1314000000.0,4.02,3.91,328000000.0,336000000.0,3296000000.0,6000000.0,1829000000.0,1129000000.0,123000000.0,,245000000.0,6632000000.0,,2155000000.0,872000000.0,449000000.0,208000000.0,10814000000.0,1736000000.0,658000000.0,,2819000000.0,,,33000000.0,186000000.0,7099000000.0,-1881000000.0,-25000000.0,3715000000.0,10814000000.0,426000000.0,73000000.0,-4000000.0,99000000.0,107000000.0,-28000000.0,,209000000.0,,,2045000000.0,5000000.0,19000000.0,4000000.0,,450000000.0,387000000.0,,34000000.0,-853000000.0,,,-518000000.0,662000000.0,
2015-04-03,10811000000.0,7778000000.0,,1029000000.0,654000000.0,8960000000.0,1851000000.0,-39000000.0,1821000000.0,216000000.0,1605000000.0,4.92,4.81,326000000.0,334000000.0,2604000000.0,6000000.0,1769000000.0,1083000000.0,121000000.0,,244000000.0,5831000000.0,,2182000000.0,871000000.0,410000000.0,243000000.0,10036000000.0,1683000000.0,483000000.0,,3043000000.0,,,34000000.0,185000000.0,6845000000.0,-2472000000.0,-33000000.0,3191000000.0,10036000000.0,629000000.0,106000000.0,-3000000.0,36000000.0,61000000.0,-30000000.0,,149000000.0,,,2419000000.0,5000000.0,19000000.0,4000000.0,,450000000.0,546000000.0,,90000000.0,-1068000000.0,,,-1359000000.0,-30000000.0,
2015-07-03,13739000000.0,9930000000.0,,1353000000.0,857000000.0,11681000000.0,2058000000.0,-88000000.0,1970000000.0,228000000.0,1742000000.0,5.38,5.26,324000000.0,331000000.0,2479000000.0,6000000.0,1735000000.0,993000000.0,612000000.0,,226000000.0,5568000000.0,,2278000000.0,874000000.0,370000000.0,259000000.0,9845000000.0,1540000000.0,412000000.0,,2343000000.0,,6000000.0,33000000.0,183000000.0,6827000000.0,-2686000000.0,-30000000.0,3018000000.0,9845000000.0,841000000.0,137000000.0,2000000.0,2000000.0,-29000000.0,-47000000.0,,-58000000.0,,,2647000000.0,5000000.0,19000000.0,4000000.0,,453000000.0,747000000.0,,105000000.0,-1287000000.0,,,-1495000000.0,-155000000.0,285000000.0
2015-10-02,2925000000.0,2236000000.0,,328000000.0,182000000.0,2839000000.0,86000000.0,-55000000.0,31000000.0,-3000000.0,34000000.0,0.11,0.11,302000000.0,308000000.0,1915000000.0,6000000.0,1522000000.0,1098000000.0,120000000.0,,221000000.0,4882000000.0,,2247000000.0,874000000.0,329000000.0,250000000.0,9079000000.0,1890000000.0,508000000.0,,2718000000.0,,,26000000.0,172000000.0,7157000000.0,-3851000000.0,-30000000.0,,9079000000.0,208000000.0,33000000.0,0.0,-213000000.0,105000000.0,-16000000.0,,426000000.0,,,824000000.0,0.0,0.0,,,0.0,209000000.0,,0.0,-209000000.0,,,-1178000000.0,-564000000.0,
2016-01-01,5911000000.0,4482000000.0,,632000000.0,341000000.0,5596000000.0,315000000.0,-104000000.0,211000000.0,15000000.0,198000000.0,0.66,0.65,301000000.0,304000000.0,1258000000.0,6000000.0,1398000000.0,1046000000.0,0.0,,223000000.0,3931000000.0,,2230000000.0,1238000000.0,535000000.0,245000000.0,8796000000.0,1759000000.0,486000000.0,,2539000000.0,,,27000000.0,165000000.0,6975000000.0,-3983000000.0,-32000000.0,,8796000000.0,417000000.0,65000000.0,0.0,-384000000.0,32000000.0,-10000000.0,,257000000.0,,,1206000000.0,0.0,0.0,0.0,,634000000.0,346000000.0,,0.0,-980000000.0,,,-1444000000.0,-1221000000.0,
2016-04-01,8506000000.0,6553000000.0,,930000000.0,491000000.0,8163000000.0,343000000.0,-122000000.0,221000000.0,43000000.0,178000000.0,0.59,0.59,300000000.0,303000000.0,1193000000.0,6000000.0,1250000000.0,928000000.0,0.0,,223000000.0,3600000000.0,,2165000000.0,1238000000.0,492000000.0,260000000.0,8374000000.0,1504000000.0,477000000.0,,2259000000.0,,,28000000.0,177000000.0,6691000000.0,-4192000000.0,-28000000.0,,8374000000.0,615000000.0,95000000.0,1000000.0,-531000000.0,-85000000.0,-17000000.0,,-31000000.0,,,1411000000.0,0.0,0.0,0.0,,634000000.0,441000000.0,,-10000000.0,-1065000000.0,,,-1632000000.0,-1286000000.0,
2016-07-01,11160000000.0,8545000000.0,,1237000000.0,635000000.0,10715000000.0,445000000.0,-171000000.0,274000000.0,26000000.0,248000000.0,0.83,0.82,299000000.0,302000000.0,1125000000.0,6000000.0,1318000000.0,868000000.0,606000000.0,,216000000.0,3533000000.0,,2160000000.0,1237000000.0,448000000.0,258000000.0,8252000000.0,1517000000.0,444000000.0,,2249000000.0,,10000000.0,14000000.0,164000000.0,6659000000.0,-4311000000.0,-25000000.0,1593000000.0,8252000000.0,815000000.0,120000000.0,-2000000.0,-464000000.0,-145000000.0,0.0,,-24000000.0,,,1680000000.0,0.0,0.0,0.0,,634000000.0,587000000.0,,-9000000.0,-1211000000.0,,,-1820000000.0,-1354000000.0,40000000.0
2016-09-30,2797000000.0,1996000000.0,,315000000.0,155000000.0,2576000000.0,221000000.0,-48000000.0,173000000.0,6000000.0,167000000.0,0.56,0.55,299000000.0,301000000.0,1489000000.0,5000000.0,1307000000.0,914000000.0,,,213000000.0,3928000000.0,,2093000000.0,1237000000.0,406000000.0,216000000.0,8495000000.0,1568000000.0,713000000.0,,2608000000.0,,,11000000.0,155000000.0,6971000000.0,-4456000000.0,-24000000.0,1524000000.0,8495000000.0,200000000.0,40000000.0,1000000.0,-12000000.0,46000000.0,,,101000000.0,,,592000000.0,,1000000.0,,,,140000000.0,,,-139000000.0,,,-89000000.0,364000000.0,
2016-12-30,5691000000.0,3999000000.0,,620000000.0,308000000.0,5099000000.0,592000000.0,-109000000.0,483000000.0,19000000.0,464000000.0,1.56,1.55,297000000.0,299000000.0,1716000000.0,0.0,1211000000.0,1008000000.0,,,205000000.0,4140000000.0,,2012000000.0,1237000000.0,364000000.0,194000000.0,8561000000.0,1631000000.0,682000000.0,,2681000000.0,,,13000000.0,143000000.0,7038000000.0,-4493000000.0,-33000000.0,1523000000.0,8561000000.0,391000000.0,73000000.0,3000000.0,-110000000.0,140000000.0,,,170000000.0,,,1247000000.0,,6000000.0,,,0.0,235000000.0,,4000000.0,-234000000.0,,,-413000000.0,,
2017-03-31,8365000000.0,5857000000.0,,944000000.0,457000000.0,7507000000.0,858000000.0,-163000000.0,695000000.0,37000000.0,658000000.0,2.22,2.2,297000000.0,300000000.0,3026000000.0,0.0,1156000000.0,1038000000.0,,,240000000.0,5460000000.0,,1911000000.0,1237000000.0,323000000.0,203000000.0,9739000000.0,1591000000.0,683000000.0,,2789000000.0,,,16000000.0,142000000.0,8131000000.0,-4487000000.0,-27000000.0,1608000000.0,9739000000.0,573000000.0,110000000.0,12000000.0,-165000000.0,170000000.0,,,124000000.0,,,1673000000.0,,6000000.0,,,0.0,330000000.0,,13000000.0,-337000000.0,,,571000000.0,,
2017-06-30,10771000000.0,7597000000.0,,1232000000.0,606000000.0,9717000000.0,1054000000.0,-239000000.0,815000000.0,43000000.0,772000000.0,2.61,2.58,296000000.0,299000000.0,2539000000.0,0.0,1199000000.0,982000000.0,604000000.0,,321000000.0,5041000000.0,,1875000000.0,1238000000.0,281000000.0,224000000.0,9268000000.0,1626000000.0,650000000.0,,2626000000.0,,5000000.0,15000000.0,122000000.0,7904000000.0,-4771000000.0,-17000000.0,1364000000.0,9268000000.0,749000000.0,137000000.0,3000000.0,-122000000.0,114000000.0,,,121000000.0,,,1916000000.0,0.0,6000000.0,0.0,,0.0,434000000.0,,-6000000.0,-459000000.0,,,-46000000.0,,33000000.0
2017-09-29,2632000000.0,1896000000.0,,263000000.0,145000000.0,2377000000.0,255000000.0,-67000000.0,188000000.0,7000000.0,181000000.0,0.62,0.62,290000000.0,292000000.0,2285000000.0,,1209000000.0,1014000000.0,,,316000000.0,4824000000.0,,1817000000.0,1237000000.0,255000000.0,214000000.0,8956000000.0,1539000000.0,658000000.0,,2458000000.0,,,15000000.0,120000000.0,7714000000.0,-4958000000.0,-13000000.0,1242000000.0,8956000000.0,161000000.0,32000000.0,-3000000.0,10000000.0,32000000.0,,,-30000000.0,,,237000000.0,,0.0,,,,124000000.0,,8000000.0,-132000000.0,,,-363000000.0,,
2017-12-29,5546000000.0,3933000000.0,,513000000.0,287000000.0,4858000000.0,688000000.0,-129000000.0,559000000.0,219000000.0,340000000.0,1.18,1.17,289000000.0,291000000.0,2556000000.0,,1055000000.0,1014000000.0,,,285000000.0,4910000000.0,,1762000000.0,1238000000.0,222000000.0,216000000.0,8750000000.0,1620000000.0,639000000.0,,3113000000.0,,,12000000.0,123000000.0,7689000000.0,-5174000000.0,-11000000.0,1061000000.0,8750000000.0,318000000.0,59000000.0,204000000.0,-145000000.0,32000000.0,-42000000.0,,59000000.0,,,1087000000.0,,0.0,,,,201000000.0,,11000000.0,-210000000.0,,,-865000000.0,,
2018-03-30,8349000000.0,5889000000.0,,767000000.0,422000000.0,7220000000.0,1129000000.0,-177000000.0,952000000.0,231000000.0,721000000.0,2.5,2.48,288000000.0,291000000.0,2926000000.0,,1076000000.0,1002000000.0,,,243000000.0,5247000000.0,,1720000000.0,1238000000.0,204000000.0,205000000.0,9012000000.0,1645000000.0,609000000.0,,3055000000.0,,,10000000.0,139000000.0,7648000000.0,-4975000000.0,-8000000.0,1364000000.0,9012000000.0,461000000.0,85000000.0,209000000.0,-124000000.0,20000000.0,-54000000.0,,74000000.0,,,1645000000.0,,,0.0,,,270000000.0,,14000000.0,-239000000.0,,,-1027000000.0,,
2018-06-29,11184000000.0,7820000000.0,,1026000000.0,562000000.0,9550000000.0,1634000000.0,-216000000.0,1418000000.0,236000000.0,1182000000.0,4.1,4.05,288000000.0,292000000.0,1853000000.0,,1184000000.0,1053000000.0,410000000.0,,220000000.0,4310000000.0,,1792000000.0,1237000000.0,188000000.0,191000000.0,9410000000.0,1728000000.0,598000000.0,,3190000000.0,,7000000.0,10000000.0,100000000.0,7745000000.0,-4696000000.0,-16000000.0,1665000000.0,9410000000.0,598000000.0,112000000.0,193000000.0,-16000000.0,71000000.0,-71000000.0,,65000000.0,,,2113000000.0,,0.0,,,0.0,366000000.0,,14000000.0,-1588000000.0,,,-1211000000.0,-686000000.0,43000000.0
2018-09-28,2991000000.0,2078000000.0,,266000000.0,115000000.0,2488000000.0,503000000.0,-35000000.0,468000000.0,18000000.0,450000000.0,1.57,1.54,287000000.0,292000000.0,1942000000.0,,1202000000.0,1116000000.0,,,263000000.0,4523000000.0,,1789000000.0,1237000000.0,169000000.0,185000000.0,9578000000.0,1776000000.0,616000000.0,,3175000000.0,,,11000000.0,102000000.0,7732000000.0,-4569000000.0,-12000000.0,1846000000.0,9578000000.0,134000000.0,18000000.0,2000000.0,9000000.0,66000000.0,,,119000000.0,,,587000000.0,,,,,,177000000.0,,0.0,-176000000.0,,,-326000000.0,88000000.0,
2018-12-28,5706000000.0,3999000000.0,,512000000.0,235000000.0,4787000000.0,919000000.0,-53000000.0,866000000.0,32000000.0,834000000.0,2.92,2.88,286000000.0,290000000.0,1357000000.0,,1058000000.0,1097000000.0,,,164000000.0,3676000000.0,,1823000000.0,1237000000.0,149000000.0,188000000.0,8789000000.0,1442000000.0,589000000.0,,2300000000.0,,,6000000.0,108000000.0,6855000000.0,-4502000000.0,-21000000.0,1934000000.0,8789000000.0,272000000.0,45000000.0,1000000.0,-135000000.0,47000000.0,,,-240000000.0,,,875000000.0,,,,,,304000000.0,,0.0,-230000000.0,,,-1141000000.0,-497000000.0,
2019-03-29,8019000000.0,5711000000.0,,750000000.0,345000000.0,6864000000.0,1155000000.0,-74000000.0,1081000000.0,52000000.0,1029000000.0,3.62,3.57,284000000.0,288000000.0,1388000000.0,,897000000.0,1001000000.0,,,201000000.0,3487000000.0,,1822000000.0,1237000000.0,129000000.0,187000000.0,8596000000.0,1310000000.0,591000000.0,,2146000000.0,,,5000000.0,122000000.0,6907000000.0,-4808000000.0,-21000000.0,1689000000.0,8596000000.0,407000000.0,73000000.0,15000000.0,-296000000.0,-49000000.0,,,-366000000.0,,,1313000000.0,,,,,,451000000.0,,0.0,-359000000.0,,,-1417000000.0,-466000000.0,
2019-06-28,10390000000.0,7458000000.0,,991000000.0,453000000.0,8903000000.0,1487000000.0,-115000000.0,1372000000.0,-640000000.0,2012000000.0,7.13,7.06,282000000.0,285000000.0,2220000000.0,,989000000.0,970000000.0,1100000000.0,,184000000.0,4363000000.0,,1869000000.0,1237000000.0,111000000.0,191000000.0,8885000000.0,1420000000.0,552000000.0,,2232000000.0,,,4000000.0,130000000.0,6723000000.0,-4349000000.0,-34000000.0,2162000000.0,8885000000.0,541000000.0,99000000.0,-690000000.0,-204000000.0,-80000000.0,,,-268000000.0,,,1761000000.0,,,,,,602000000.0,,0.0,846000000.0,,,-2212000000.0,394000000.0,39000000.0
2019-10-04,2578000000.0,1907000000.0,,255000000.0,122000000.0,2305000000.0,273000000.0,-75000000.0,198000000.0,-2000000.0,200000000.0,0.75,0.74,266000000.0,270000000.0,1784000000.0,,1065000000.0,1041000000.0,,,141000000.0,4031000000.0,,1991000000.0,1237000000.0,97000000.0,254000000.0,8738000000.0,1750000000.0,564000000.0,,2549000000.0,,,3000000.0,178000000.0,6968000000.0,-4800000000.0,-40000000.0,1770000000.0,8738000000.0,92000000.0,26000000.0,-12000000.0,77000000.0,65000000.0,,,281000000.0,,,456000000.0,,,,,,147000000.0,,,-151000000.0,,,-765000000.0,-465000000.0,
2020-01-03,5274000000.0,3845000000.0,,505000000.0,242000000.0,4617000000.0,657000000.0,-123000000.0,534000000.0,18000000.0,518000000.0,1.96,1.93,264000000.0,268000000.0,1744000000.0,,1112000000.0,1148000000.0,,,148000000.0,4152000000.0,,2049000000.0,1237000000.0,83000000.0,292000000.0,8932000000.0,1870000000.0,553000000.0,,2700000000.0,,,3000000.0,175000000.0,7102000000.0,-4804000000.0,-33000000.0,1830000000.0,8932000000.0,185000000.0,53000000.0,-4000000.0,124000000.0,172000000.0,,,458000000.0,,,936000000.0,,,,,,341000000.0,,,-385000000.0,,,-1054000000.0,-505000000.0,
2020-04-03,7992000000.0,5817000000.0,,751000000.0,361000000.0,6959000000.0,1033000000.0,-161000000.0,872000000.0,34000000.0,838000000.0,3.19,3.15,263000000.0,266000000.0,1612000000.0,,1160000000.0,1102000000.0,,,141000000.0,4015000000.0,,2093000000.0,1237000000.0,70000000.0,302000000.0,8829000000.0,1830000000.0,617000000.0,,2690000000.0,,,3000000.0,166000000.0,7037000000.0,-4866000000.0,-67000000.0,1792000000.0,8829000000.0,279000000.0,80000000.0,3000000.0,172000000.0,126000000.0,,,424000000.0,,,1326000000.0,,,,,,471000000.0,,,-527000000.0,,,-1428000000.0,-637000000.0,
2020-07-03,10509000000.0,7667000000.0,,973000000.0,473000000.0,9209000000.0,1300000000.0,-268000000.0,1032000000.0,28000000.0,1004000000.0,3.83,3.79,262000000.0,265000000.0,1722000000.0,,1115000000.0,1142000000.0,1100000000.0,,135000000.0,4114000000.0,,2129000000.0,1237000000.0,58000000.0,272000000.0,8930000000.0,1808000000.0,602000000.0,,2722000000.0,,,2000000.0,181000000.0,7143000000.0,-4904000000.0,-66000000.0,1787000000.0,8930000000.0,379000000.0,109000000.0,-6000000.0,127000000.0,166000000.0,,,394000000.0,,,1714000000.0,,,,,,585000000.0,,0.0,-635000000.0,,,-1605000000.0,-527000000.0,-51000000.0
2020-10-02,2314000000.0,1718000000.0,,223000000.0,118000000.0,2063000000.0,251000000.0,-30000000.0,221000000.0,-2000000.0,223000000.0,0.87,0.86,257000000.0,259000000.0,1664000000.0,,866000000.0,1323000000.0,,,141000000.0,3994000000.0,,2167000000.0,1237000000.0,45000000.0,294000000.0,8862000000.0,1795000000.0,603000000.0,,2644000000.0,,,,181000000.0,7041000000.0,-4947000000.0,-46000000.0,1821000000.0,8862000000.0,99000000.0,28000000.0,-18000000.0,-249000000.0,181000000.0,,,-24000000.0,,,297000000.0,,,,,,111000000.0,,,-104000000.0,,,-251000000.0,-58000000.0,
2021-01-01,4937000000.0,3645000000.0,,444000000.0,240000000.0,4338000000.0,599000000.0,-87000000.0,512000000.0,11000000.0,503000000.0,1.99,1.97,253000000.0,255000000.0,1799000000.0,,801000000.0,1318000000.0,,,163000000.0,4081000000.0,,2218000000.0,1237000000.0,40000000.0,290000000.0,8986000000.0,1730000000.0,599000000.0,,2621000000.0,,,,179000000.0,7996000000.0,-5829000000.0,-36000000.0,990000000.0,8986000000.0,195000000.0,58000000.0,-13000000.0,-315000000.0,176000000.0,,,-75000000.0,,,770000000.0,,,,,,270000000.0,,,-263000000.0,,,-430000000.0,77000000.0,
2021-04-02,7668000000.0,5636000000.0,,671000000.0,366000000.0,6683000000.0,985000000.0,-134000000.0,851000000.0,19000000.0,832000000.0,3.38,3.34,246000000.0,249000000.0,1212000000.0,,978000000.0,1281000000.0,,,221000000.0,3692000000.0,,2215000000.0,1237000000.0,35000000.0,307000000.0,8604000000.0,1861000000.0,649000000.0,,2993000000.0,,,,156000000.0,8120000000.0,-6417000000.0,-38000000.0,484000000.0,8604000000.0,294000000.0,87000000.0,-7000000.0,-138000000.0,141000000.0,,,60000000.0,,,1148000000.0,,3000000.0,,,,374000000.0,,,-360000000.0,,,-1298000000.0,-510000000.0,
2021-07-02,10681000000.0,7764000000.0,,903000000.0,502000000.0,9189000000.0,1492000000.0,-144000000.0,1348000000.0,34000000.0,1314000000.0,5.43,5.36,242000000.0,245000000.0,1209000000.0,,1158000000.0,1204000000.0,1103000000.0,,208000000.0,3779000000.0,,2181000000.0,1237000000.0,29000000.0,332000000.0,8675000000.0,1725000000.0,608000000.0,,2921000000.0,,,,154000000.0,8044000000.0,-6305000000.0,-41000000.0,631000000.0,8675000000.0,397000000.0,112000000.0,-4000000.0,42000000.0,64000000.0,,,-14000000.0,,,1626000000.0,,,,,,498000000.0,,-3000000.0,-466000000.0,,,-1673000000.0,-513000000.0,44000000.0
2021-10-01,3115000000.0,2159000000.0,,233000000.0,133000000.0,2529000000.0,586000000.0,-53000000.0,533000000.0,7000000.0,526000000.0,2.33,2.28,226000000.0,231000000.0,991000000.0,,1301000000.0,1188000000.0,,,188000000.0,3668000000.0,,2213000000.0,1237000000.0,24000000.0,343000000.0,8613000000.0,1766000000.0,626000000.0,,2889000000.0,,,,154000000.0,8012000000.0,-6398000000.0,-45000000.0,601000000.0,8613000000.0,104000000.0,34000000.0,-4000000.0,143000000.0,-16000000.0,,,28000000.0,,,496000000.0,,,,,,117000000.0,,,-120000000.0,,,-594000000.0,-218000000.0,
2021-12-31,6231000000.0,4327000000.0,,461000000.0,269000000.0,5065000000.0,1166000000.0,-119000000.0,1047000000.0,20000000.0,1027000000.0,4.58,4.5,224000000.0,228000000.0,1535000000.0,,1399000000.0,1287000000.0,,,229000000.0,4450000000.0,,2216000000.0,1237000000.0,19000000.0,327000000.0,9375000000.0,1812000000.0,655000000.0,,2992000000.0,,,,149000000.0,8849000000.0,-6533000000.0,-25000000.0,526000000.0,9375000000.0,212000000.0,70000000.0,0.0,241000000.0,83000000.0,,,63000000.0,,,1017000000.0,,,,,,212000000.0,,,-196000000.0,,,-495000000.0,326000000.0,
2022-04-01,9033000000.0,6323000000.0,,694000000.0,410000000.0,7438000000.0,1595000000.0,-197000000.0,1398000000.0,25000000.0,1373000000.0,6.18,6.08,222000000.0,226000000.0,1138000000.0,,1344000000.0,1479000000.0,,,298000000.0,4259000000.0,,2197000000.0,1237000000.0,14000000.0,317000000.0,9145000000.0,1948000000.0,645000000.0,,2881000000.0,,,,145000000.0,8724000000.0,-6767000000.0,37000000.0,421000000.0,9145000000.0,324000000.0,106000000.0,2000000.0,186000000.0,275000000.0,,,209000000.0,,,1477000000.0,,,,,,309000000.0,,,-293000000.0,,,-1255000000.0,,
2022-07-01,11661000000.0,8192000000.0,,941000000.0,559000000.0,9706000000.0,1955000000.0,-276000000.0,1679000000.0,30000000.0,1649000000.0,7.5,7.36,220000000.0,224000000.0,615000000.0,,1532000000.0,1565000000.0,1115000000.0,,321000000.0,4033000000.0,,2239000000.0,1237000000.0,9000000.0,294000000.0,8944000000.0,2058000000.0,596000000.0,,3555000000.0,,,,135000000.0,8835000000.0,-7117000000.0,36000000.0,109000000.0,8944000000.0,451000000.0,145000000.0,-9000000.0,374000000.0,361000000.0,,,228000000.0,,,1657000000.0,,,,,,381000000.0,,,-352000000.0,,,-1899000000.0,-594000000.0,33000000.0
2022-09-30,2035000000.0,1553000000.0,,234000000.0,129000000.0,1928000000.0,107000000.0,-80000000.0,27000000.0,-2000000.0,29000000.0,0.14,0.14,208000000.0,210000000.0,761000000.0,,1098000000.0,1606000000.0,,,275000000.0,3740000000.0,,2196000000.0,1237000000.0,5000000.0,296000000.0,8611000000.0,1712000000.0,618000000.0,,3138000000.0,,,,128000000.0,8962000000.0,-7672000000.0,73000000.0,-351000000.0,8611000000.0,135000000.0,29000000.0,-5000000.0,-434000000.0,41000000.0,,,-300000000.0,,,245000000.0,,,,,,133000000.0,,,-133000000.0,,,34000000.0,146000000.0,
2022-12-30,3922000000.0,3194000000.0,,434000000.0,254000000.0,3975000000.0,-160000000.0,122000000.0,-38000000.0,-7000000.0,-33000000.0,-0.16,-0.16,207000000.0,207000000.0,770000000.0,,840000000.0,1194000000.0,,,277000000.0,3081000000.0,,2122000000.0,1237000000.0,3000000.0,289000000.0,7867000000.0,1085000000.0,829000000.0,,2725000000.0,,,,134000000.0,8337000000.0,-7850000000.0,99000000.0,-470000000.0,7867000000.0,283000000.0,62000000.0,-4000000.0,-692000000.0,-371000000.0,,,-919000000.0,,,496000000.0,,,,,,212000000.0,,,-210000000.0,,,-131000000.0,155000000.0,
2023-03-31,5782000000.0,4735000000.0,,625000000.0,377000000.0,6150000000.0,-368000000.0,-85000000.0,-411000000.0,33000000.0,-437000000.0,-2.11,-2.11,207000000.0,207000000.0,766000000.0,,994000000.0,1200000000.0,,,637000000.0,3597000000.0,,1753000000.0,1237000000.0,1000000.0,252000000.0,7967000000.0,1697000000.0,667000000.0,,3639000000.0,,,,404000000.0,8971000000.0,-8430000000.0,84000000.0,-1004000000.0,7967000000.0,409000000.0,93000000.0,4000000.0,-538000000.0,-365000000.0,,,-327000000.0,,,724000000.0,,,,,,266000000.0,,,-252000000.0,,,-321000000.0,151000000.0,
2023-06-30,7384000000.0,6033000000.0,,797000000.0,491000000.0,7726000000.0,-342000000.0,-154000000.0,-496000000.0,33000000.0,-529000000.0,-2.56,-2.56,207000000.0,207000000.0,786000000.0,,621000000.0,1140000000.0,1104000000.0,,358000000.0,2905000000.0,,1706000000.0,1237000000.0,0.0,591000000.0,7556000000.0,1603000000.0,748000000.0,,2592000000.0,,,,685000000.0,8755000000.0,-8670000000.0,98000000.0,-1199000000.0,7556000000.0,513000000.0,115000000.0,10000000.0,-911000000.0,-425000000.0,,,-421000000.0,,,942000000.0,,,,,,316000000.0,,,217000000.0,,,-988000000.0,171000000.0,32000000.0
2023-09-29,1454000000.0,1305000000.0,,171000000.0,105000000.0,1583000000.0,-129000000.0,-18000000.0,-147000000.0,37000000.0,-184000000.0,-0.88,-0.88,208000000.0,208000000.0,795000000.0,,521000000.0,1052000000.0,,,268000000.0,2636000000.0,,1652000000.0,1237000000.0,,584000000.0,7196000000.0,1511000000.0,790000000.0,,2473000000.0,,,,667000000.0,8898000000.0,-9025000000.0,-15000000.0,-1702000000.0,7196000000.0,76000000.0,25000000.0,28000000.0,-100000000.0,-88000000.0,,,-70000000.0,,,127000000.0,,,,,,70000000.0,,,-70000000.0,,,-49000000.0,9000000.0,
2023-12-29,3009000000.0,2498000000.0,,332000000.0,213000000.0,3014000000.0,124000000.0,-146000000.0,-151000000.0,52000000.0,-203000000.0,-0.97,-0.97,209000000.0,209000000.0,787000000.0,,471000000.0,1053000000.0,,,317000000.0,2628000000.0,,1642000000.0,1237000000.0,,568000000.0,7149000000.0,1619000000.0,743000000.0,,2529000000.0,,,,679000000.0,8963000000.0,-9194000000.0,3000000.0,-1814000000.0,7149000000.0,138000000.0,55000000.0,41000000.0,-150000000.0,-87000000.0,,,54000000.0,,,296000000.0,,,,,,140000000.0,,,-105000000.0,,,-191000000.0,1000000.0,
2024-03-29,4664000000.0,3728000000.0,,496000000.0,329000000.0,4526000000.0,143000000.0,-231000000.0,-93000000.0,85000000.0,-178000000.0,-0.85,-0.85,210000000.0,213000000.0,795000000.0,,332000000.0,1191000000.0,,,297000000.0,2615000000.0,,1639000000.0,1237000000.0,,553000000.0,7096000000.0,1672000000.0,758000000.0,,3062000000.0,,,,653000000.0,8985000000.0,-9319000000.0,-3000000.0,-1889000000.0,7096000000.0,201000000.0,89000000.0,64000000.0,-289000000.0,51000000.0,,,108000000.0,,,484000000.0,,,,,,200000000.0,,,-157000000.0,,,-319000000.0,9000000.0,
2024-06-28,6551000000.0,5015000000.0,,654000000.0,460000000.0,6099000000.0,452000000.0,-7000000.0,445000000.0,110000000.0,335000000.0,1.6,1.58,209000000.0,212000000.0,1358000000.0,,429000000.0,1239000000.0,1025000000.0,,306000000.0,3332000000.0,,1614000000.0,1219000000.0,,537000000.0,7739000000.0,1786000000.0,654000000.0,,3099000000.0,,,,861000000.0,9230000000.0,-8960000000.0,-2000000.0,-1491000000.0,7739000000.0,264000000.0,127000000.0,78000000.0,-192000000.0,99000000.0,,,227000000.0,,,918000000.0,,,,,,254000000.0,,,126000000.0,,,-473000000.0,572000000.0,30000000.0
2024-09-27,2168000000.0,1454000000.0,,181000000.0,129000000.0,1765000000.0,403000000.0,-87000000.0,316000000.0,11000000.0,305000000.0,1.45,1.41,211000000.0,216000000.0,1239000000.0,,628000000.0,1383000000.0,,,358000000.0,3608000000.0,,1599000000.0,1219000000.0,,508000000.0,7972000000.0,1778000000.0,685000000.0,,3161000000.0,,,,844000000.0,9272000000.0,-8831000000.0,-2000000.0,-1300000000.0,7972000000.0,64000000.0,38000000.0,-3000000.0,199000000.0,144000000.0,,,10000000.0,,,95000000.0,,,,,,68000000.0,,,-68000000.0,,,-146000000.0,-119000000.0,
,,,,,,,,,,,,,,,,,,,,,,,,,,,,,,,,,,,,,,,,,,,,,,,,,,,,,,,,,,,,,,,,,,,
,,,,,,,,,,,,,,,,,,,,,,,,,,,,,,,,,,,,,,,,,,,,,,,,,,,,,,,,,,,,,,,,,,,
,,,,,,,,,,,,,,,,,,,,,,,,,,,,,,,,,,,,,,,,,,,,,,,,,,,,,,,,,,,,,,,,,,,
