Date,Net sales,Cost of sales,Gross margin,Research and development,"Selling, general and administrative",Total operating expenses,Operating income,"Other income/(expense), net",Income before provision for income taxes,Provision for income taxes,Net income,Earnings per share basic,Earnings per share diluted,Weighted-average basic,Weighted-average diluted,Cash and cash equivalents,Short-term marketable securities,"Accounts receivable, net",Inventories,Deferred tax assets,Vendor non-trade receivables,Other current assets,Total current assets,Long-term marketable securities,"Property, Plant and Equipment, Net",Goodwill,"Acquired intangible assets, net","Other Assets, Noncurrent",Total assets,accounts payable,Accrued expenses,Deferred revenue,Total current liabilities,Deferred revenue - non-current,deferred tax liabilities,long term taxes payable,Total other non-current liabilities,Total liabilities,Retained Earnings (Accumulated Deficit),Accumulated other comprehensive (loss)/income,Total shareholders equity,Total liabilities and shareholders' equity,"Depreciation, amortization and accretion",Stock-based compensation expense,Deferred income tax expense,"Increase (Decrease) in Accounts receivable, net",Increase (Decrease) in Inventories,Increase (Decrease) in Other Receivables,Increase (Decrease) in Other Operating Assets,Increase (Decrease) in Accounts Payable,Increase (Decrease) in Deferred Revenue,Increase (Decrease) Other liabilities,Cash generated by operating activities,Purchases of marketable securities,Proceeds from maturities of marketable securities,Proceeds from sales of marketable securities,Purchases of other long-term investments,"Business acquisitions, net of cash acquired",Cash payments for capital asset purchases,Payments for acquisition of intangible assets,Payments for (Proceeds from) Other Investing Activities,Cash used in investing activities,Proceeds from issuance of common stock,Excess tax benefits from stock-based compensation,Cash generated/used in financing activities,Increase/(decrease) in cash and cash equivalents,"Cash paid for income taxes, net"
2010-08-31,,,584200000.0,,336100000.0,,229500000.0,,,111200000.0,140400000.0,,,,,13900000.0,,720700000.0,1722400000.0,,,103000000.0,2560000000.0,,1529000000.0,2566100000.0,920100000.0,301900000.0,7877100000.0,253500000.0,482800000.0,,1449700000.0,,544000000.0,,325800000.0,,1243200000.0,550600000.0,2429900000.0,7877100000.0,,25700000.0,50600000.0,204500000.0,-157200000.0,,,-10700000.0,,,305700000.0,,,,,,43200000.0,,-500000.0,-10900000.0,,4700000.0,-324000000.0,-29600000.0,
2010-11-30,,,936100000.0,,512200000.0,,399600000.0,,,164300000.0,279700000.0,,,,,16000000.0,,868900000.0,1866600000.0,,,93300000.0,2844800000.0,,1556100000.0,2590200000.0,922000000.0,344700000.0,8257800000.0,334800000.0,521500000.0,,1515300000.0,,565400000.0,,325100000.0,,1382500000.0,665900000.0,2719000000.0,8257800000.0,,39800000.0,72200000.0,344300000.0,-52500000.0,,,72600000.0,,,369000000.0,,,,,,70100000.0,,-500000.0,-25100000.0,,7100000.0,-373000000.0,-27500000.0,
2011-02-28,,,1190100000.0,,640900000.0,,502500000.0,,,-8500000.0,559500000.0,,,,,9200000.0,,417400000.0,1369300000.0,,,287100000.0,2083000000.0,,1219600000.0,2619800000.0,886300000.0,358900000.0,7167600000.0,129200000.0,419900000.0,,662900000.0,,583100000.0,,233000000.0,,1662300000.0,188800000.0,2551900000.0,7167600000.0,,46000000.0,70900000.0,86000000.0,-190800000.0,,,-82500000.0,,,619300000.0,,,,,,89100000.0,,-7400000.0,188100000.0,,7400000.0,-845700000.0,-34300000.0,79700000.0
2011-05-31,,,251000000.0,,138200000.0,,101700000.0,,,45100000.0,74500000.0,,,,,13400000.0,,459300000.0,1309000000.0,,,174400000.0,1956100000.0,,1230700000.0,2632600000.0,896400000.0,359600000.0,7075400000.0,104800000.0,391800000.0,,783400000.0,,590800000.0,,257200000.0,,1736800000.0,223700000.0,2715100000.0,7075400000.0,,13700000.0,10800000.0,42400000.0,-67500000.0,,,-21800000.0,,,241300000.0,,,,,,21000000.0,,6400000.0,-33800000.0,,9900000.0,-204600000.0,4200000.0,
2011-08-31,,,534000000.0,,276400000.0,,246800000.0,,286200000.0,49000000.0,237200000.0,,,,,10000000.0,,501700000.0,1259200000.0,40800000.0,,51000000.0,1919600000.0,43700000.0,1241000000.0,2632700000.0,895400000.0,346000000.0,7034700000.0,138700000.0,410000000.0,,786800000.0,,596900000.0,,217200000.0,,1899500000.0,216800000.0,2699100000.0,7034700000.0,52300000.0,24200000.0,24700000.0,84500000.0,-118700000.0,,,12800000.0,,,517400000.0,,,,,,39200000.0,,6400000.0,-73200000.0,,10600000.0,-444300000.0,800000.0,
2011-11-30,,,816900000.0,,398200000.0,,407100000.0,,453500000.0,111500000.0,342000000.0,,,,,55800000.0,,567200000.0,1463500000.0,34400000.0,,35800000.0,2178500000.0,25100000.0,1251700000.0,2602200000.0,897600000.0,295200000.0,7225200000.0,270600000.0,357400000.0,,1178200000.0,,594300000.0,,236800000.0,,2004300000.0,127800000.0,2638000000.0,7225200000.0,80600000.0,37500000.0,36800000.0,139500000.0,37800000.0,,,135300000.0,,,640800000.0,,20200000.0,,,51500000.0,54100000.0,,7900000.0,-118700000.0,,11100000.0,-475000000.0,46600000.0,
2012-02-29,,,1062100000.0,,521500000.0,,486500000.0,,534000000.0,89000000.0,445000000.0,,,,,85800000.0,,436000000.0,1374500000.0,-566200000.0,,42300000.0,2034300000.0,28500000.0,1255800000.0,2632900000.0,866400000.0,320500000.0,7109900000.0,130500000.0,336200000.0,35700000.0,1199600000.0,,608700000.0,,204200000.0,,2107300000.0,173700000.0,2676000000.0,7109900000.0,110300000.0,47600000.0,48000000.0,5600000.0,-51500000.0,,,-6000000.0,,,784100000.0,,20200000.0,,,51500000.0,68400000.0,,9100000.0,-135100000.0,,10900000.0,-575100000.0,76600000.0,62900000.0
2012-05-31,,,250600000.0,,144000000.0,,106100000.0,,113200000.0,41200000.0,72000000.0,,,,,69100000.0,,457800000.0,1325200000.0,,,,1971400000.0,27400000.0,1219100000.0,2599200000.0,854700000.0,363800000.0,7008200000.0,117200000.0,311700000.0,,587900000.0,,607100000.0,,228000000.0,,2179300000.0,83100000.0,2299800000.0,7008200000.0,29500000.0,11600000.0,12300000.0,27500000.0,-31200000.0,,,-11800000.0,,,96400000.0,,,,,,19600000.0,,900000.0,-11100000.0,,2600000.0,-97900000.0,-16700000.0,
2012-08-31,,,535700000.0,,298300000.0,,236700000.0,,259700000.0,63100000.0,196600000.0,,,,,178500000.0,,487100000.0,1364900000.0,,,,2177900000.0,30900000.0,1233500000.0,2739300000.0,878200000.0,361600000.0,8040500000.0,185600000.0,383700000.0,,656000000.0,,618500000.0,,219200000.0,,2303900000.0,157700000.0,2618100000.0,8040500000.0,57200000.0,21400000.0,31900000.0,51100000.0,-37200000.0,,,52500000.0,,,368500000.0,,,,,159700000.0,35600000.0,,900000.0,-184000000.0,,11400000.0,-89900000.0,92700000.0,
2012-11-30,,,846500000.0,,450000000.0,,395500000.0,,409600000.0,103500000.0,306100000.0,,,,,200500000.0,,539100000.0,1596300000.0,,,,2480600000.0,33300000.0,1236700000.0,2738400000.0,876600000.0,340100000.0,8322700000.0,300400000.0,402800000.0,,787800000.0,,618400000.0,,212300000.0,,2413400000.0,165300000.0,2775300000.0,8322700000.0,88500000.0,31300000.0,40500000.0,104200000.0,196700000.0,,,170700000.0,,,389000000.0,,0.0,,,159300000.0,52200000.0,,800000.0,-200200000.0,,17200000.0,-72000000.0,114700000.0,
2013-02-28,,,1108300000.0,,584700000.0,,522900000.0,,516400000.0,128600000.0,387800000.0,,,,,331500000.0,,471900000.0,1480900000.0,-584100000.0,,,2471200000.0,34200000.0,1229000000.0,2722300000.0,871400000.0,344200000.0,7638100000.0,209000000.0,422400000.0,49300000.0,677900000.0,,599600000.0,,222500000.0,,2495100000.0,132100000.0,2860300000.0,7638100000.0,115400000.0,40800000.0,39200000.0,38900000.0,90000000.0,,,76900000.0,,,556300000.0,,0.0,,,159300000.0,62100000.0,,-700000.0,-206800000.0,,17700000.0,-98700000.0,245700000.0,149600000.0
2013-05-31,,,256100000.0,,186500000.0,,70500000.0,,82300000.0,29400000.0,52900000.0,,,,,609300000.0,,453800000.0,1443800000.0,,,,2723300000.0,34300000.0,1207600000.0,2714500000.0,866200000.0,390800000.0,9452400000.0,150000000.0,375400000.0,,797200000.0,,631100000.0,,209000000.0,,2548000000.0,108600000.0,2997400000.0,9452400000.0,29000000.0,12800000.0,21000000.0,-18200000.0,-30700000.0,,,-55100000.0,,,3300000.0,,,,,,22000000.0,,-800000.0,-20000000.0,,47300000.0,295500000.0,277800000.0,
2013-08-31,,,833100000.0,,429700000.0,,1744500000.0,,1669700000.0,94800000.0,1574900000.0,,,,,116800000.0,,655900000.0,1643000000.0,,,84200000.0,2670100000.0,33900000.0,1870400000.0,6139200000.0,3243900000.0,199200000.0,14122800000.0,341200000.0,1054000000.0,52700000.0,1810600000.0,,696800000.0,,192300000.0,,4070000000.0,64600000.0,4510400000.0,14122800000.0,71200000.0,25600000.0,9600000.0,-8400000.0,-67400000.0,,,10400000.0,,,489000000.0,,,,,4672900000.0,49200000.0,,-1100000.0,-4719400000.0,,53800000.0,4020800000.0,-214700000.0,
2013-11-30,,,1442800000.0,,675600000.0,,2108300000.0,,1961900000.0,176000000.0,1785900000.0,,,,,65200000.0,,,1824000000.0,,,91000000.0,2835400000.0,,1905400000.0,6150000000.0,3237200000.0,208300000.0,14336300000.0,462400000.0,1028600000.0,52800000.0,1755000000.0,,710000000.0,,184500000.0,,4281000000.0,94000000.0,4789800000.0,14336300000.0,113300000.0,37500000.0,10100000.0,4700000.0,112200000.0,,,128800000.0,,,629100000.0,,,,,4681000000.0,85900000.0,,-1600000.0,-4757500000.0,,64700000.0,3865100000.0,-266300000.0,
2014-02-28,,,1991700000.0,,895100000.0,,2437700000.0,,2202300000.0,259200000.0,1943100000.0,,,,,63900000.0,,,1743800000.0,-743000000.0,,114200000.0,2747200000.0,,2014300000.0,6146800000.0,3231100000.0,162700000.0,14302100000.0,295200000.0,1055600000.0,52800000.0,2025700000.0,,762600000.0,,159200000.0,,4438200000.0,86000000.0,4981300000.0,14302100000.0,155300000.0,49900000.0,41600000.0,-36500000.0,41100000.0,,,-49300000.0,,,826200000.0,,23400000.0,,,4681300000.0,223500000.0,,-9800000.0,-4863800000.0,,65400000.0,3777000000.0,-267600000.0,117900000.0
2014-05-31,,,670100000.0,,277900000.0,,392200000.0,,306300000.0,99600000.0,206700000.0,,,,,378000000.0,,,1781500000.0,,,,3137200000.0,,2157100000.0,6153100000.0,3229400000.0,165600000.0,14842400000.0,345700000.0,1031900000.0,48600000.0,2254700000.0,,795900000.0,,159200000.0,,4644900000.0,133400000.0,5287000000.0,14842400000.0,49500000.0,11700000.0,39600000.0,24300000.0,31800000.0,,,32500000.0,,,232300000.0,,,,,,131400000.0,,4900000.0,-136300000.0,,57400000.0,213100000.0,314100000.0,
2014-08-31,,,1342100000.0,,571200000.0,,770900000.0,,595000000.0,192500000.0,402500000.0,,,,,104300000.0,,,1778900000.0,,,,2838100000.0,,2299900000.0,6149300000.0,3213500000.0,156600000.0,14657400000.0,441900000.0,536200000.0,44500000.0,1876300000.0,,815000000.0,,155500000.0,,4840700000.0,104800000.0,5487400000.0,14657400000.0,103000000.0,27900000.0,67600000.0,31300000.0,34300000.0,,,107100000.0,,,668100000.0,,,,,0.0,308200000.0,,-2000000.0,-306200000.0,,64000000.0,-325000000.0,40400000.0,
2014-11-30,,,1981000000.0,,834500000.0,,1146500000.0,,905800000.0,281100000.0,624700000.0,,,,,67300000.0,,,1927200000.0,,,,3030800000.0,,2419100000.0,6163900000.0,3194900000.0,171800000.0,14980500000.0,445900000.0,540400000.0,44500000.0,1248500000.0,,831400000.0,,184100000.0,,5062900000.0,-8600000.0,5635000000.0,14980500000.0,154600000.0,42100000.0,80300000.0,80800000.0,205600000.0,,,132600000.0,,,750100000.0,,,,,21400000.0,541300000.0,,-3000000.0,-559700000.0,,76000000.0,-189500000.0,3400000.0,
2015-02-28,,,2578600000.0,,1078400000.0,,1500200000.0,,1179600000.0,343400000.0,839300000.0,,,,,110100000.0,,,1827200000.0,-789900000.0,,149100000.0,2910800000.0,,2681600000.0,6208200000.0,3181000000.0,162900000.0,15144500000.0,285800000.0,605700000.0,53400000.0,1130700000.0,,818900000.0,,176100000.0,9263200000.0,5277500000.0,-130900000.0,5770700000.0,15144500000.0,202000000.0,55000000.0,79300000.0,-16100000.0,132500000.0,,,-800000.0,,,1081000000.0,,,,,310300000.0,719400000.0,,-13800000.0,-1015900000.0,,78000000.0,-16400000.0,46200000.0,169500000.0
2015-05-31,,,737100000.0,,309800000.0,,427300000.0,,350800000.0,110600000.0,238600000.0,,,,,130700000.0,,,1783700000.0,,,,2979300000.0,,2742100000.0,6200300000.0,3166700000.0,158900000.0,15247300000.0,289100000.0,521000000.0,,1120300000.0,,860000000.0,,176900000.0,9195400000.0,5456200000.0,-184800000.0,5942500000.0,15247300000.0,54700000.0,12300000.0,38300000.0,98300000.0,-37000000.0,,,21100000.0,,,205700000.0,,,,,,129700000.0,,1600000.0,-131300000.0,,63600000.0,-53400000.0,20600000.0,
2015-08-31,,,1512700000.0,,606000000.0,,906700000.0,,752000000.0,207700000.0,541000000.0,,,,,329700000.0,,,1777100000.0,,,,3131500000.0,,2773300000.0,6416800000.0,3188700000.0,163100000.0,15673400000.0,373300000.0,626600000.0,,1212200000.0,,894400000.0,,163600000.0,9508400000.0,5698500000.0,-370200000.0,6062800000.0,15673400000.0,111400000.0,26000000.0,94000000.0,128900000.0,-63600000.0,,,94100000.0,,,803100000.0,,,,,317900000.0,294800000.0,,-3700000.0,-609000000.0,,89700000.0,29300000.0,219600000.0,
2015-11-30,,,2246200000.0,,892200000.0,,1354000000.0,,1151000000.0,335700000.0,811500000.0,,,,,491300000.0,,,1884600000.0,,,,3460900000.0,,2949000000.0,6381800000.0,3187800000.0,177100000.0,16156600000.0,420900000.0,579400000.0,,1920800000.0,,986400000.0,,137700000.0,9559900000.0,5908400000.0,-344900000.0,6492400000.0,16156600000.0,162700000.0,40500000.0,192500000.0,121500000.0,25000000.0,,,136800000.0,,,1091600000.0,,,,,317900000.0,513800000.0,,-4000000.0,-827700000.0,,204200000.0,122200000.0,381200000.0,
2016-02-29,,,2942300000.0,,1177200000.0,,1765100000.0,,1501200000.0,440600000.0,1054900000.0,,,,,83100000.0,,,1851600000.0,155100000.0,,103300000.0,2977600000.0,,3333400000.0,7138600000.0,3403800000.0,111600000.0,16965000000.0,429300000.0,544400000.0,,2272300000.0,,1022200000.0,,162500000.0,10273200000.0,6090500000.0,-452500000.0,6559600000.0,16965000000.0,221000000.0,54000000.0,251000000.0,129800000.0,-10100000.0,,,24700000.0,,,1413700000.0,,,,,1316400000.0,891300000.0,,-300000.0,-2207400000.0,,203400000.0,776000000.0,-27000000.0,80200000.0
2016-05-31,,,881300000.0,,328600000.0,,552700000.0,,468800000.0,149700000.0,318300000.0,,,,,167300000.0,,,1918800000.0,,,,3218500000.0,,3507200000.0,7350200000.0,3440400000.0,113700000.0,17630000000.0,558500000.0,482900000.0,,2698700000.0,,1092200000.0,,159900000.0,10641400000.0,6329400000.0,-456500000.0,6848000000.0,17630000000.0,60000000.0,16000000.0,56000000.0,39000000.0,19000000.0,,,55900000.0,,,345900000.0,,,,,284900000.0,169400000.0,,-400000.0,-453900000.0,,68800000.0,191900000.0,84200000.0,
2016-08-31,,,1850300000.0,,686700000.0,,1163600000.0,,985600000.0,313300000.0,677200000.0,,,,,177300000.0,,,1855200000.0,,,,3169800000.0,,3632100000.0,7356800000.0,3441500000.0,117200000.0,17717400000.0,624500000.0,531800000.0,,2199600000.0,,1164100000.0,,158000000.0,10543300000.0,6608700000.0,-443100000.0,7182400000.0,17717400000.0,120200000.0,31400000.0,139900000.0,94900000.0,-48900000.0,,,144300000.0,,,1044900000.0,,,,,284900000.0,368600000.0,,100000.0,-653600000.0,,100900000.0,-297000000.0,94200000.0,
2016-11-30,,,2741700000.0,,1044100000.0,,1697600000.0,,1469500000.0,392200000.0,1083100000.0,,,,,197300000.0,,,2123100000.0,,,,3444800000.0,,3708000000.0,7517900000.0,3494200000.0,155200000.0,18320100000.0,772300000.0,562200000.0,,2636600000.0,,1124000000.0,,199300000.0,11322400000.0,6934900000.0,-596700000.0,7018000000.0,18320100000.0,183700000.0,44400000.0,114700000.0,121500000.0,193900000.0,,,290000000.0,,,1415700000.0,,,,,542200000.0,591600000.0,,15300000.0,-1149100000.0,,112200000.0,-146400000.0,114200000.0,
2017-02-28,,,3529400000.0,,1392400000.0,,2399400000.0,,2093400000.0,554200000.0,1535100000.0,,,,,177400000.0,,,1955100000.0,101700000.0,,124000000.0,3230000000.0,,3932800000.0,7920500000.0,3377700000.0,141400000.0,18602400000.0,559800000.0,575800000.0,,2697600000.0,,1133600000.0,,165700000.0,11717600000.0,7310000000.0,-399800000.0,6891200000.0,18602400000.0,247900000.0,56100000.0,128700000.0,49400000.0,151000000.0,,,115900000.0,,,1696000000.0,,,,,1111000000.0,907400000.0,,18700000.0,-1461800000.0,,131400000.0,-134800000.0,94300000.0,219600000.0
2017-05-31,,,995300000.0,,427200000.0,,568100000.0,,479400000.0,74100000.0,402800000.0,,,,,199100000.0,,,1936900000.0,,,,3360500000.0,,4186900000.0,7972300000.0,3289700000.0,150000000.0,18959400000.0,558800000.0,489300000.0,,2182400000.0,,1135500000.0,,166500000.0,11561600000.0,7612300000.0,-212300000.0,7389700000.0,18959400000.0,71500000.0,15100000.0,-8500000.0,96800000.0,-18400000.0,,,-13600000.0,42400000.0,,381600000.0,,,,,0.0,217100000.0,,-800000.0,-221300000.0,,0.0,-141600000.0,21700000.0,
2017-08-31,,,2060600000.0,,778600000.0,,1282000000.0,,1110100000.0,202800000.0,902300000.0,,,,,125600000.0,,,1929700000.0,,,128800000.0,3373400000.0,,4464200000.0,8114200000.0,3309100000.0,157500000.0,19418400000.0,601700000.0,577800000.0,,2090000000.0,,1167100000.0,,179100000.0,11473100000.0,8011000000.0,-87400000.0,7928100000.0,19418400000.0,143800000.0,28900000.0,13600000.0,116700000.0,-49200000.0,,,40200000.0,27400000.0,,1102900000.0,,,,,131800000.0,505100000.0,,-1300000.0,-640600000.0,,0.0,-520300000.0,-51800000.0,
2017-11-30,,,2968100000.0,,1199300000.0,,1768800000.0,,1754300000.0,352300000.0,1393400000.0,,,,,154500000.0,,,2167600000.0,,,101200000.0,3545600000.0,,4551000000.0,8085700000.0,3303800000.0,621000000.0,20107100000.0,742200000.0,557700000.0,,2535900000.0,,1233600000.0,,214300000.0,12098000000.0,8401700000.0,-209000000.0,7993900000.0,20107100000.0,218800000.0,45500000.0,91400000.0,38400000.0,221700000.0,,,157700000.0,,,1468400000.0,,,,,131900000.0,705600000.0,,4500000.0,-1038300000.0,,0.0,-458100000.0,-22900000.0,
2018-02-28,,,3817200000.0,,1532700000.0,,2284500000.0,,2342700000.0,11900000.0,2318900000.0,,,,,90300000.0,,,2084000000.0,98500000.0,,133400000.0,3474000000.0,,4789700000.0,8083100000.0,3304800000.0,887100000.0,20538700000.0,592200000.0,583400000.0,,1944700000.0,,718300000.0,,395400000.0,12476000000.0,9228200000.0,-202900000.0,8046100000.0,20538700000.0,299700000.0,60900000.0,114900000.0,34100000.0,123800000.0,,,12800000.0,,,1931400000.0,,,,,150100000.0,1057600000.0,,19100000.0,-1423100000.0,,0.0,-601200000.0,-87100000.0,238600000.0
2018-05-31,2047100000.0,,1048600000.0,,423200000.0,,625400000.0,,902000000.0,155700000.0,743800000.0,,,,,210000000.0,,,2068400000.0,,,,3604800000.0,,4815800000.0,8050500000.0,3301600000.0,3324000000.0,23096700000.0,650300000.0,649600000.0,,1990500000.0,,,,1124000000.0,12530900000.0,12002400000.0,-378600000.0,10556400000.0,23096700000.0,85700000.0,17300000.0,116200000.0,49300000.0,-10600000.0,,,14900000.0,47300000.0,,504000000.0,,,110200000.0,,,168200000.0,,-4500000.0,-53500000.0,,,-329200000.0,119700000.0,
2018-08-31,4346200000.0,,2216800000.0,,826400000.0,,1390400000.0,,2267400000.0,369800000.0,1893300000.0,,,,,206100000.0,,,1941900000.0,,,,3585500000.0,1759200000.0,4947700000.0,8082600000.0,3308900000.0,4172800000.0,24097500000.0,734900000.0,691600000.0,,2162500000.0,,,,1212200000.0,12562300000.0,13012900000.0,-304600000.0,11268300000.0,24097500000.0,171800000.0,35900000.0,202300000.0,173800000.0,-123800000.0,,,111000000.0,35600000.0,,1338500000.0,,,110200000.0,,20200000.0,370600000.0,,2400000.0,-388800000.0,,,-832900000.0,115800000.0,
2018-11-30,6318800000.0,3132000000.0,3186800000.0,,1239900000.0,,1946900000.0,,2614800000.0,405100000.0,2196400000.0,,,,,130600000.0,,,2198000000.0,,,,3638500000.0,2048100000.0,4986300000.0,8061800000.0,3307800000.0,4313000000.0,27890400000.0,882700000.0,683600000.0,,3363400000.0,,,,1234500000.0,16370400000.0,13176800000.0,-505900000.0,11256700000.0,27890400000.0,254600000.0,51100000.0,208100000.0,56400000.0,127700000.0,,,301300000.0,,,1973900000.0,,,,,45300000.0,620300000.0,,900000.0,-4587300000.0,,,2661300000.0,40300000.0,
2019-02-28,8116000000.0,4035700000.0,4080300000.0,,1668100000.0,,2412200000.0,,4145000000.0,685900000.0,3435900000.0,,,,,93600000.0,,,2130400000.0,1153600000.0,,144000000.0,3684000000.0,3234700000.0,5267300000.0,8088800000.0,3198100000.0,109700000.0,29231500000.0,616700000.0,690400000.0,,3163800000.0,,,,106600000.0,16394300000.0,14276200000.0,-353900000.0,12551000000.0,29231500000.0,339100000.0,64100000.0,426900000.0,71900000.0,61900000.0,,,21400000.0,,,2246300000.0,,,,,45600000.0,886300000.0,,900000.0,-4831800000.0,,0.0,2593300000.0,3300000.0,186200000.0
2019-05-31,2097200000.0,1068500000.0,1028700000.0,,406000000.0,,622700000.0,,-422500000.0,-185400000.0,-245400000.0,,,,,98700000.0,,,1494100000.0,,,,3580900000.0,2409500000.0,5118000000.0,7756000000.0,2847500000.0,680000000.0,28951100000.0,579100000.0,708400000.0,68200000.0,2939300000.0,,,,85200000.0,16462900000.0,13888900000.0,-355500000.0,12174600000.0,28951100000.0,88100000.0,15500000.0,-245400000.0,-58600000.0,20900000.0,,,-22300000.0,53100000.0,,593100000.0,,,,,36200000.0,155700000.0,,1600000.0,-213500000.0,,,-374400000.0,5100000.0,
2019-08-31,4441200000.0,2226600000.0,2214600000.0,,872400000.0,,1342200000.0,,-1141700000.0,-387600000.0,-770600000.0,,,,,81300000.0,,,1311400000.0,,,,3537500000.0,1572200000.0,5141600000.0,7696700000.0,2787000000.0,650400000.0,27555100000.0,608600000.0,800300000.0,,2195900000.0,,,,90000000.0,15864100000.0,13221400000.0,-476600000.0,11377500000.0,27555100000.0,172000000.0,33600000.0,-452700000.0,106200000.0,-92700000.0,,,3900000.0,34000000.0,,1419400000.0,,,,,36200000.0,355200000.0,,1300000.0,-425700000.0,,,-1005000000.0,-12300000.0,
2019-11-30,6440600000.0,3238500000.0,3202100000.0,,1251700000.0,,1609400000.0,,-1434100000.0,-1046500000.0,-410200000.0,,,,,93700000.0,,,1358800000.0,,,,3469900000.0,1040200000.0,5187200000.0,7771800000.0,2721300000.0,619100000.0,27093700000.0,676500000.0,767400000.0,,2460200000.0,,,,74600000.0,15057400000.0,13439400000.0,-383800000.0,11709400000.0,27093700000.0,253200000.0,50600000.0,-1192800000.0,-41300000.0,134500000.0,,,135600000.0,,,2076300000.0,,,,,36200000.0,538300000.0,,-1900000.0,-335900000.0,,,-1740200000.0,100000.0,
2020-02-29,8343500000.0,4191600000.0,4151900000.0,,1621800000.0,,2154500000.0,,-945200000.0,-966600000.0,398400000.0,,,,,81400000.0,,,1373600000.0,2272400000.0,,89300000.0,3484100000.0,1117100000.0,5333000000.0,7757100000.0,2718900000.0,610700000.0,27323200000.0,557600000.0,780400000.0,,2311800000.0,,,,86300000.0,14848900000.0,13695300000.0,-266300000.0,12131800000.0,27323200000.0,332200000.0,60400000.0,-1153700000.0,22000000.0,29500000.0,,,16800000.0,,,2551100000.0,,,,,36200000.0,726500000.0,,-400000.0,-531000000.0,,,-2031400000.0,-12200000.0,85300000.0
2020-05-31,1963400000.0,975100000.0,988300000.0,,353300000.0,,610000000.0,,-68200000.0,104400000.0,-177900000.0,,,,,302800000.0,,,1332600000.0,,,,3396200000.0,809500000.0,5098200000.0,7684900000.0,2735400000.0,564000000.0,26149800000.0,505500000.0,712200000.0,,1752400000.0,,,,,14772200000.0,13374100000.0,-1022400000.0,11066000000.0,26149800000.0,72400000.0,14600000.0,98900000.0,-167000000.0,-48600000.0,,,-28400000.0,34400000.0,,686500000.0,,,,,0.0,144200000.0,,300000.0,-299100000.0,,,-169000000.0,221400000.0,
2020-08-31,4223800000.0,2019700000.0,2204100000.0,,752400000.0,,1448700000.0,,657200000.0,239800000.0,512100000.0,,,,,204600000.0,,,1328400000.0,,,,3537200000.0,764000000.0,5184900000.0,7717400000.0,2738300000.0,597400000.0,26462500000.0,651200000.0,724900000.0,,1909900000.0,,,,,14458700000.0,13742200000.0,-815500000.0,11688000000.0,26462500000.0,145400000.0,34000000.0,196100000.0,56100000.0,-73000000.0,,,116700000.0,21800000.0,,1444900000.0,,,,,19900000.0,277800000.0,,-600000.0,-455300000.0,,,-872100000.0,123200000.0,
2020-11-30,6661900000.0,3189600000.0,3472300000.0,,1211800000.0,,2231800000.0,,2057600000.0,416400000.0,1615100000.0,,,,,152900000.0,,,1376900000.0,,,,3447100000.0,1536200000.0,5580700000.0,7789000000.0,2739700000.0,629500000.0,27630600000.0,732100000.0,740900000.0,,2041400000.0,,,,,13978100000.0,14879100000.0,-357400000.0,13312100000.0,27630600000.0,223200000.0,52000000.0,287000000.0,44100000.0,-75200000.0,,,146800000.0,,,2363600000.0,,,,,19900000.0,467700000.0,,-600000.0,-643200000.0,,,-1654700000.0,71500000.0,
2021-02-28,8614900000.0,4148900000.0,4466000000.0,,1665100000.0,,2791100000.0,,2542900000.0,511100000.0,1998000000.0,,,,,460600000.0,,,1291100000.0,1922800000.0,,114700000.0,3044500000.0,1818100000.0,5821600000.0,7793500000.0,2732100000.0,614100000.0,27104800000.0,460000000.0,779900000.0,,1269100000.0,,,,97700000.0,13175700000.0,15117800000.0,-335500000.0,13598900000.0,27104800000.0,299100000.0,63000000.0,336400000.0,-59600000.0,-193700000.0,,,-95700000.0,,,2806500000.0,,,,,19900000.0,864600000.0,,-600000.0,-87900000.0,,,-2346600000.0,379200000.0,189700000.0
2021-05-31,2026500000.0,907200000.0,1119300000.0,,378300000.0,,75100000.0,,-910800000.0,-13500000.0,-908100000.0,,,,,503800000.0,,,1377600000.0,,,,3313100000.0,1075700000.0,5392200000.0,7808900000.0,2731800000.0,623000000.0,26192400000.0,821100000.0,712300000.0,,2062800000.0,,,,,13594800000.0,14063600000.0,-236600000.0,12261600000.0,26192400000.0,77200000.0,16000000.0,-98700000.0,136700000.0,82300000.0,,,224100000.0,130500000.0,,716000000.0,,,,,,113900000.0,,0.0,-116600000.0,,,-556500000.0,43200000.0,
2021-08-31,4397600000.0,2048600000.0,2349000000.0,,868800000.0,,814300000.0,,-767600000.0,131300000.0,-906600000.0,,,,,103400000.0,,,1339000000.0,,,,2943700000.0,488600000.0,5505400000.0,7798900000.0,2729700000.0,607000000.0,25340300000.0,840400000.0,854900000.0,,2187100000.0,,,,,13815700000.0,13922200000.0,-290400000.0,11192700000.0,25340300000.0,164600000.0,36000000.0,-19200000.0,187800000.0,49300000.0,,,245900000.0,144600000.0,,1525900000.0,,,,,0.0,353400000.0,,1000000.0,-377100000.0,,,-1506400000.0,-357200000.0,
2021-11-30,6718200000.0,3143500000.0,3574700000.0,,1254600000.0,,1654200000.0,,580100000.0,217100000.0,470800000.0,,,,,361300000.0,,,1518900000.0,,,,3376600000.0,292900000.0,5519300000.0,7848100000.0,2756700000.0,563100000.0,25527300000.0,945400000.0,1054500000.0,36900000.0,2248600000.0,,,,,13980900000.0,14251600000.0,-623100000.0,11238300000.0,25527300000.0,252400000.0,33800000.0,58500000.0,134800000.0,218400000.0,,,340500000.0,124300000.0,,2444100000.0,,,,,53500000.0,598700000.0,,2000000.0,-674200000.0,,,-1867900000.0,-99300000.0,
2022-02-28,8820700000.0,4113400000.0,4707300000.0,,1711400000.0,,2331700000.0,,310400000.0,309400000.0,395400000.0,,,,,199400000.0,,,1573200000.0,1835700000.0,,91200000.0,3329700000.0,191400000.0,,7862400000.0,2755200000.0,617300000.0,25855800000.0,899200000.0,871300000.0,32000000.0,2698800000.0,,,,150100000.0,13808000000.0,14505400000.0,-412700000.0,11731900000.0,25855800000.0,342400000.0,44900000.0,84800000.0,114000000.0,261300000.0,,,213700000.0,118000000.0,,2705400000.0,,,,,53500000.0,1026800000.0,,2000000.0,-1035800000.0,,,-1929500000.0,-261200000.0,324700000.0
2022-05-31,2363200000.0,1108200000.0,1255000000.0,,438600000.0,,816400000.0,,524700000.0,125400000.0,389500000.0,,,,,101800000.0,,,1656400000.0,,,,3302200000.0,172300000.0,6163300000.0,7915100000.0,2765700000.0,653700000.0,25841100000.0,874600000.0,792100000.0,,2365800000.0,,,,,14282600000.0,14746200000.0,-166300000.0,11231400000.0,25841100000.0,93700000.0,16800000.0,21500000.0,-17200000.0,83000000.0,,,94500000.0,26200000.0,,758200000.0,,,,,37200000.0,196600000.0,,-500000.0,-226800000.0,,,-627200000.0,-97600000.0,
2022-08-31,5018300000.0,2437400000.0,2580900000.0,,951400000.0,,1629500000.0,,-1008300000.0,257800000.0,-1151200000.0,,,,,165100000.0,,,1651000000.0,,,,3530200000.0,91800000.0,6234000000.0,7898600000.0,2763600000.0,637000000.0,24280900000.0,959100000.0,881300000.0,,2511900000.0,,,,,14570000000.0,13448400000.0,-355400000.0,9389000000.0,24280900000.0,185400000.0,37800000.0,208600000.0,84800000.0,86300000.0,,,188900000.0,9500000.0,,1654300000.0,,,,,37200000.0,435000000.0,,-600000.0,-486000000.0,,,-1198600000.0,-34300000.0,
2022-11-30,7454800000.0,3647000000.0,3807800000.0,,1431600000.0,,2376200000.0,,610800000.0,388900000.0,467700000.0,,,,,185000000.0,,,1802000000.0,,,,3525900000.0,95000000.0,6523800000.0,7896600000.0,2741500000.0,667100000.0,24463000000.0,1008100000.0,831700000.0,,2725000000.0,,,,,15746300000.0,12267800000.0,-200900000.0,8389500000.0,24463000000.0,281200000.0,56100000.0,218400000.0,25300000.0,259300000.0,,,187400000.0,-5100000.0,,2280600000.0,,,,,37100000.0,683800000.0,,-500000.0,-646600000.0,,,-1645900000.0,-14400000.0,
2023-02-28,9452600000.0,4683600000.0,4769000000.0,,1926100000.0,,2842900000.0,,383600000.0,422100000.0,223000000.0,,,,,133500000.0,,,1898700000.0,1623800000.0,,114700000.0,3496100000.0,93200000.0,,7925400000.0,2728100000.0,697700000.0,24662300000.0,941500000.0,852000000.0,34000000.0,2968300000.0,,,,137300000.0,15928400000.0,12343900000.0,28500000.0,8413600000.0,24662300000.0,387000000.0,68500000.0,207800000.0,3900000.0,356400000.0,,,114900000.0,12800000.0,,2756900000.0,,,,,37100000.0,1035400000.0,,-500000.0,-999400000.0,,,-1819900000.0,-65900000.0,129700000.0
2023-05-31,2514900000.0,1257100000.0,1257800000.0,,493100000.0,,764700000.0,,230400000.0,91200000.0,135900000.0,,,,,192500000.0,,,1951400000.0,,,,3652600000.0,,7190100000.0,7953900000.0,2727400000.0,783400000.0,24759200000.0,1003300000.0,810000000.0,,3190500000.0,,,,,15851000000.0,12316700000.0,242900000.0,8585000000.0,24759200000.0,105700000.0,14500000.0,-300000.0,31500000.0,57600000.0,,,34200000.0,24300000.0,,665400000.0,,,,,0.0,277000000.0,,0.0,-291900000.0,,,-314700000.0,59000000.0,
2023-08-31,5351700000.0,2644000000.0,2707700000.0,,964300000.0,,1743400000.0,,1078300000.0,238400000.0,825900000.0,,,,,83300000.0,,,1814000000.0,,,,3434300000.0,,7580300000.0,7985600000.0,2734500000.0,770600000.0,24930000000.0,978800000.0,853000000.0,,2857500000.0,,,,,15206000000.0,12842700000.0,434400000.0,9390800000.0,24930000000.0,214400000.0,32500000.0,26300000.0,30000000.0,-81300000.0,,,-56400000.0,17600000.0,,1622000000.0,,,,,7500000.0,582000000.0,,4000000.0,-600900000.0,,,-1072400000.0,-50200000.0,
2023-11-30,7822600000.0,3844300000.0,3978300000.0,,1438000000.0,,2540300000.0,,1729200000.0,368400000.0,1335000000.0,,,,,78700000.0,,,1988000000.0,,,,3551400000.0,,7713500000.0,7978200000.0,2732200000.0,762700000.0,25057400000.0,1028800000.0,934900000.0,,3379900000.0,,,,,15259000000.0,13187600000.0,364400000.0,9471000000.0,25057400000.0,322800000.0,49500000.0,28200000.0,-6900000.0,90400000.0,,,24500000.0,,,2346800000.0,,,,,7500000.0,911900000.0,,3100000.0,-929900000.0,,,-1472400000.0,-54800000.0,
2024-02-29,9961800000.0,4944300000.0,5017500000.0,,1847800000.0,,3169700000.0,,2221800000.0,456600000.0,1727400000.0,,,,,152400000.0,,,2078300000.0,1463500000.0,,116400000.0,3729500000.0,,,7980300000.0,2731700000.0,969400000.0,25691700000.0,1107100000.0,836400000.0,34600000.0,3141700000.0,,,,104800000.0,15627100000.0,13417200000.0,376800000.0,9743100000.0,25691700000.0,429200000.0,63600000.0,147900000.0,-73200000.0,182300000.0,,,24700000.0,-11000000.0,,2780000000.0,,,,,7500000.0,1269100000.0,,2300000.0,-1285900000.0,,,-1474600000.0,18900000.0,333500000.0
2024-05-31,2661800000.0,1258000000.0,1403800000.0,,462200000.0,,941600000.0,,920800000.0,28000000.0,877000000.0,,,,,73800000.0,,,2127000000.0,,,,3828400000.0,86000000.0,8298000000.0,7985400000.0,2731500000.0,1196500000.0,26060100000.0,1139300000.0,783500000.0,,3122200000.0,,,,,15488200000.0,14109500000.0,367800000.0,10251800000.0,26060100000.0,111900000.0,17300000.0,25000000.0,63400000.0,47300000.0,,,62700000.0,15600000.0,,690500000.0,,,,,,375300000.0,,2000000.0,-377400000.0,,,-393000000.0,-78600000.0,
2024-08-31,5580700000.0,2665100000.0,2915600000.0,,953400000.0,,-1229400000.0,,-1334600000.0,-152200000.0,-1199000000.0,,,,,64600000.0,,,2098600000.0,,,,3646800000.0,90500000.0,7898800000.0,5715400000.0,2763000000.0,1091200000.0,23079100000.0,1099400000.0,901600000.0,,2913800000.0,,,,148200000.0,14923200000.0,12727200000.0,-427000000.0,7870800000.0,23079100000.0,221500000.0,41000000.0,-178500000.0,,-14700000.0,,,134500000.0,9700000.0,,1872300000.0,,,,,158300000.0,703100000.0,,10000000.0,-857600000.0,,,-1104000000.0,-87800000.0,
,,,,,,,,,,,,,,,,,,,,,,,,,,,,,,,,,,,,,,,,,,,,,,,,,,,,,,,,,,,,,,,,,,,
,,,,,,,,,,,,,,,,,,,,,,,,,,,,,,,,,,,,,,,,,,,,,,,,,,,,,,,,,,,,,,,,,,,
,,,,,,,,,,,,,,,,,,,,,,,,,,,,,,,,,,,,,,,,,,,,,,,,,,,,,,,,,,,,,,,,,,,
