Date,Net sales,Cost of sales,Gross margin,Research and development,"Selling, general and administrative",Total operating expenses,Operating income,"Other income/(expense), net",Income before provision for income taxes,Provision for income taxes,Net income,Earnings per share basic,Earnings per share diluted,Weighted-average basic,Weighted-average diluted,Cash and cash equivalents,Short-term marketable securities,"Accounts receivable, net",Inventories,Deferred tax assets,Vendor non-trade receivables,Other current assets,Total current assets,Long-term marketable securities,"Property, Plant and Equipment, Net",Goodwill,"Acquired intangible assets, net","Other Assets, Noncurrent",Total assets,accounts payable,Accrued expenses,Deferred revenue,Total current liabilities,Deferred revenue - non-current,deferred tax liabilities,long term taxes payable,Total other non-current liabilities,Total liabilities,Retained Earnings (Accumulated Deficit),Accumulated other comprehensive (loss)/income,Total shareholders equity,Total liabilities and shareholders' equity,"Depreciation, amortization and accretion",Stock-based compensation expense,Deferred income tax expense,"Increase (Decrease) in Accounts receivable, net",Increase (Decrease) in Inventories,Increase (Decrease) in Other Receivables,Increase (Decrease) in Other Operating Assets,Increase (Decrease) in Accounts Payable,Increase (Decrease) in Deferred Revenue,Increase (Decrease) Other liabilities,Cash generated by operating activities,Purchases of marketable securities,Proceeds from maturities of marketable securities,Proceeds from sales of marketable securities,Purchases of other long-term investments,"Business acquisitions, net of cash acquired",Cash payments for capital asset purchases,Payments for acquisition of intangible assets,Payments for (Proceeds from) Other Investing Activities,Cash used in investing activities,Proceeds from issuance of common stock,Excess tax benefits from stock-based compensation,Cash generated/used in financing activities,Increase/(decrease) in cash and cash equivalents,"Cash paid for income taxes, net"
2009-12-31,6723100000.0,,4539400000.0,336200000.0,2506300000.0,2945000000.0,1594400000.0,29500000.0,1623900000.0,516500000.0,1107400000.0,2.79,2.77,,,658700000.0,2296100000.0,1147100000.0,943000000.0,,,,5851200000.0,,947600000.0,956800000.0,634700000.0,136700000.0,9071300000.0,,674300000.0,,1441000000.0,,,,1035200000.0,,5397400000.0,258000000.0,6595100000.0,9071300000.0,,62300000.0,,9800000.0,-33700000.0,,,,,,1460700000.0,,,,,570200000.0,131300000.0,,,-1328400000.0,,6900000.0,-193300000.0,-42400000.0,
2010-03-31,1799100000.0,,1217700000.0,90000000.0,667800000.0,771300000.0,446400000.0,-600000.0,445800000.0,124100000.0,321700000.0,0.81,0.8,397200000.0,400100000.0,1202500000.0,2735100000.0,1120600000.0,961000000.0,,,,6875400000.0,,925000000.0,951200000.0,666300000.0,135800000.0,10098400000.0,,671000000.0,,1404800000.0,,,,1026600000.0,,5553700000.0,152000000.0,6670800000.0,10098400000.0,,18800000.0,,-9200000.0,30100000.0,,,,,,274800000.0,,,,,57400000.0,31100000.0,,,-605400000.0,,9000000.0,898000000.0,543800000.0,
2010-06-30,3557300000.0,,2436600000.0,184600000.0,1329600000.0,1542100000.0,894500000.0,-6100000.0,888400000.0,247700000.0,640700000.0,1.61,1.6,397000000.0,399700000.0,785200000.0,3243300000.0,1108200000.0,968200000.0,,,,6899800000.0,,898700000.0,932300000.0,654600000.0,136400000.0,10060100000.0,,673700000.0,,1295100000.0,,,,1023200000.0,,5813100000.0,-51800000.0,6745500000.0,10060100000.0,,36100000.0,,14900000.0,60800000.0,,,,,,601500000.0,,,,,61400000.0,68500000.0,,,-1302000000.0,,10900000.0,882900000.0,-417300000.0,
2010-09-30,5324900000.0,,3663400000.0,283200000.0,1972900000.0,2298400000.0,1365000000.0,-14700000.0,1350300000.0,371900000.0,978400000.0,2.46,2.45,397000000.0,399100000.0,925600000.0,3589000000.0,1158600000.0,1035300000.0,,,,7543700000.0,,931600000.0,951000000.0,653500000.0,144400000.0,10771900000.0,,674100000.0,,1406000000.0,,,,1063500000.0,,6091200000.0,209800000.0,7306000000.0,10771900000.0,,53600000.0,,18600000.0,117700000.0,,,,,,1029800000.0,,,,,62200000.0,127000000.0,,,-1497600000.0,,10900000.0,759100000.0,266900000.0,
2010-12-31,7320000000.0,,5034300000.0,393900000.0,2707300000.0,3282900000.0,1751400000.0,-21800000.0,1729600000.0,456200000.0,1273400000.0,3.21,3.19,396400000.0,399500000.0,1757600000.0,2622500000.0,1251900000.0,1056800000.0,530600000.0,,,7631400000.0,,798300000.0,1072300000.0,703000000.0,151300000.0,10895100000.0,,752700000.0,,1605000000.0,,344000000.0,,1120000000.0,,6016900000.0,153500000.0,7173600000.0,10895100000.0,,68800000.0,-103800000.0,121400000.0,131200000.0,,,,,,1547400000.0,,,,,265400000.0,182100000.0,,,-795500000.0,,11200000.0,410100000.0,1098900000.0,
2011-03-31,2015200000.0,,1326300000.0,110900000.0,765200000.0,902800000.0,423500000.0,-11700000.0,411800000.0,104400000.0,307400000.0,0.79,0.78,390000000.0,394200000.0,735100000.0,2150800000.0,1310300000.0,1220500000.0,,,,6501200000.0,,845000000.0,1853500000.0,1312000000.0,160000000.0,11231000000.0,,772300000.0,,1586800000.0,,,,1195200000.0,,6014800000.0,416300000.0,7452400000.0,11231000000.0,,19600000.0,,27600000.0,68900000.0,,,,,,204500000.0,,,,,1455400000.0,54700000.0,,,-878000000.0,,3300000.0,-388900000.0,-1022500000.0,
2011-06-30,4060700000.0,,2659000000.0,225400000.0,1551000000.0,1835200000.0,823800000.0,9700000.0,821800000.0,205300000.0,616500000.0,1.58,1.57,389100000.0,393100000.0,497100000.0,2177900000.0,1348200000.0,1284400000.0,,,,6502700000.0,,886000000.0,2027500000.0,1398200000.0,161900000.0,11596400000.0,,836500000.0,,1603500000.0,,,,1218200000.0,,6254100000.0,484300000.0,7778000000.0,11596400000.0,,38700000.0,,42200000.0,140700000.0,,,,,,360700000.0,,,,,1777600000.0,105400000.0,,,-1257500000.0,,4800000.0,-410000000.0,-1260500000.0,
2012-03-31,2161000000.0,,1452000000.0,112000000.0,819000000.0,976000000.0,476000000.0,-8000000.0,468000000.0,118000000.0,350000000.0,0.92,0.91,381000000.0,383800000.0,690000000.0,2607000000.0,1472000000.0,1318000000.0,,,,7229000000.0,,909000000.0,2082000000.0,1425000000.0,161000000.0,12459000000.0,,759000000.0,,1549000000.0,,,,1137000000.0,,6701000000.0,235000000.0,8022000000.0,12459000000.0,,21000000.0,,48000000.0,29000000.0,,,,,,35000000.0,,,,,9000000.0,52000000.0,,,-123000000.0,,,-128000000.0,-215000000.0,
2012-06-30,4267000000.0,,2886000000.0,228000000.0,1642000000.0,1965000000.0,921000000.0,-18000000.0,903000000.0,228000000.0,675000000.0,1.77,1.76,381000000.0,383500000.0,1393000000.0,2067000000.0,1368000000.0,1289000000.0,791000000.0,,,7198000000.0,,898000000.0,2028000000.0,1349000000.0,158000000.0,12262000000.0,,767000000.0,,1489000000.0,,,,1071000000.0,,6908000000.0,-60000000.0,7952000000.0,12262000000.0,,39000000.0,,-73000000.0,30000000.0,,,,,,492000000.0,,,,,10000000.0,103000000.0,,,384000000.0,,,-276000000.0,703000000.0,
2012-09-30,6319000000.0,,4283000000.0,342000000.0,2433000000.0,2912000000.0,1371000000.0,-24000000.0,1347000000.0,319000000.0,1028000000.0,2.7,2.68,380700000.0,383200000.0,1423000000.0,2440000000.0,1356000000.0,1315000000.0,860000000.0,,,7640000000.0,,929000000.0,2060000000.0,1342000000.0,169000000.0,12777000000.0,,748000000.0,,1576000000.0,,,,1089000000.0,,7162000000.0,78000000.0,8361000000.0,12777000000.0,,57000000.0,,-52000000.0,40000000.0,,,,,,1061000000.0,,,,,47000000.0,161000000.0,,,-428000000.0,,,-386000000.0,518000000.0,
2012-12-31,8657000000.0,,5876000000.0,471000000.0,3466000000.0,4135000000.0,1741000000.0,-36000000.0,1705000000.0,407000000.0,1298000000.0,3.41,3.39,380600000.0,383000000.0,1395000000.0,2890000000.0,1430000000.0,1265000000.0,692000000.0,,,8148000000.0,,948000000.0,2142000000.0,1424000000.0,544000000.0,13206000000.0,,934000000.0,,1876000000.0,,-182000000.0,,987000000.0,,7332000000.0,129000000.0,8597000000.0,13206000000.0,486000000.0,75000000.0,-39000000.0,20000000.0,-18000000.0,,,,,,1657000000.0,,,,,154000000.0,210000000.0,,,-736000000.0,,,-449000000.0,490000000.0,599000000.0
2013-03-31,2190000000.0,,1477000000.0,129000000.0,916000000.0,1091000000.0,386000000.0,-11000000.0,375000000.0,71000000.0,304000000.0,0.8,0.79,379700000.0,383000000.0,1913000000.0,2574000000.0,1408000000.0,1323000000.0,791000000.0,,,8421000000.0,,1002000000.0,2592000000.0,1520000000.0,554000000.0,14089000000.0,,982000000.0,,1808000000.0,,,,1087000000.0,,7296000000.0,17000000.0,8456000000.0,14089000000.0,,20000000.0,,-7000000.0,38000000.0,,,,,,236000000.0,,,,,600000000.0,49000000.0,,,-360000000.0,,,651000000.0,518000000.0,
2013-06-30,4402000000.0,,2959000000.0,261000000.0,1931000000.0,2283000000.0,676000000.0,-32000000.0,644000000.0,127000000.0,517000000.0,1.36,1.35,378800000.0,382000000.0,971000000.0,3681000000.0,1413000000.0,1345000000.0,781000000.0,,,8689000000.0,,1021000000.0,2573000000.0,1545000000.0,554000000.0,14382000000.0,,1156000000.0,,1971000000.0,,,,1066000000.0,,7410000000.0,31000000.0,8603000000.0,14382000000.0,,38000000.0,,18000000.0,63000000.0,,,,,,592000000.0,,,,,662000000.0,96000000.0,,,-1558000000.0,,,558000000.0,-942000000.0,
2013-09-30,6553000000.0,,4428000000.0,397000000.0,3067000000.0,3602000000.0,826000000.0,-45000000.0,781000000.0,161000000.0,620000000.0,1.64,1.62,378700000.0,381800000.0,1110000000.0,4028000000.0,1370000000.0,1404000000.0,757000000.0,,,9187000000.0,,1036000000.0,2603000000.0,1539000000.0,518000000.0,14883000000.0,,1456000000.0,,2324000000.0,,,,1079000000.0,,7411000000.0,146000000.0,8737000000.0,14883000000.0,,57000000.0,,-57000000.0,106000000.0,,,,,,1214000000.0,,,,,686000000.0,139000000.0,,,-1926000000.0,,,453000000.0,-285000000.0,
2013-12-31,9021000000.0,,6044000000.0,536000000.0,4066000000.0,4788000000.0,1256000000.0,-44000000.0,1212000000.0,206000000.0,1006000000.0,2.66,2.63,378600000.0,382100000.0,1339000000.0,2641000000.0,1518000000.0,1422000000.0,517000000.0,,,8335000000.0,,1081000000.0,3844000000.0,1989000000.0,494000000.0,15743000000.0,,1537000000.0,,2657000000.0,,-397000000.0,,1300000000.0,,7617000000.0,232000000.0,9047000000.0,15743000000.0,511000000.0,76000000.0,23000000.0,89000000.0,77000000.0,,,,,,1886000000.0,,,,,2320000000.0,195000000.0,,,-2217000000.0,,,300000000.0,-56000000.0,321000000.0
2014-03-31,2305000000.0,,1536000000.0,150000000.0,1205000000.0,1405000000.0,131000000.0,-24000000.0,107000000.0,37000000.0,70000000.0,0.19,0.18,378200000.0,382600000.0,1381000000.0,2666000000.0,1430000000.0,1498000000.0,918000000.0,,,8446000000.0,,1117000000.0,3997000000.0,2085000000.0,514000000.0,16159000000.0,,1821000000.0,,3558000000.0,,,,1294000000.0,,7571000000.0,268000000.0,9063000000.0,16159000000.0,,21000000.0,,-93000000.0,61000000.0,,,,,,206000000.0,,,,,272000000.0,70000000.0,,,-351000000.0,,,186000000.0,42000000.0,
2014-06-30,4668000000.0,,3091000000.0,308000000.0,2353000000.0,2763000000.0,328000000.0,-54000000.0,274000000.0,76000000.0,198000000.0,0.52,0.51,378800000.0,382700000.0,1319000000.0,3426000000.0,1503000000.0,1587000000.0,941000000.0,,,9381000000.0,,1127000000.0,4101000000.0,2090000000.0,530000000.0,17229000000.0,,780000000.0,,3713000000.0,,,,1277000000.0,,7525000000.0,231000000.0,9002000000.0,17229000000.0,,41000000.0,,-53000000.0,120000000.0,,,,,,572000000.0,,,,,457000000.0,124000000.0,,,-1366000000.0,,,774000000.0,-62000000.0,
2014-09-30,7057000000.0,,4658000000.0,461000000.0,3263000000.0,3880000000.0,778000000.0,-79000000.0,699000000.0,444000000.0,255000000.0,0.68,0.67,378500000.0,382700000.0,1356000000.0,3321000000.0,1529000000.0,1666000000.0,987000000.0,,,9326000000.0,,1104000000.0,4257000000.0,2108000000.0,720000000.0,17515000000.0,,832000000.0,,4211000000.0,,,,1449000000.0,,7430000000.0,-74000000.0,8624000000.0,17515000000.0,,58000000.0,,65000000.0,217000000.0,,,,,,1107000000.0,,,,,825000000.0,172000000.0,,,-1790000000.0,,,707000000.0,37000000.0,
2014-12-31,9675000000.0,,6384000000.0,614000000.0,3575000000.0,5138000000.0,1246000000.0,-86000000.0,1160000000.0,645000000.0,515000000.0,1.36,1.34,378500000.0,382800000.0,1795000000.0,3205000000.0,1572000000.0,1588000000.0,552000000.0,,,9673000000.0,,1098000000.0,4186000000.0,2018000000.0,738000000.0,17713000000.0,,754000000.0,,4464000000.0,,-473000000.0,,1408000000.0,,7559000000.0,-254000000.0,8595000000.0,17713000000.0,,77000000.0,60000000.0,89000000.0,173000000.0,,,,,,1782000000.0,,,,,916000000.0,233000000.0,,,-1878000000.0,,,629000000.0,456000000.0,437000000.0
2015-03-31,2379000000.0,,1553000000.0,152000000.0,892000000.0,1147000000.0,406000000.0,-29000000.0,377000000.0,153000000.0,224000000.0,0.59,0.58,378900000.0,383500000.0,1674000000.0,2589000000.0,1521000000.0,1582000000.0,894000000.0,,,8727000000.0,,1069000000.0,4099000000.0,1960000000.0,725000000.0,16580000000.0,,784000000.0,,3695000000.0,,,,1307000000.0,,7527000000.0,-521000000.0,8321000000.0,16580000000.0,,23000000.0,,-12000000.0,42000000.0,,,,,,380000000.0,,,,,84000000.0,46000000.0,,,326000000.0,,,-734000000.0,-121000000.0,
2015-06-30,4811000000.0,,3158000000.0,306000000.0,1753000000.0,2323000000.0,835000000.0,-57000000.0,778000000.0,162000000.0,616000000.0,1.63,1.61,377900000.0,382200000.0,3626000000.0,651000000.0,1500000000.0,1619000000.0,955000000.0,,,8936000000.0,,1102000000.0,4125000000.0,1925000000.0,731000000.0,16819000000.0,,739000000.0,,3723000000.0,,,,1349000000.0,,7600000000.0,-431000000.0,8505000000.0,16819000000.0,,44000000.0,,-39000000.0,67000000.0,,,,,,737000000.0,,,,,92000000.0,114000000.0,,,2226000000.0,,,-1051000000.0,1831000000.0,
2015-09-30,7231000000.0,,4782000000.0,461000000.0,2640000000.0,3569000000.0,1213000000.0,-90000000.0,1123000000.0,206000000.0,917000000.0,2.43,2.4,377400000.0,381800000.0,3163000000.0,209000000.0,1496000000.0,1665000000.0,933000000.0,,,8033000000.0,,1128000000.0,4160000000.0,1861000000.0,735000000.0,15917000000.0,,725000000.0,,3553000000.0,,,,1369000000.0,,7656000000.0,-529000000.0,8484000000.0,15917000000.0,,65000000.0,,-26000000.0,124000000.0,,,,,,228000000.0,,,,,140000000.0,191000000.0,,,2541000000.0,,,-1302000000.0,1368000000.0,
2015-12-31,9946000000.0,,6602000000.0,625000000.0,3610000000.0,4741000000.0,1861000000.0,-126000000.0,1735000000.0,296000000.0,1439000000.0,3.82,3.78,376600000.0,380900000.0,3379000000.0,700000000.0,1662000000.0,1639000000.0,442000000.0,,,7944000000.0,,1199000000.0,4136000000.0,1794000000.0,1174000000.0,16247000000.0,,710000000.0,,3503000000.0,,35000000.0,,980000000.0,,7792000000.0,-639000000.0,8511000000.0,16247000000.0,590000000.0,86000000.0,87000000.0,151000000.0,115000000.0,,,,,,899000000.0,,,,,153000000.0,270000000.0,,,1956000000.0,,,-1141000000.0,1584000000.0,497000000.0
2016-03-31,2495000000.0,,1694000000.0,159000000.0,944000000.0,1175000000.0,519000000.0,-38000000.0,481000000.0,79000000.0,402000000.0,1.08,1.07,373200000.0,377400000.0,6976000000.0,507000000.0,1591000000.0,1768000000.0,,,,11325000000.0,,1224000000.0,4165000000.0,1780000000.0,1174000000.0,19668000000.0,,717000000.0,,3186000000.0,,,,968000000.0,,8040000000.0,-622000000.0,8808000000.0,19668000000.0,,28000000.0,,-86000000.0,109000000.0,,,,,,203000000.0,,,,,23000000.0,115000000.0,,,57000000.0,,,3318000000.0,3597000000.0,
2016-06-30,5335000000.0,,3536000000.0,342000000.0,1987000000.0,2517000000.0,1019000000.0,-105000000.0,914000000.0,132000000.0,782000000.0,2.09,2.07,374200000.0,378500000.0,3490000000.0,166000000.0,1758000000.0,1989000000.0,,,,7824000000.0,,1446000000.0,6372000000.0,3728000000.0,1150000000.0,20520000000.0,,833000000.0,,3605000000.0,,,,1100000000.0,,8278000000.0,-595000000.0,9098000000.0,20520000000.0,,49000000.0,,-57000000.0,225000000.0,,,,,,671000000.0,,,,,4219000000.0,229000000.0,,,-3912000000.0,,27000000.0,3342000000.0,111000000.0,
2016-09-30,8168000000.0,,5409000000.0,526000000.0,3044000000.0,3904000000.0,1505000000.0,-172000000.0,1333000000.0,196000000.0,1137000000.0,3.04,3.01,374400000.0,379000000.0,2953000000.0,69000000.0,1803000000.0,2092000000.0,,,,7366000000.0,,1505000000.0,6475000000.0,3608000000.0,1233000000.0,20187000000.0,,873000000.0,,3026000000.0,,,,1116000000.0,10855000000.0,8491000000.0,-600000000.0,9332000000.0,20187000000.0,,71000000.0,,-22000000.0,307000000.0,,,,,,1164000000.0,,,,,4296000000.0,347000000.0,,4000000.0,-4014000000.0,,31000000.0,2403000000.0,-426000000.0,
2016-12-31,11325000000.0,,7495000000.0,715000000.0,4137000000.0,5329000000.0,2166000000.0,-245000000.0,1921000000.0,274000000.0,1647000000.0,4.4,4.35,374100000.0,378500000.0,3316000000.0,68000000.0,1967000000.0,2030000000.0,247000000.0,,,7861000000.0,,1569000000.0,6356000000.0,3508000000.0,1141000000.0,20435000000.0,,923000000.0,,3148000000.0,,55000000.0,,1051000000.0,10885000000.0,8842000000.0,-761000000.0,9550000000.0,20435000000.0,752000000.0,97000000.0,-46000000.0,192000000.0,299000000.0,,,,,,1812000000.0,,,,,4332000000.0,490000000.0,,3000000.0,-4191000000.0,,36000000.0,2361000000.0,-63000000.0,510000000.0
2017-03-31,2955000000.0,,1962000000.0,192000000.0,1102000000.0,1408000000.0,554000000.0,-55000000.0,499000000.0,55000000.0,444000000.0,1.19,1.17,373400000.0,379300000.0,3213000000.0,66000000.0,1875000000.0,2172000000.0,,,,7889000000.0,,1655000000.0,6393000000.0,3446000000.0,1134000000.0,20517000000.0,,883000000.0,,2554000000.0,,,,1075000000.0,10813000000.0,8903000000.0,-675000000.0,9704000000.0,20517000000.0,,32000000.0,,-112000000.0,114000000.0,,,,,,151000000.0,,,,,9000000.0,139000000.0,,,-146000000.0,,-52000000.0,-137000000.0,-103000000.0,
2017-06-30,5967000000.0,,3952000000.0,384000000.0,2232000000.0,2897000000.0,1055000000.0,-112000000.0,943000000.0,108000000.0,835000000.0,2.23,2.2,373900000.0,379800000.0,3649000000.0,98000000.0,1905000000.0,2279000000.0,,,,8478000000.0,,1758000000.0,6471000000.0,3382000000.0,1203000000.0,21292000000.0,,1026000000.0,,3552000000.0,,,,1113000000.0,11257000000.0,9136000000.0,-590000000.0,10035000000.0,21292000000.0,,58000000.0,,-97000000.0,192000000.0,,,,,,801000000.0,,,,,38000000.0,270000000.0,,,-338000000.0,,-73000000.0,-177000000.0,333000000.0,
2017-09-30,8973000000.0,,5934000000.0,582000000.0,3335000000.0,4356000000.0,1578000000.0,-164000000.0,1414000000.0,145000000.0,1269000000.0,3.39,3.34,374200000.0,380200000.0,2592000000.0,97000000.0,1965000000.0,2454000000.0,,,,7710000000.0,,1852000000.0,7026000000.0,3470000000.0,1427000000.0,21485000000.0,,957000000.0,,3258000000.0,,,,1209000000.0,11060000000.0,9411000000.0,-498000000.0,10425000000.0,21485000000.0,,85000000.0,,-72000000.0,322000000.0,,,,,,880000000.0,,,,,712000000.0,412000000.0,,0.0,-1153000000.0,,-83000000.0,-522000000.0,-724000000.0,
2017-12-31,12444000000.0,,8173000000.0,787000000.0,4552000000.0,5883000000.0,2290000000.0,-227000000.0,2063000000.0,1043000000.0,1020000000.0,2.73,2.68,374000000.0,380100000.0,2542000000.0,251000000.0,2198000000.0,2465000000.0,236000000.0,,,7993000000.0,,1975000000.0,7168000000.0,3477000000.0,1584000000.0,22197000000.0,,1011000000.0,,3485000000.0,,47000000.0,1261000000.0,881000000.0,12217000000.0,8986000000.0,-553000000.0,9966000000.0,22197000000.0,859000000.0,113000000.0,36000000.0,162000000.0,320000000.0,,,,,,1559000000.0,,,,,831000000.0,598000000.0,,1000000.0,-1613000000.0,,,-794000000.0,-774000000.0,312000000.0
2018-03-31,3241000000.0,,2137000000.0,204000000.0,1236000000.0,1546000000.0,591000000.0,-49000000.0,542000000.0,99000000.0,443000000.0,1.18,1.16,374000000.0,380700000.0,2179000000.0,276000000.0,2108000000.0,2664000000.0,,,,7851000000.0,,2054000000.0,7723000000.0,3689000000.0,816000000.0,22133000000.0,,1233000000.0,,4800000000.0,,,1278000000.0,912000000.0,12910000000.0,8201000000.0,-510000000.0,9214000000.0,22133000000.0,,29000000.0,,-139000000.0,144000000.0,,,,,,297000000.0,,,,,704000000.0,121000000.0,,,-849000000.0,,-75000000.0,145000000.0,-363000000.0,
2018-06-30,6563000000.0,,4327000000.0,420000000.0,2426000000.0,3064000000.0,1263000000.0,-98000000.0,1165000000.0,270000000.0,895000000.0,2.39,2.35,373900000.0,380400000.0,1641000000.0,279000000.0,2089000000.0,2740000000.0,,,,7413000000.0,,2101000000.0,7636000000.0,3567000000.0,853000000.0,21570000000.0,,1171000000.0,,4046000000.0,,,1262000000.0,877000000.0,12110000000.0,8477000000.0,-557000000.0,9460000000.0,21570000000.0,,57000000.0,,-115000000.0,294000000.0,,,,,,946000000.0,,,,,767000000.0,278000000.0,,,-1073000000.0,,-96000000.0,-772000000.0,-901000000.0,
2018-09-30,9805000000.0,3323000000.0,6482000000.0,641000000.0,3668000000.0,4643000000.0,1839000000.0,-140000000.0,1699000000.0,214000000.0,1485000000.0,3.97,3.9,374100000.0,380400000.0,1918000000.0,292000000.0,2076000000.0,2893000000.0,,,,7918000000.0,,2178000000.0,7634000000.0,3463000000.0,891000000.0,22084000000.0,,1180000000.0,,4153000000.0,,,1251000000.0,892000000.0,12224000000.0,8892000000.0,-604000000.0,9860000000.0,22084000000.0,,87000000.0,,-119000000.0,439000000.0,,,,,,1564000000.0,,,,,770000000.0,418000000.0,,,-1229000000.0,,-104000000.0,-951000000.0,-624000000.0,
2018-12-31,13601000000.0,4663000000.0,8938000000.0,862000000.0,5099000000.0,6401000000.0,2537000000.0,-181000000.0,2356000000.0,-1197000000.0,3553000000.0,9.5,9.34,374100000.0,380300000.0,3616000000.0,83000000.0,2332000000.0,2955000000.0,1624000000.0,,,9733000000.0,,2291000000.0,8563000000.0,4163000000.0,801000000.0,27229000000.0,,1521000000.0,,4807000000.0,,,1228000000.0,978000000.0,15499000000.0,10765000000.0,-631000000.0,11730000000.0,27229000000.0,966000000.0,119000000.0,-1582000000.0,60000000.0,385000000.0,,,,,,2610000000.0,,,,,2451000000.0,572000000.0,,2000000.0,-2857000000.0,,,1329000000.0,1074000000.0,539000000.0
2019-03-31,3516000000.0,1233000000.0,2283000000.0,225000000.0,1403000000.0,1755000000.0,528000000.0,-48000000.0,480000000.0,68000000.0,412000000.0,1.1,1.09,373300000.0,379300000.0,1674000000.0,84000000.0,2284000000.0,3064000000.0,,,,7888000000.0,,2297000000.0,8710000000.0,4240000000.0,1171000000.0,25937000000.0,,1696000000.0,,3713000000.0,,,1218000000.0,1363000000.0,14244000000.0,10683000000.0,-565000000.0,,25937000000.0,,35000000.0,,-50000000.0,139000000.0,,,,,,313000000.0,,,,,180000000.0,122000000.0,,,-303000000.0,,-97000000.0,-1947000000.0,-1942000000.0,
2019-06-30,7166000000.0,2503000000.0,4663000000.0,471000000.0,2685000000.0,3522000000.0,1141000000.0,-96000000.0,1045000000.0,153000000.0,892000000.0,2.39,2.35,373900000.0,379500000.0,1754000000.0,85000000.0,2408000000.0,3198000000.0,,,,8185000000.0,,2387000000.0,8762000000.0,4184000000.0,1223000000.0,26354000000.0,,1820000000.0,,3946000000.0,,,1106000000.0,1385000000.0,14411000000.0,10967000000.0,-630000000.0,,26354000000.0,,63000000.0,,72000000.0,285000000.0,,,,,,827000000.0,,,,,260000000.0,287000000.0,,,-550000000.0,,-111000000.0,-2135000000.0,-1862000000.0,
2019-09-30,10753000000.0,3760000000.0,6993000000.0,717000000.0,3976000000.0,5224000000.0,1769000000.0,-143000000.0,1626000000.0,268000000.0,1358000000.0,3.63,3.58,374200000.0,380300000.0,1948000000.0,88000000.0,2438000000.0,3269000000.0,,,,8566000000.0,,2460000000.0,8704000000.0,4056000000.0,1287000000.0,26659000000.0,,1690000000.0,,3921000000.0,,,1095000000.0,1439000000.0,14344000000.0,11238000000.0,-553000000.0,,26659000000.0,,95000000.0,,124000000.0,414000000.0,,,,,,1456000000.0,,,,,281000000.0,450000000.0,,,-736000000.0,,-130000000.0,-2360000000.0,-1668000000.0,
2019-12-31,14884000000.0,5188000000.0,9696000000.0,971000000.0,5356000000.0,6983000000.0,2713000000.0,-151000000.0,2562000000.0,479000000.0,2083000000.0,5.57,5.48,374000000.0,379900000.0,4337000000.0,88000000.0,2893000000.0,3282000000.0,1467000000.0,,,11360000000.0,,2567000000.0,9069000000.0,4227000000.0,1369000000.0,30167000000.0,,1527000000.0,,4400000000.0,,,1068000000.0,1661000000.0,17360000000.0,11748000000.0,-606000000.0,,30167000000.0,1044000000.0,127000000.0,126000000.0,563000000.0,400000000.0,,,,,,2191000000.0,,,,,802000000.0,649000000.0,,-1000000.0,-1455000000.0,,,3000000.0,721000000.0,457000000.0
2020-03-31,3588000000.0,1257000000.0,2331000000.0,254000000.0,1330000000.0,1696000000.0,635000000.0,-45000000.0,590000000.0,97000000.0,493000000.0,1.32,1.3,374800000.0,379700000.0,3964000000.0,84000000.0,2646000000.0,3359000000.0,,,,10736000000.0,,2607000000.0,9025000000.0,4107000000.0,1428000000.0,29440000000.0,,1450000000.0,,4162000000.0,,,1026000000.0,1733000000.0,16325000000.0,12024000000.0,-623000000.0,,29440000000.0,,56000000.0,,-204000000.0,122000000.0,,,,,,591000000.0,,,,,23000000.0,144000000.0,,,-163000000.0,,-56000000.0,-768000000.0,-373000000.0,
2020-06-30,6352000000.0,2473000000.0,3879000000.0,487000000.0,2555000000.0,3264000000.0,615000000.0,-112000000.0,503000000.0,93000000.0,410000000.0,1.09,1.08,375500000.0,379900000.0,6539000000.0,80000000.0,2203000000.0,3442000000.0,,,,12801000000.0,,2527000000.0,9074000000.0,4012000000.0,1499000000.0,31483000000.0,,1702000000.0,,4405000000.0,,,990000000.0,1523000000.0,18729000000.0,11725000000.0,-715000000.0,,31483000000.0,,86000000.0,,-671000000.0,181000000.0,,,,,,1211000000.0,,,,,26000000.0,253000000.0,,9000000.0,-280000000.0,,-68000000.0,1288000000.0,2202000000.0,
2020-09-30,10089000000.0,3749000000.0,6340000000.0,729000000.0,3799000000.0,4866000000.0,1474000000.0,-191000000.0,1283000000.0,252000000.0,1031000000.0,2.75,2.71,375700000.0,380200000.0,7083000000.0,78000000.0,2426000000.0,3459000000.0,,,,13545000000.0,,2529000000.0,9128000000.0,3917000000.0,1540000000.0,32286000000.0,,1766000000.0,,4689000000.0,,,999000000.0,1604000000.0,19300000000.0,12129000000.0,-917000000.0,,32286000000.0,,115000000.0,,-467000000.0,154000000.0,,,,,,2040000000.0,,,,,26000000.0,322000000.0,,11000000.0,-349000000.0,,-79000000.0,1046000000.0,2746000000.0,
2020-12-31,14351000000.0,5294000000.0,9057000000.0,984000000.0,5361000000.0,6834000000.0,2223000000.0,-269000000.0,1954000000.0,355000000.0,1599000000.0,4.26,4.2,375500000.0,380300000.0,2943000000.0,81000000.0,2701000000.0,3494000000.0,1413000000.0,,,9707000000.0,,2752000000.0,12778000000.0,5554000000.0,2009000000.0,34330000000.0,,1586000000.0,,5041000000.0,,,990000000.0,1985000000.0,21246000000.0,12462000000.0,-1157000000.0,,34330000000.0,1076000000.0,142000000.0,48000000.0,-354000000.0,-27000000.0,,,,,,3277000000.0,,,,,4222000000.0,487000000.0,,-1000000.0,-4701000000.0,,,-11000000.0,-1394000000.0,323000000.0
2021-03-31,3953000000.0,1444000000.0,2509000000.0,288000000.0,1575000000.0,2050000000.0,459000000.0,-92000000.0,367000000.0,65000000.0,302000000.0,0.8,0.79,376300000.0,381700000.0,2238000000.0,74000000.0,2616000000.0,3473000000.0,,,,8979000000.0,,2710000000.0,12803000000.0,5378000000.0,2066000000.0,33455000000.0,,1487000000.0,,3953000000.0,,,986000000.0,1955000000.0,19953000000.0,12525000000.0,-867000000.0,,33455000000.0,,68000000.0,,-65000000.0,73000000.0,,,,,,452000000.0,,,,,27000000.0,83000000.0,,-7000000.0,-96000000.0,,-53000000.0,-1053000000.0,-705000000.0,
2021-06-30,8247000000.0,2966000000.0,5281000000.0,598000000.0,3080000000.0,4090000000.0,1191000000.0,-162000000.0,1029000000.0,135000000.0,894000000.0,2.37,2.34,376900000.0,382300000.0,2241000000.0,84000000.0,2714000000.0,3431000000.0,,,,9032000000.0,,2738000000.0,12802000000.0,5261000000.0,2114000000.0,33698000000.0,,1510000000.0,,4252000000.0,,,927000000.0,1965000000.0,19878000000.0,12881000000.0,-943000000.0,,33698000000.0,,107000000.0,,24000000.0,128000000.0,,,,,,1330000000.0,,,,,104000000.0,189000000.0,,2000000.0,-298000000.0,,,-1729000000.0,-702000000.0,
2021-09-30,12407000000.0,4484000000.0,7923000000.0,904000000.0,4682000000.0,6158000000.0,1765000000.0,-241000000.0,1524000000.0,192000000.0,1332000000.0,3.54,3.48,377100000.0,382700000.0,2563000000.0,76000000.0,2817000000.0,3434000000.0,,,,9460000000.0,,2746000000.0,12893000000.0,5058000000.0,2128000000.0,34145000000.0,,1467000000.0,,4449000000.0,,,929000000.0,1960000000.0,19967000000.0,13081000000.0,-816000000.0,,34145000000.0,,141000000.0,,145000000.0,231000000.0,,,,,,2263000000.0,,,,,226000000.0,319000000.0,,5000000.0,-545000000.0,,,-2077000000.0,-380000000.0,
2021-12-31,17108000000.0,6140000000.0,10968000000.0,1235000000.0,6427000000.0,8384000000.0,2584000000.0,-303000000.0,2281000000.0,287000000.0,1994000000.0,5.29,5.21,377000000.0,382300000.0,2944000000.0,75000000.0,3022000000.0,3314000000.0,1692000000.0,,,10017000000.0,,2833000000.0,12918000000.0,4840000000.0,2263000000.0,34631000000.0,,1465000000.0,,4549000000.0,,,913000000.0,1820000000.0,19754000000.0,13480000000.0,-531000000.0,,34631000000.0,1272000000.0,171000000.0,-237000000.0,377000000.0,189000000.0,,,,,,3263000000.0,,,,,339000000.0,525000000.0,,1000000.0,-859000000.0,,,-2365000000.0,1000000.0,622000000.0
2022-03-31,4275000000.0,1541000000.0,2734000000.0,413000000.0,1710000000.0,2287000000.0,447000000.0,-61000000.0,386000000.0,63000000.0,323000000.0,0.86,0.84,377700000.0,382700000.0,1458000000.0,72000000.0,2991000000.0,3525000000.0,,,,8725000000.0,,2793000000.0,15228000000.0,5430000000.0,2359000000.0,36137000000.0,,1541000000.0,,4408000000.0,,,917000000.0,1881000000.0,21091000000.0,13540000000.0,-479000000.0,,36137000000.0,,71000000.0,,-53000000.0,229000000.0,,,,,,203000000.0,,,,,2563000000.0,119000000.0,,2000000.0,-2682000000.0,,,993000000.0,-1486000000.0,
2022-06-30,8768000000.0,3208000000.0,5560000000.0,764000000.0,3249000000.0,4341000000.0,1219000000.0,-113000000.0,1106000000.0,127000000.0,979000000.0,2.59,2.56,378300000.0,382500000.0,1044000000.0,83000000.0,3145000000.0,3749000000.0,,,,8825000000.0,,2803000000.0,15115000000.0,5245000000.0,2419000000.0,36032000000.0,,1495000000.0,,4404000000.0,,,787000000.0,1793000000.0,20358000000.0,13933000000.0,-286000000.0,,36032000000.0,,107000000.0,,159000000.0,523000000.0,,,,,,732000000.0,,,,,2563000000.0,262000000.0,,0.0,-2834000000.0,,,240000000.0,-1900000000.0,
2022-09-30,13247000000.0,4905000000.0,8342000000.0,1128000000.0,4704000000.0,6315000000.0,2027000000.0,-105000000.0,1922000000.0,127000000.0,1795000000.0,4.75,4.7,378400000.0,382200000.0,1420000000.0,77000000.0,3103000000.0,3883000000.0,,,,9318000000.0,,2798000000.0,14993000000.0,5053000000.0,2431000000.0,35983000000.0,,1526000000.0,,4571000000.0,,,621000000.0,1577000000.0,19520000000.0,14486000000.0,-89000000.0,,35983000000.0,,140000000.0,,186000000.0,754000000.0,,,,,,1621000000.0,,,,,2563000000.0,400000000.0,,-7000000.0,-2762000000.0,,,-303000000.0,-1524000000.0,
2022-12-31,18449000000.0,6871000000.0,11578000000.0,1454000000.0,6455000000.0,8737000000.0,2841000000.0,-158000000.0,2683000000.0,325000000.0,2358000000.0,6.23,6.17,378200000.0,382200000.0,1844000000.0,84000000.0,3565000000.0,3995000000.0,1343000000.0,,,10275000000.0,,2970000000.0,14880000000.0,4885000000.0,2464000000.0,36884000000.0,,1744000000.0,,6303000000.0,,,641000000.0,1467000000.0,20268000000.0,14765000000.0,-221000000.0,,36884000000.0,1278000000.0,168000000.0,58000000.0,579000000.0,762000000.0,,,,,,2624000000.0,,,,,2563000000.0,588000000.0,,-39000000.0,-2924000000.0,,,-749000000.0,-1100000000.0,505000000.0
2023-03-31,4778000000.0,1762000000.0,3016000000.0,339000000.0,1781000000.0,2281000000.0,735000000.0,-56000000.0,679000000.0,87000000.0,592000000.0,1.56,1.54,379000000.0,383200000.0,1671000000.0,86000000.0,3215000000.0,4333000000.0,,,,10155000000.0,,3037000000.0,14849000000.0,4779000000.0,2567000000.0,36830000000.0,,1700000000.0,,5866000000.0,,,625000000.0,1587000000.0,19935000000.0,15072000000.0,-305000000.0,,36830000000.0,,74000000.0,,-365000000.0,314000000.0,,,,,,445000000.0,,,,,0.0,130000000.0,,-1000000.0,-132000000.0,,,-481000000.0,-173000000.0,
2023-06-30,9774000000.0,3577000000.0,6197000000.0,685000000.0,3487000000.0,4497000000.0,1700000000.0,-122000000.0,1578000000.0,248000000.0,1330000000.0,3.51,3.47,379700000.0,383900000.0,1401000000.0,77000000.0,3261000000.0,4593000000.0,,,,10151000000.0,,3082000000.0,15172000000.0,4917000000.0,2648000000.0,37409000000.0,,1729000000.0,,6584000000.0,,,469000000.0,1846000000.0,20048000000.0,15526000000.0,-330000000.0,,37409000000.0,,113000000.0,,-308000000.0,589000000.0,,,,,,1133000000.0,,,,,390000000.0,282000000.0,,,-665000000.0,,,-886000000.0,-443000000.0,
2023-09-30,14683000000.0,5328000000.0,9355000000.0,1038000000.0,5188000000.0,6724000000.0,2631000000.0,-184000000.0,2447000000.0,425000000.0,2022000000.0,5.33,5.27,379800000.0,384000000.0,1860000000.0,76000000.0,3276000000.0,4883000000.0,,,,11045000000.0,,3106000000.0,15138000000.0,4731000000.0,2616000000.0,38042000000.0,,1715000000.0,,7458000000.0,,,465000000.0,1832000000.0,20137000000.0,15933000000.0,-249000000.0,,38042000000.0,,165000000.0,,-266000000.0,922000000.0,,,,,,2183000000.0,,,,,390000000.0,430000000.0,,-2000000.0,-810000000.0,,,-1308000000.0,16000000.0,
2023-12-31,20498000000.0,7440000000.0,13058000000.0,1388000000.0,7129000000.0,9170000000.0,3888000000.0,-215000000.0,3673000000.0,508000000.0,3165000000.0,8.34,8.25,379600000.0,383700000.0,2971000000.0,82000000.0,3765000000.0,4843000000.0,1607000000.0,,,12518000000.0,,3215000000.0,15243000000.0,4593000000.0,2673000000.0,39912000000.0,,1928000000.0,,7921000000.0,,,567000000.0,1930000000.0,21319000000.0,16771000000.0,-416000000.0,,39912000000.0,1341000000.0,205000000.0,-206000000.0,175000000.0,797000000.0,,,,,,3711000000.0,,,,,390000000.0,575000000.0,,-1000000.0,-962000000.0,,,-1594000000.0,1127000000.0,693000000.0
2024-03-31,5243000000.0,1910000000.0,3333000000.0,368000000.0,1840000000.0,2361000000.0,972000000.0,-49000000.0,923000000.0,135000000.0,788000000.0,2.07,2.05,380400000.0,385100000.0,2330000000.0,77000000.0,3473000000.0,5026000000.0,,,,11892000000.0,,3260000000.0,15351000000.0,4509000000.0,2749000000.0,39402000000.0,,2124000000.0,,6955000000.0,,,565000000.0,1903000000.0,20230000000.0,17254000000.0,-377000000.0,,39402000000.0,,87000000.0,-39000000.0,-258000000.0,184000000.0,,,,,,204000000.0,,,,,246000000.0,167000000.0,,0.0,-408000000.0,,,-418000000.0,-641000000.0,
2024-06-30,10665000000.0,3916000000.0,6749000000.0,731000000.0,3687000000.0,4726000000.0,2023000000.0,-102000000.0,1921000000.0,308000000.0,1613000000.0,4.24,4.19,381000000.0,385400000.0,1874000000.0,83000000.0,3622000000.0,5044000000.0,,,,11645000000.0,,3318000000.0,15408000000.0,4363000000.0,2790000000.0,39130000000.0,,2001000000.0,,6926000000.0,,,350000000.0,1965000000.0,19368000000.0,17774000000.0,-355000000.0,,39130000000.0,,133000000.0,-31000000.0,-103000000.0,230000000.0,,,,,,837000000.0,,,,,334000000.0,319000000.0,,-30000000.0,-525000000.0,,,-1384000000.0,-1097000000.0,
2024-09-30,16159000000.0,5893000000.0,10266000000.0,1108000000.0,5583000000.0,7158000000.0,3108000000.0,-144000000.0,2964000000.0,517000000.0,2447000000.0,6.42,6.35,381100000.0,385600000.0,3850000000.0,84000000.0,3736000000.0,5292000000.0,,,,14673000000.0,,3429000000.0,16396000000.0,4940000000.0,2833000000.0,43833000000.0,,2224000000.0,,7669000000.0,,,368000000.0,2322000000.0,23684000000.0,18303000000.0,-545000000.0,,43833000000.0,,184000000.0,-21000000.0,-67000000.0,362000000.0,,,,,,2311000000.0,,,,,1598000000.0,489000000.0,,-42000000.0,-2697000000.0,,,1269000000.0,879000000.0,
