Date,Net sales,Cost of sales,Gross margin,Research and development,"Selling, general and administrative",Total operating expenses,Operating income,"Other income/(expense), net",Income before provision for income taxes,Provision for income taxes,Net income,Earnings per share basic,Earnings per share diluted,Weighted-average basic,Weighted-average diluted,Cash and cash equivalents,Short-term marketable securities,"Accounts receivable, net",Inventories,Deferred tax assets,Vendor non-trade receivables,Other current assets,Total current assets,Long-term marketable securities,"Property, Plant and Equipment, Net",Goodwill,"Acquired intangible assets, net","Other Assets, Noncurrent",Total assets,accounts payable,Accrued expenses,Deferred revenue,Total current liabilities,Deferred revenue - non-current,deferred tax liabilities,long term taxes payable,Total other non-current liabilities,Total liabilities,Retained Earnings (Accumulated Deficit),Accumulated other comprehensive (loss)/income,Total shareholders equity,Total liabilities and shareholders' equity,"Depreciation, amortization and accretion",Stock-based compensation expense,Deferred income tax expense,"Increase (Decrease) in Accounts receivable, net",Increase (Decrease) in Inventories,Increase (Decrease) in Other Receivables,Increase (Decrease) in Other Operating Assets,Increase (Decrease) in Accounts Payable,Increase (Decrease) in Deferred Revenue,Increase (Decrease) Other liabilities,Cash generated by operating activities,Purchases of marketable securities,Proceeds from maturities of marketable securities,Proceeds from sales of marketable securities,Purchases of other long-term investments,"Business acquisitions, net of cash acquired",Cash payments for capital asset purchases,Payments for acquisition of intangible assets,Payments for (Proceeds from) Other Investing Activities,Cash used in investing activities,Proceeds from issuance of common stock,Excess tax benefits from stock-based compensation,Cash generated/used in financing activities,Increase/(decrease) in cash and cash equivalents,"Cash paid for income taxes, net"
2010-03-31,30649000000.0,12329000000.0,,,7484000000.0,24639000000.0,6010000000.0,-572000000.0,,2876000000.0,2475000000.0,0.42,0.42,,,2617000000.0,,14167000000.0,,1293000000.0,,2465000000.0,22362000000.0,,99360000000.0,73052000000.0,,6317000000.0,265701000000.0,,,,36706000000.0,,25520000000.0,,,,39373000000.0,-14265000000.0,,265701000000.0,4826000000.0,,1612000000.0,-461000000.0,,,-88000000.0,,,,7253000000.0,,,,,178000000.0,3156000000.0,,-8000000.0,-3529000000.0,,,-4909000000.0,-1185000000.0,41000000.0
2010-06-30,61338000000.0,24716000000.0,,,14863000000.0,49217000000.0,12121000000.0,-407000000.0,,5048000000.0,6498000000.0,1.1,1.1,,5937.0,1377000000.0,,13780000000.0,,1225000000.0,,3344000000.0,21392000000.0,,100302000000.0,73484000000.0,,6489000000.0,267556000000.0,,,,36182000000.0,,25615000000.0,,,,40909000000.0,-14852000000.0,,267556000000.0,9638000000.0,,2076000000.0,-394000000.0,,,-389000000.0,,,,15810000000.0,,,,,2554000000.0,7856000000.0,,-17000000.0,-11303000000.0,,,-6871000000.0,-2364000000.0,2449000000.0
2010-09-30,92919000000.0,38235000000.0,,,22570000000.0,75334000000.0,17585000000.0,-794000000.0,,-6560000000.0,18837000000.0,3.19,3.17,,5938.0,3246000000.0,,13606000000.0,,1059000000.0,,2380000000.0,21977000000.0,,101475000000.0,73447000000.0,,6802000000.0,269252000000.0,,,,32674000000.0,,,,,,50751000000.0,-14888000000.0,,269252000000.0,14529000000.0,,-4146000000.0,-266000000.0,,,-495000000.0,,,,25350000000.0,,,,,2615000000.0,13170000000.0,,-22000000.0,-14956000000.0,,,-10889000000.0,-495000000.0,3013000000.0
2010-12-31,124280000000.0,52263000000.0,,,33065000000.0,104707000000.0,19573000000.0,-1335000000.0,,-1162000000.0,19864000000.0,3.36,3.35,,5938000000.0,1437000000.0,,13610000000.0,1303000000.0,20900000000.0,,2276000000.0,19951000000.0,,103196000000.0,73601000000.0,,6705000000.0,268488000000.0,7437000000.0,,,33951000000.0,,,,,,31792000000.0,2712000000.0,,268488000000.0,19379000000.0,,-3280000000.0,99000000.0,,,-717000000.0,,,,34993000000.0,,,,,2906000000.0,19530000000.0,,-29000000.0,-21449000000.0,,,-15848000000.0,-2304000000.0,3538000000.0
2011-03-31,31247000000.0,13403000000.0,,,7452000000.0,25439000000.0,5808000000.0,-538000000.0,,1802000000.0,3408000000.0,0.57,0.57,5925000000.0,5945000000.0,1391000000.0,,13246000000.0,,1157000000.0,,2269000000.0,19737000000.0,,103369000000.0,73602000000.0,,6559000000.0,268085000000.0,,,,33254000000.0,,,,,,32649000000.0,2713000000.0,,268085000000.0,4584000000.0,,731000000.0,-72000000.0,,,196000000.0,,,,7732000000.0,,,,,54000000.0,4133000000.0,,-9000000.0,-4075000000.0,,,-3703000000.0,-46000000.0,-511000000.0
2011-06-30,62742000000.0,26735000000.0,,,14848000000.0,50769000000.0,11973000000.0,-1152000000.0,,3695000000.0,6999000000.0,1.18,1.18,5932000000.0,5953000000.0,3831000000.0,,13608000000.0,,1180000000.0,,2057000000.0,22239000000.0,,104606000000.0,73591000000.0,,6918000000.0,272014000000.0,,,,33537000000.0,,,,12290000000.0,,33687000000.0,2720000000.0,,272014000000.0,9186000000.0,,2818000000.0,521000000.0,,,-104000000.0,,,,16757000000.0,,,,,62000000.0,9405000000.0,,-19000000.0,-9450000000.0,,,-4913000000.0,2394000000.0,-196000000.0
2011-09-30,94220000000.0,39900000000.0,,,22308000000.0,76012000000.0,18208000000.0,-1802000000.0,,5594000000.0,10622000000.0,1.79,1.79,5936000000.0,5954000000.0,10762000000.0,,13377000000.0,,1101000000.0,,1858000000.0,28605000000.0,,105786000000.0,73590000000.0,,6214000000.0,277653000000.0,,,,34031000000.0,,,,12778000000.0,,34758000000.0,1677000000.0,,277653000000.0,13804000000.0,,4942000000.0,573000000.0,,,-439000000.0,,,,27150000000.0,,,,,430000000.0,14625000000.0,,-28000000.0,-15025000000.0,,,-2800000000.0,9325000000.0,-121000000.0
2011-12-31,126723000000.0,57374000000.0,,,38844000000.0,117505000000.0,9218000000.0,-2502000000.0,6716000000.0,2532000000.0,3944000000.0,0.66,0.66,5928000000.0,5950000000.0,3185000000.0,,13606000000.0,1188000000.0,-24278000000.0,,3611000000.0,23027000000.0,,107087000000.0,70842000000.0,,6327000000.0,270344000000.0,8593000000.0,,,30794000000.0,,,,12694000000.0,,25453000000.0,3180000000.0,,270344000000.0,18377000000.0,,2937000000.0,1133000000.0,,,428000000.0,,,,34648000000.0,,,,,2368000000.0,20110000000.0,,-27000000.0,-21250000000.0,,,-11650000000.0,1748000000.0,32000000.0
2012-03-31,31822000000.0,12913000000.0,,,8248000000.0,25721000000.0,6101000000.0,-584000000.0,,1865000000.0,3584000000.0,0.6,0.6,5918000000.0,5940000000.0,2442000000.0,,13167000000.0,,1463000000.0,,1987000000.0,20765000000.0,,107231000000.0,70929000000.0,,6759000000.0,269356000000.0,,,,32520000000.0,,,,12466000000.0,,26446000000.0,3386000000.0,,269356000000.0,4560000000.0,,337000000.0,-111000000.0,,,-1082000000.0,,,,7796000000.0,,,,,433000000.0,4261000000.0,,-1000000.0,-4737000000.0,,,-3802000000.0,-743000000.0,-712000000.0
2012-06-30,63397000000.0,25282000000.0,,,16138000000.0,50479000000.0,12918000000.0,-1370000000.0,,3931000000.0,7486000000.0,1.27,1.27,5886000000.0,5907000000.0,2151000000.0,,12430000000.0,,1418000000.0,,1624000000.0,19156000000.0,,107483000000.0,69763000000.0,,6597000000.0,266294000000.0,,,,29702000000.0,,,,11849000000.0,,27788000000.0,2939000000.0,,266294000000.0,9059000000.0,,-639000000.0,220000000.0,,,-1228000000.0,,,,17459000000.0,,,,,477000000.0,8742000000.0,,0.0,-8425000000.0,,,-10068000000.0,-1034000000.0,127000000.0
2012-09-30,94856000000.0,38000000000.0,,,24330000000.0,75901000000.0,18955000000.0,-1965000000.0,16990000000.0,5672000000.0,11121000000.0,1.9,1.9,5848000000.0,5869000000.0,2217000000.0,,12398000000.0,,1312000000.0,,1694000000.0,18958000000.0,,108217000000.0,69762000000.0,,6607000000.0,266849000000.0,,,,30798000000.0,,,,11529000000.0,,28907000000.0,3106000000.0,,266849000000.0,13571000000.0,,3441000000.0,450000000.0,,,-1459000000.0,,,,28944000000.0,,,,,551000000.0,13619000000.0,,2000000.0,-13251000000.0,,,-16661000000.0,-968000000.0,391000000.0
2012-12-31,127434000000.0,55215000000.0,,,41079000000.0,114437000000.0,12997000000.0,-2558000000.0,10439000000.0,2900000000.0,7264000000.0,1.25,1.25,5801000000.0,5821000000.0,4868000000.0,,12657000000.0,1036000000.0,-27455000000.0,,3110000000.0,22706000000.0,,109767000000.0,69773000000.0,,6713000000.0,272315000000.0,12076000000.0,,,31787000000.0,,,,11592000000.0,,22481000000.0,5236000000.0,,272315000000.0,18143000000.0,,1285000000.0,1365000000.0,,,-1017000000.0,,,,39176000000.0,,,,,828000000.0,19465000000.0,,1000000.0,-19680000000.0,,,-17673000000.0,1823000000.0,458000000.0
2013-03-31,31356000000.0,12554000000.0,,,8333000000.0,25416000000.0,5940000000.0,-610000000.0,5330000000.0,1557000000.0,3700000000.0,0.67,0.67,5513000000.0,5530000000.0,3875000000.0,,12100000000.0,,980000000.0,,2396000000.0,20372000000.0,,109702000000.0,69772000000.0,,6431000000.0,270994000000.0,,,,29786000000.0,,,,11603000000.0,,23787000000.0,5344000000.0,,270994000000.0,4529000000.0,,509000000.0,-295000000.0,,,-864000000.0,,,,8199000000.0,,,,,1045000000.0,4252000000.0,,-1000000.0,-5357000000.0,,,-3835000000.0,-993000000.0,-1114000000.0
2013-06-30,63431000000.0,25824000000.0,,,16454000000.0,51378000000.0,12053000000.0,-929000000.0,11124000000.0,3471000000.0,7522000000.0,1.38,1.38,5446000000.0,5463000000.0,4548000000.0,,12508000000.0,,953000000.0,,2381000000.0,21428000000.0,,110734000000.0,69770000000.0,,6575000000.0,272093000000.0,,,,31189000000.0,,,,11278000000.0,,25212000000.0,5107000000.0,,272093000000.0,9100000000.0,,926000000.0,290000000.0,,,-784000000.0,,,,17711000000.0,,,,,1182000000.0,9665000000.0,,4000000.0,-9865000000.0,,,-8166000000.0,-320000000.0,591000000.0
2013-09-30,95589000000.0,39227000000.0,,,24406000000.0,77348000000.0,18241000000.0,-1617000000.0,16624000000.0,5066000000.0,11336000000.0,2.1,2.09,5402000000.0,5419000000.0,1371000000.0,,12444000000.0,,682000000.0,,2916000000.0,18435000000.0,,112424000000.0,70014000000.0,,7577000000.0,274599000000.0,,,,36183000000.0,,,,11234000000.0,,26648000000.0,5282000000.0,,274599000000.0,13715000000.0,,2389000000.0,440000000.0,,,-520000000.0,,,,26879000000.0,,,,,4025000000.0,15565000000.0,,4000000.0,-18660000000.0,,,-11716000000.0,-3497000000.0,1573000000.0
2013-12-31,128752000000.0,51464000000.0,,,28414000000.0,98273000000.0,30479000000.0,-2702000000.0,27777000000.0,9224000000.0,18249000000.0,3.39,3.39,5368000000.0,5385000000.0,3339000000.0,,12918000000.0,1148000000.0,-35109000000.0,,4780000000.0,23196000000.0,,110968000000.0,69273000000.0,,8278000000.0,277787000000.0,11561000000.0,,,34995000000.0,,,,15766000000.0,,31141000000.0,7880000000.0,,277787000000.0,18395000000.0,,6242000000.0,1329000000.0,,,-412000000.0,,,,34796000000.0,,,,,4113000000.0,20944000000.0,,7000000.0,-23124000000.0,,,-13201000000.0,-1529000000.0,1985000000.0
2014-03-31,32476000000.0,13321000000.0,,,8260000000.0,26198000000.0,6278000000.0,-627000000.0,5651000000.0,1917000000.0,3652000000.0,0.7,0.7,5222000000.0,5238000000.0,3611000000.0,,13120000000.0,,1171000000.0,,5187000000.0,24089000000.0,,112809000000.0,69720000000.0,,9010000000.0,285340000000.0,,,,39830000000.0,,,,16089000000.0,,32402000000.0,7666000000.0,,285340000000.0,4617000000.0,,578000000.0,498000000.0,,,340000000.0,,,,8799000000.0,,,,,662000000.0,5716000000.0,,0.0,-6082000000.0,,,-2445000000.0,272000000.0,-40000000.0
2014-06-30,65051000000.0,27533000000.0,,,16457000000.0,53157000000.0,11894000000.0,490000000.0,11757000000.0,4402000000.0,7199000000.0,1.38,1.38,5213000000.0,5229000000.0,11305000000.0,,13001000000.0,,1180000000.0,,6698000000.0,33112000000.0,,114360000000.0,70094000000.0,,9706000000.0,293466000000.0,,,,43788000000.0,,,,16578000000.0,,33554000000.0,7851000000.0,,293466000000.0,9167000000.0,,546000000.0,566000000.0,,,771000000.0,,,,16869000000.0,,,,,857000000.0,11649000000.0,,0.0,-7701000000.0,,,-1202000000.0,7966000000.0,987000000.0
2014-12-31,132447000000.0,60611000000.0,,,39697000000.0,120701000000.0,11746000000.0,-1786000000.0,9960000000.0,3442000000.0,6224000000.0,1.19,1.19,5205000000.0,5221000000.0,8603000000.0,,14527000000.0,1933000000.0,-36402000000.0,,6925000000.0,32028000000.0,,112898000000.0,69692000000.0,,10998000000.0,292829000000.0,14984000000.0,,,37282000000.0,,,,17989000000.0,,27736000000.0,8060000000.0,,292829000000.0,18273000000.0,,1772000000.0,2651000000.0,,,962000000.0,,,,31338000000.0,,,,,3141000000.0,21199000000.0,,0.0,-18337000000.0,,,-7737000000.0,5264000000.0,1532000000.0
2015-03-31,32576000000.0,14581000000.0,,,7961000000.0,27120000000.0,5456000000.0,-829000000.0,4627000000.0,1351000000.0,3200000000.0,0.61,0.61,5203000000.0,5219000000.0,4444000000.0,,13592000000.0,,1538000000.0,,6906000000.0,27410000000.0,,113198000000.0,70341000000.0,,9830000000.0,308028000000.0,,,,37651000000.0,,,,19908000000.0,,28490000000.0,7341000000.0,,308028000000.0,4578000000.0,,214000000.0,-739000000.0,,,-13000000.0,,,,6738000000.0,,,,,19514000000.0,3848000000.0,,,-21587000000.0,,,10690000000.0,-4159000000.0,-247000000.0
2015-06-30,65591000000.0,29721000000.0,,,15428000000.0,54423000000.0,11168000000.0,-1680000000.0,9488000000.0,3066000000.0,6244000000.0,1.2,1.2,5204000000.0,5220000000.0,20956000000.0,,13821000000.0,,1131000000.0,,6421000000.0,43163000000.0,,114348000000.0,70920000000.0,,10463000000.0,326489000000.0,,,,40527000000.0,,,,18240000000.0,,29086000000.0,7039000000.0,,326489000000.0,9274000000.0,,1183000000.0,-434000000.0,,,-743000000.0,,,,15898000000.0,,,,,20954000000.0,8328000000.0,,1000000.0,-27660000000.0,,,24115000000.0,12353000000.0,-71000000.0
2015-12-31,146801000000.0,,,,,122016000000.0,24785000000.0,-4093000000.0,20692000000.0,7005000000.0,13345000000.0,2.37,2.37,5628000000.0,5646000000.0,5121000000.0,,16532000000.0,4033000000.0,,,13267000000.0,35992000000.0,,124450000000.0,104568000000.0,,15346000000.0,402672000000.0,21047000000.0,,,47816000000.0,,56181000000.0,,22258000000.0,279032000000.0,33671000000.0,5334000000.0,,402672000000.0,22016000000.0,,4117000000.0,535000000.0,,,1789000000.0,,,,35880000000.0,,,,,30759000000.0,19218000000.0,,-1000000.0,-49144000000.0,,,9782000000.0,-3482000000.0,1851000000.0
2016-03-31,40535000000.0,,,,8441000000.0,33404000000.0,7131000000.0,-1124000000.0,6007000000.0,2122000000.0,3803000000.0,0.62,0.61,6172000000.0,6190000000.0,10008000000.0,,16070000000.0,,,,10545000000.0,38001000000.0,,123454000000.0,104651000000.0,,15503000000.0,403638000000.0,,,,44528000000.0,,57489000000.0,,20998000000.0,,34506000000.0,5180000000.0,,403638000000.0,6563000000.0,,1346000000.0,-627000000.0,,,-612000000.0,,,,7900000000.0,,,,,165000000.0,4451000000.0,,,-4308000000.0,,,1295000000.0,4887000000.0,477000000.0
2016-06-30,81055000000.0,,,,17350000000.0,67364000000.0,13691000000.0,-2263000000.0,11428000000.0,4028000000.0,7211000000.0,1.17,1.17,6174000000.0,6195000000.0,7208000000.0,,15830000000.0,,,,11770000000.0,36005000000.0,,123537000000.0,105252000000.0,,15873000000.0,401808000000.0,,,,46465000000.0,,58216000000.0,,21425000000.0,,34950000000.0,4814000000.0,,401808000000.0,13139000000.0,,1767000000.0,-543000000.0,,,-1069000000.0,,,,18207000000.0,,,,,485000000.0,9702000000.0,,0.0,-10017000000.0,,,-6103000000.0,2087000000.0,2468000000.0
2016-09-30,121945000000.0,,,,26363000000.0,101846000000.0,20099000000.0,-3478000000.0,16621000000.0,5803000000.0,10539000000.0,1.7,1.7,6171000000.0,6191000000.0,5895000000.0,,16855000000.0,,,,13291000000.0,37374000000.0,,123922000000.0,105271000000.0,,16527000000.0,402975000000.0,,,,47102000000.0,,59649000000.0,,20899000000.0,,35319000000.0,4850000000.0,,402975000000.0,19718000000.0,,3011000000.0,1108000000.0,,,-1805000000.0,,,,29202000000.0,,,,,2922000000.0,15283000000.0,,,-18189000000.0,,,-10239000000.0,774000000.0,3166000000.0
2016-12-31,163786000000.0,,,,36347000000.0,139439000000.0,24347000000.0,-4535000000.0,19812000000.0,6479000000.0,,,,6168000000.0,6189000000.0,5788000000.0,,16794000000.0,2039000000.0,,,14232000000.0,38369000000.0,,124899000000.0,105207000000.0,,16812000000.0,403821000000.0,22027000000.0,,,50576000000.0,,60128000000.0,,21748000000.0,,34734000000.0,4961000000.0,,403821000000.0,25847000000.0,,2947000000.0,1003000000.0,,,-1708000000.0,,,,39344000000.0,,,,,2959000000.0,21516000000.0,,0.0,-24215000000.0,,,-14462000000.0,667000000.0,3721000000.0
2017-03-31,39365000000.0,,,,8487000000.0,32501000000.0,6864000000.0,-1486000000.0,5378000000.0,1804000000.0,3469000000.0,0.56,0.56,6166000000.0,6186000000.0,14884000000.0,,15078000000.0,,,,14347000000.0,45727000000.0,,125292000000.0,105593000000.0,,17462000000.0,411903000000.0,,,,50690000000.0,,61100000000.0,,21160000000.0,,35175000000.0,5160000000.0,,411903000000.0,6127000000.0,,480000000.0,-445000000.0,,,-228000000.0,,,,9218000000.0,,,,,162000000.0,5784000000.0,,,-6171000000.0,,,6049000000.0,9096000000.0,-160000000.0
2017-06-30,79202000000.0,,,,16600000000.0,65015000000.0,14187000000.0,-2739000000.0,11448000000.0,3860000000.0,7384000000.0,1.19,1.19,6166000000.0,6185000000.0,25617000000.0,,14997000000.0,,,,11562000000.0,53547000000.0,,126184000000.0,105546000000.0,,17645000000.0,420795000000.0,,,,48012000000.0,,61926000000.0,,20753000000.0,,36067000000.0,5389000000.0,,420795000000.0,12274000000.0,,964000000.0,-119000000.0,,,-471000000.0,,,,18160000000.0,,,,,-1224000000.0,10750000000.0,,,-9948000000.0,,,11617000000.0,19829000000.0,1470000000.0
2017-09-30,118870000000.0,,,,24917000000.0,98280000000.0,20590000000.0,-4168000000.0,16422000000.0,5711000000.0,10413000000.0,1.69,1.69,6164000000.0,6184000000.0,48499000000.0,,15876000000.0,,,,10724000000.0,76357000000.0,,126462000000.0,105668000000.0,,18332000000.0,443865000000.0,,,,47693000000.0,,64381000000.0,,19723000000.0,,36074000000.0,5580000000.0,,443865000000.0,18316000000.0,,3254000000.0,652000000.0,,,106000000.0,,,,29274000000.0,,,,,-1154000000.0,15756000000.0,,,-15266000000.0,,,28703000000.0,42711000000.0,1861000000.0
2017-12-31,160546000000.0,,,,34917000000.0,139597000000.0,20949000000.0,-5810000000.0,15139000000.0,-14708000000.0,29450000000.0,4.77,4.76,6164000000.0,6183000000.0,50498000000.0,,16522000000.0,2225000000.0,,,10757000000.0,79146000000.0,,125222000000.0,105449000000.0,,18444000000.0,444097000000.0,24439000000.0,,,81389000000.0,,43207000000.0,,19747000000.0,,50500000000.0,7017000000.0,,444097000000.0,24387000000.0,,-15940000000.0,986000000.0,,,777000000.0,,,,39151000000.0,,,,,-1123000000.0,20647000000.0,,-1000000.0,-20371000000.0,,,25930000000.0,44710000000.0,2006000000.0
2018-03-31,38038000000.0,,,,7897000000.0,31837000000.0,6201000000.0,-60000000.0,6141000000.0,1382000000.0,4662000000.0,0.75,0.75,6161000000.0,6180000000.0,48872000000.0,,16290000000.0,,,,12008000000.0,78505000000.0,,125124000000.0,105482000000.0,,20974000000.0,446343000000.0,,,4882000000.0,70580000000.0,,45730000000.0,,19117000000.0,,55067000000.0,7386000000.0,,446343000000.0,5994000000.0,,1222000000.0,439000000.0,,,-614000000.0,,,,8947000000.0,,,,,234000000.0,5957000000.0,,,-7152000000.0,,,-3502000000.0,-1707000000.0,-1089000000.0
2018-06-30,77024000000.0,,,,16581000000.0,64357000000.0,12667000000.0,314000000.0,12921000000.0,2914000000.0,9794000000.0,1.56,1.56,6351000000.0,6374000000.0,13523000000.0,,25492000000.0,2313000000.0,,,14305000000.0,55286000000.0,,129556000000.0,142607000000.0,,23941000000.0,534691000000.0,,,5723000000.0,68593000000.0,,59665000000.0,,25017000000.0,,56555000000.0,5716000000.0,,534691000000.0,12372000000.0,,2032000000.0,-233000000.0,,,-1039000000.0,,,,19176000000.0,,,,,40715000000.0,10959000000.0,,,-52635000000.0,,,-3720000000.0,-37179000000.0,-757000000.0
2018-09-30,122763000000.0,24215000000.0,,,26179000000.0,102827000000.0,19936000000.0,-1062000000.0,19128000000.0,4305000000.0,14512000000.0,2.19,2.19,7284000000.0,7320000000.0,8657000000.0,,26312000000.0,2310000000.0,,,16278000000.0,53107000000.0,,130348000000.0,146475000000.0,,25490000000.0,534870000000.0,,,5846000000.0,65420000000.0,,60495000000.0,,26490000000.0,,57624000000.0,5383000000.0,,534870000000.0,20538000000.0,,2934000000.0,1018000000.0,,,2729000000.0,,,,31522000000.0,,,,,43116000000.0,16695000000.0,,,-59987000000.0,,,-13679000000.0,-42144000000.0,-537000000.0
2018-12-31,170756000000.0,,,,36765000000.0,144660000000.0,26096000000.0,-1223000000.0,24873000000.0,4920000000.0,19370000000.0,2.85,2.85,6778000000.0,6806000000.0,5204000000.0,,26472000000.0,2771000000.0,,,17704000000.0,51427000000.0,,131473000000.0,146370000000.0,,24809000000.0,531864000000.0,27018000000.0,,5752000000.0,64420000000.0,,57859000000.0,,30233000000.0,,58753000000.0,4249000000.0,,531864000000.0,28430000000.0,,610000000.0,1244000000.0,,,6442000000.0,,,,43602000000.0,,,,,43309000000.0,20758000000.0,,-2000000.0,-63145000000.0,,,-25989000000.0,-45532000000.0,-354000000.0
2019-03-31,44827000000.0,,,,9649000000.0,37594000000.0,7233000000.0,-1862000000.0,5371000000.0,1023000000.0,4096000000.0,0.56,0.56,7313000000.0,7342000000.0,6516000000.0,,23863000000.0,,,,14575000000.0,46472000000.0,,132051000000.0,146434000000.0,,24118000000.0,548384000000.0,,5956000000.0,5715000000.0,64652000000.0,,59207000000.0,,27715000000.0,,59424000000.0,4345000000.0,,548384000000.0,7206000000.0,,1069000000.0,-1894000000.0,,,2510000000.0,,,,11052000000.0,,,,,117000000.0,5121000000.0,,,-5401000000.0,,,-4421000000.0,1230000000.0,-379000000.0
2019-06-30,89784000000.0,,,,19493000000.0,75051000000.0,14733000000.0,-4289000000.0,10444000000.0,2122000000.0,7809000000.0,1.06,1.06,7323000000.0,7353000000.0,8423000000.0,,22381000000.0,,,,14973000000.0,47218000000.0,,132074000000.0,146662000000.0,,22733000000.0,546914000000.0,,5734000000.0,5533000000.0,66376000000.0,,58713000000.0,,28176000000.0,,59389000000.0,3289000000.0,,546914000000.0,14307000000.0,,1080000000.0,-3540000000.0,,,5422000000.0,,,,25336000000.0,,,,,320000000.0,10542000000.0,,,-7299000000.0,,,-14783000000.0,3254000000.0,-32000000.0
2019-09-30,134372000000.0,,,,29077000000.0,111738000000.0,22634000000.0,-7304000000.0,15330000000.0,3059000000.0,11509000000.0,1.57,1.57,7327000000.0,7356000000.0,6588000000.0,,22921000000.0,,,,19693000000.0,50695000000.0,,131316000000.0,146106000000.0,,22304000000.0,548796000000.0,,6097000000.0,5910000000.0,68126000000.0,,57786000000.0,,29848000000.0,,59347000000.0,2137000000.0,,548796000000.0,21256000000.0,,1039000000.0,-2503000000.0,,,9337000000.0,,,,36725000000.0,,,,,1124000000.0,15683000000.0,,0.0,-13002000000.0,,,-22341000000.0,1382000000.0,420000000.0
2019-12-31,181193000000.0,,,,39422000000.0,153238000000.0,27955000000.0,-9487000000.0,18468000000.0,3493000000.0,13903000000.0,1.9,1.89,7319000000.0,7348000000.0,12130000000.0,,22636000000.0,2864000000.0,,,18364000000.0,54761000000.0,,130128000000.0,146241000000.0,,22754000000.0,551669000000.0,29640000000.0,,5939000000.0,68911000000.0,,59502000000.0,,29421000000.0,,57936000000.0,5470000000.0,,551669000000.0,28217000000.0,,1806000000.0,-2812000000.0,,,12852000000.0,,,,48668000000.0,,,,,1809000000.0,19435000000.0,,0.0,-16690000000.0,,,-25083000000.0,6895000000.0,1421000000.0
2020-03-31,42779000000.0,,,,8790000000.0,35293000000.0,7486000000.0,-1221000000.0,6265000000.0,1302000000.0,4610000000.0,0.63,0.63,7187000000.0,7214000000.0,9955000000.0,,,,,,21241000000.0,52704000000.0,,128921000000.0,145546000000.0,,22829000000.0,545354000000.0,,5960000000.0,5769000000.0,69704000000.0,,,,34600000000.0,,58534000000.0,-385000000.0,,545354000000.0,7222000000.0,,259000000.0,-1695000000.0,,,3267000000.0,,,,8866000000.0,,,,,100000000.0,4938000000.0,,,-5022000000.0,,,-6099000000.0,-2255000000.0,-354000000.0
2020-06-30,83729000000.0,,,,18591000000.0,72711000000.0,11018000000.0,-2255000000.0,8763000000.0,2237000000.0,5891000000.0,0.81,0.81,7166000000.0,7192000000.0,16941000000.0,,19127000000.0,,,,19048000000.0,56555000000.0,,128945000000.0,143651000000.0,,21563000000.0,547898000000.0,,5723000000.0,5616000000.0,69469000000.0,,,,32804000000.0,,56045000000.0,129000000.0,,547898000000.0,14507000000.0,,653000000.0,-2522000000.0,,,5592000000.0,,,,20925000000.0,,,,,1174000000.0,9372000000.0,,,-10278000000.0,,,-5911000000.0,4736000000.0,-214000000.0
2020-09-30,126069000000.0,,,,27857000000.0,108919000000.0,17150000000.0,-4453000000.0,12697000000.0,3003000000.0,8707000000.0,1.19,1.19,7160000000.0,7186000000.0,9758000000.0,,19379000000.0,,,,19414000000.0,49971000000.0,,,143688000000.0,,21609000000.0,538553000000.0,,5862000000.0,5762000000.0,59565000000.0,,,,30520000000.0,,55094000000.0,649000000.0,,538553000000.0,21537000000.0,,2248000000.0,-2321000000.0,,,7836000000.0,,,,33048000000.0,,,,,1215000000.0,13283000000.0,,,-13726000000.0,,,-21768000000.0,-2446000000.0,306000000.0
2020-12-31,171760000000.0,,,,38039000000.0,165355000000.0,6405000000.0,-9261000000.0,-2856000000.0,965000000.0,-5176000000.0,-0.75,-0.75,7157000000.0,7183000000.0,9740000000.0,,20215000000.0,3592000000.0,,,20231000000.0,52008000000.0,,,135259000000.0,,23617000000.0,525761000000.0,31836000000.0,6176000000.0,6071000000.0,63438000000.0,,,,28358000000.0,,37457000000.0,4330000000.0,,525761000000.0,28516000000.0,,1675000000.0,-2216000000.0,,,13070000000.0,,,,43130000000.0,,,,,1851000000.0,15675000000.0,,0.0,-13548000000.0,,,-32007000000.0,-2425000000.0,993000000.0
2021-03-31,43939000000.0,,,,9382000000.0,36278000000.0,7661000000.0,2403000000.0,10064000000.0,2122000000.0,7550000000.0,1.04,1.04,7161000000.0,7188000000.0,11342000000.0,,16971000000.0,,,,,62754000000.0,,,135168000000.0,,21496000000.0,546985000000.0,,5029000000.0,4839000000.0,76608000000.0,,,,28229000000.0,,41154000000.0,4199000000.0,,546985000000.0,5809000000.0,,1848000000.0,-751000000.0,,,3518000000.0,,,,9927000000.0,,,,,22884000000.0,4033000000.0,,,-26852000000.0,,,18483000000.0,1558000000.0,5000000.0
2021-06-30,87984000000.0,,,,18743000000.0,77054000000.0,10930000000.0,1759000000.0,12689000000.0,2873000000.0,9120000000.0,1.25,1.25,7168000000.0,7200000000.0,11869000000.0,,15771000000.0,,,,,62869000000.0,,,134626000000.0,,21598000000.0,544710000000.0,,4932000000.0,,82126000000.0,,,,28726000000.0,,38947000000.0,3119000000.0,,544710000000.0,11570000000.0,,1772000000.0,-1415000000.0,,,6985000000.0,,,,20837000000.0,,,,,23169000000.0,7992000000.0,,105000000.0,-30631000000.0,,,11900000000.0,2106000000.0,418000000.0
2021-09-30,127906000000.0,,,,27950000000.0,109867000000.0,18039000000.0,2462000000.0,20501000000.0,4412000000.0,15038000000.0,2.07,2.07,7171000000.0,7202000000.0,21270000000.0,,16304000000.0,,,,,57230000000.0,,,133663000000.0,,21748000000.0,547107000000.0,,4991000000.0,,81601000000.0,,,,29466000000.0,,41091000000.0,2343000000.0,,547107000000.0,17189000000.0,,3187000000.0,-57000000.0,,,11928000000.0,,,,30703000000.0,,,,,23533000000.0,12696000000.0,,190000000.0,-27333000000.0,,,8165000000.0,11535000000.0,538000000.0
2021-12-31,168864000000.0,,,,37944000000.0,145517000000.0,23347000000.0,3600000000.0,26947000000.0,5468000000.0,20081000000.0,2.77,2.76,7168000000.0,7199000000.0,21169000000.0,,17571000000.0,,,,17793000000.0,59997000000.0,,,133223000000.0,,22568000000.0,551622000000.0,30756000000.0,5303000000.0,,85588000000.0,,,,30223000000.0,,42350000000.0,3529000000.0,,551622000000.0,22862000000.0,,5246000000.0,634000000.0,,,16472000000.0,,,,41957000000.0,,,,,25453000000.0,16527000000.0,,172000000.0,-32089000000.0,,,1578000000.0,11446000000.0,700000000.0
2022-03-31,38105000000.0,,,,9368000000.0,32464000000.0,5641000000.0,966000000.0,6607000000.0,1443000000.0,4810000000.0,0.66,0.65,7184000000.0,7556000000.0,38565000000.0,,17218000000.0,,,,,76856000000.0,,,133247000000.0,,22291000000.0,577195000000.0,,5183000000.0,,82494000000.0,,,,29746000000.0,,45041000000.0,3290000000.0,,577195000000.0,5539000000.0,,932000000.0,228000000.0,,,3261000000.0,,,,5732000000.0,,,,,9244000000.0,4748000000.0,,-15000000.0,-12651000000.0,,,24251000000.0,17332000000.0,167000000.0
2022-06-30,59355000000.0,,,,14243000000.0,48862000000.0,10493000000.0,2356000000.0,12849000000.0,2949000000.0,8967000000.0,1.23,1.21,7176000000.0,7611000000.0,4018000000.0,,11377000000.0,,,,,34485000000.0,,,92746000000.0,,18808000000.0,426433000000.0,,3603000000.0,,49189000000.0,,,,28365000000.0,,2128000000.0,2307000000.0,,426433000000.0,8912000000.0,,2324000000.0,-1292000000.0,,,-11000000.0,,,,15370000000.0,,,,,9570000000.0,9476000000.0,,-75000000.0,-17311000000.0,,,-49464000000.0,,338000000.0
2022-09-30,89398000000.0,,,,21445000000.0,72893000000.0,16505000000.0,3598000000.0,20103000000.0,3857000000.0,14993000000.0,2.06,2.01,7169000000.0,7647000000.0,2423000000.0,,11384000000.0,,,,,32295000000.0,,,92725000000.0,,19434000000.0,426463000000.0,,3705000000.0,,52257000000.0,,,,29426000000.0,,6127000000.0,2873000000.0,,426463000000.0,13426000000.0,,2947000000.0,-1021000000.0,,,799000000.0,,,,25464000000.0,,,,,9959000000.0,15397000000.0,,-91000000.0,-23011000000.0,,,-54403000000.0,,400000000.0
2022-12-31,120741000000.0,,,,28961000000.0,125328000000.0,-4587000000.0,1493000000.0,-3094000000.0,3780000000.0,-8524000000.0,-1.13,-1.13,7166000000.0,7587000000.0,3701000000.0,,11466000000.0,,,,14818000000.0,33108000000.0,,,67895000000.0,,19612000000.0,402853000000.0,31101000000.0,3918000000.0,,56173000000.0,,,,28849000000.0,,-19415000000.0,2766000000.0,,402853000000.0,18021000000.0,,2975000000.0,-727000000.0,,,674000000.0,,,,35812000000.0,,,,,10200000000.0,19626000000.0,,-79000000.0,-26899000000.0,,,-59564000000.0,,592000000.0
2023-03-31,30139000000.0,,,,7175000000.0,24137000000.0,6002000000.0,-235000000.0,5767000000.0,1314000000.0,4228000000.0,0.58,0.57,7168000000.0,7474000000.0,2821000000.0,,10214000000.0,2791000000.0,,,,29903000000.0,,,67895000000.0,,20340000000.0,400873000000.0,,3922000000.0,,58150000000.0,,,,27883000000.0,,-15187000000.0,2354000000.0,,400873000000.0,4631000000.0,,529000000.0,-620000000.0,,,-364000000.0,,,,6678000000.0,,,,,291000000.0,4335000000.0,,-19000000.0,-3818000000.0,,,-3711000000.0,,10000000.0
2023-06-30,60056000000.0,,,,14184000000.0,47648000000.0,12408000000.0,-476000000.0,11932000000.0,2717000000.0,8717000000.0,1.19,1.19,7180000000.0,7327000000.0,9528000000.0,,9304000000.0,2348000000.0,,,,36672000000.0,,,67854000000.0,,20396000000.0,408453000000.0,,0.0,3833000000.0,54159000000.0,,,,25258000000.0,,-10698000000.0,2305000000.0,,408453000000.0,9306000000.0,,1836000000.0,-1342000000.0,,,-1106000000.0,,,,16600000000.0,,,,,515000000.0,8605000000.0,,55000000.0,-9241000000.0,,,-1530000000.0,,335000000.0
2023-09-30,90406000000.0,580000000.0,,,21389000000.0,72216000000.0,18190000000.0,-1278000000.0,16912000000.0,3871000000.0,12212000000.0,1.67,1.67,7185000000.0,7280000000.0,7540000000.0,,8962000000.0,2520000000.0,,,,35620000000.0,,,67854000000.0,,19435000000.0,406698000000.0,,0.0,3703000000.0,51684000000.0,,,,25591000000.0,,-7203000000.0,2545000000.0,,406698000000.0,14011000000.0,,3163000000.0,-1173000000.0,,,-57000000.0,,,,26936000000.0,,,,,923000000.0,13252000000.0,,81000000.0,-13786000000.0,,,-9284000000.0,,758000000.0
2023-12-31,122428000000.0,,,,28874000000.0,98967000000.0,23461000000.0,-3613000000.0,19848000000.0,4225000000.0,14400000000.0,1.97,1.97,7181000000.0,7258000000.0,6722000000.0,,10289000000.0,,,,17270000000.0,36458000000.0,,,67854000000.0,,19601000000.0,407060000000.0,27309000000.0,0.0,3778000000.0,51127000000.0,,,,23696000000.0,,-5015000000.0,2300000000.0,,407060000000.0,18777000000.0,,3037000000.0,-82000000.0,,,642000000.0,,,,38314000000.0,,,,,2942000000.0,17853000000.0,,84000000.0,-19660000000.0,,,-15614000000.0,,1599000000.0
2024-03-31,30028000000.0,,,,7021000000.0,24181000000.0,5847000000.0,-978000000.0,4869000000.0,1118000000.0,3445000000.0,0.47,0.47,7192000000.0,7193000000.0,3520000000.0,,9577000000.0,2127000000.0,,,,30445000000.0,,,67854000000.0,,19015000000.0,399428000000.0,,,3713000000.0,44834000000.0,,,,23441000000.0,,-1570000000.0,2167000000.0,,399428000000.0,5047000000.0,,479000000.0,-512000000.0,,,-629000000.0,,,,7547000000.0,,,,,211000000.0,3758000000.0,,273000000.0,-2961000000.0,,,-7815000000.0,,-9000000.0
2024-06-30,59825000000.0,,,,14064000000.0,48218000000.0,11607000000.0,-1647000000.0,9960000000.0,2260000000.0,7042000000.0,0.96,0.96,7196000000.0,7198000000.0,3093000000.0,,9686000000.0,1816000000.0,,,,29868000000.0,,,67854000000.0,,18810000000.0,398026000000.0,,,3981000000.0,42429000000.0,,,,24082000000.0,,2000000.0,1440000000.0,,398026000000.0,10119000000.0,,1203000000.0,-130000000.0,,,-1149000000.0,,,,16640000000.0,,,,,270000000.0,8118000000.0,,336000000.0,-6977000000.0,,,-13293000000.0,,299000000.0
2024-09-30,90038000000.0,,,,21022000000.0,76315000000.0,13723000000.0,-2333000000.0,11390000000.0,3545000000.0,6868000000.0,0.93,0.93,7202000000.0,7208000000.0,2586000000.0,,9068000000.0,2529000000.0,,,,29799000000.0,,,63432000000.0,,19074000000.0,393719000000.0,,,4059000000.0,40658000000.0,,,,23884000000.0,,-185000000.0,648000000.0,,393719000000.0,15206000000.0,,1811000000.0,-574000000.0,,,-147000000.0,,,,26875000000.0,,,,,322000000.0,13420000000.0,,532000000.0,-12127000000.0,,,-18855000000.0,,882000000.0
