Date,Net sales,Cost of sales,Gross margin,Research and development,"Selling, general and administrative",Total operating expenses,Operating income,"Other income/(expense), net",Income before provision for income taxes,Provision for income taxes,Net income,Earnings per share basic,Earnings per share diluted,Weighted-average basic,Weighted-average diluted,Cash and cash equivalents,Short-term marketable securities,"Accounts receivable, net",Inventories,Deferred tax assets,Vendor non-trade receivables,Other current assets,Total current assets,Long-term marketable securities,"Property, Plant and Equipment, Net",Goodwill,"Acquired intangible assets, net","Other Assets, Noncurrent",Total assets,accounts payable,Accrued expenses,Deferred revenue,Total current liabilities,Deferred revenue - non-current,deferred tax liabilities,long term taxes payable,Total other non-current liabilities,Total liabilities,Retained Earnings (Accumulated Deficit),Accumulated other comprehensive (loss)/income,Total shareholders equity,Total liabilities and shareholders' equity,"Depreciation, amortization and accretion",Stock-based compensation expense,Deferred income tax expense,"Increase (Decrease) in Accounts receivable, net",Increase (Decrease) in Inventories,Increase (Decrease) in Other Receivables,Increase (Decrease) in Other Operating Assets,Increase (Decrease) in Accounts Payable,Increase (Decrease) in Deferred Revenue,Increase (Decrease) Other liabilities,Cash generated by operating activities,Purchases of marketable securities,Proceeds from maturities of marketable securities,Proceeds from sales of marketable securities,Purchases of other long-term investments,"Business acquisitions, net of cash acquired",Cash payments for capital asset purchases,Payments for acquisition of intangible assets,Payments for (Proceeds from) Other Investing Activities,Cash used in investing activities,Proceeds from issuance of common stock,Excess tax benefits from stock-based compensation,Cash generated/used in financing activities,Increase/(decrease) in cash and cash equivalents,"Cash paid for income taxes, net"
2009-12-25,2892000000.0,2051000000.0,841000000.0,,368000000.0,,269000000.0,,242000000.0,69000000.0,172000000.0,0.37,0.37,459000000.0,462000000.0,1695000000.0,,2033000000.0,1458000000.0,153000000.0,,481000000.0,5820000000.0,,3008000000.0,3153000000.0,,230000000.0,16283000000.0,1221000000.0,1265000000.0,174000000.0,2761000000.0,,174000000.0,,609000000.0,9276000000.0,-2102000000.0,413000000.0,6998000000.0,16283000000.0,138000000.0,,53000000.0,76000000.0,,,-27000000.0,,-28000000.0,,330000000.0,,,,,,76000000.0,,2000000.0,-64000000.0,,,-93000000.0,174000000.0,
2010-03-26,5849000000.0,4050000000.0,1799000000.0,,774000000.0,,667000000.0,,683000000.0,204000000.0,476000000.0,1.04,1.03,458000000.0,461000000.0,1839000000.0,,2042000000.0,1550000000.0,153000000.0,,,6111000000.0,,2896000000.0,3175000000.0,,224000000.0,16552000000.0,1304000000.0,,162000000.0,3280000000.0,,174000000.0,,535000000.0,9756000000.0,-1798000000.0,317000000.0,6788000000.0,16552000000.0,266000000.0,,155000000.0,146000000.0,,,,,-40000000.0,,830000000.0,,,,,55000000.0,157000000.0,,4000000.0,-199000000.0,,,-313000000.0,318000000.0,
2010-06-25,8933000000.0,6149000000.0,2784000000.0,,1149000000.0,,1134000000.0,,1158000000.0,348000000.0,806000000.0,1.77,1.75,456000000.0,460000000.0,1815000000.0,,2216000000.0,1586000000.0,153000000.0,,,6333000000.0,,2787000000.0,3155000000.0,,221000000.0,16469000000.0,1394000000.0,,165000000.0,3337000000.0,,237000000.0,,527000000.0,9669000000.0,-1459000000.0,207000000.0,6792000000.0,16469000000.0,395000000.0,,275000000.0,374000000.0,,,,,-35000000.0,,1205000000.0,,,,,70000000.0,249000000.0,,20000000.0,-322000000.0,,,-587000000.0,294000000.0,
2010-09-24,12070000000.0,8293000000.0,3777000000.0,482000000.0,1538000000.0,,1516000000.0,,1558000000.0,493000000.0,1103000000.0,2.43,2.41,453000000.0,457000000.0,1990000000.0,,2259000000.0,1583000000.0,2394000000.0,,,6731000000.0,,2867000000.0,3211000000.0,,217000000.0,16992000000.0,1386000000.0,515000000.0,164000000.0,3460000000.0,,285000000.0,,452000000.0,9936000000.0,-1161000000.0,246000000.0,7048000000.0,16992000000.0,520000000.0,63000000.0,35000000.0,323000000.0,,,,,-38000000.0,,1679000000.0,,,,,93000000.0,385000000.0,,-5000000.0,-442000000.0,,,-779000000.0,469000000.0,156000000.0
2010-12-24,3200000000.0,2179000000.0,1021000000.0,,402000000.0,,400000000.0,,382000000.0,113000000.0,265000000.0,0.6,0.59,444000000.0,449000000.0,1407000000.0,,2421000000.0,1836000000.0,250000000.0,,,6788000000.0,,3075000000.0,3727000000.0,,255000000.0,18102000000.0,1485000000.0,,159000000.0,3868000000.0,,311000000.0,,484000000.0,10756000000.0,-895000000.0,240000000.0,7339000000.0,18102000000.0,133000000.0,,105000000.0,-7000000.0,,,,,-12000000.0,,154000000.0,,,,,717000000.0,117000000.0,,4000000.0,-793000000.0,,,53000000.0,-583000000.0,
2011-03-25,6672000000.0,4607000000.0,2065000000.0,,847000000.0,,805000000.0,,756000000.0,187000000.0,564000000.0,1.27,1.26,444000000.0,449000000.0,1239000000.0,,2495000000.0,1912000000.0,263000000.0,,,6743000000.0,,3129000000.0,3602000000.0,,239000000.0,18080000000.0,1558000000.0,,132000000.0,3750000000.0,,285000000.0,,540000000.0,10744000000.0,-596000000.0,447000000.0,7325000000.0,18080000000.0,281000000.0,,104000000.0,12000000.0,,,,,-38000000.0,,711000000.0,,,,,717000000.0,231000000.0,,9000000.0,-790000000.0,,,-684000000.0,-751000000.0,
2011-06-24,10401000000.0,7211000000.0,3190000000.0,,1299000000.0,,1276000000.0,,1187000000.0,261000000.0,919000000.0,2.08,2.06,441000000.0,447000000.0,1212000000.0,,2614000000.0,1996000000.0,263000000.0,,,6860000000.0,,3147000000.0,3600000000.0,,250000000.0,18032000000.0,1612000000.0,1974000000.0,104000000.0,3691000000.0,,290000000.0,,538000000.0,10446000000.0,-242000000.0,576000000.0,7575000000.0,18032000000.0,427000000.0,,113000000.0,108000000.0,,,,,-68000000.0,,1149000000.0,,,,,731000000.0,375000000.0,,10000000.0,-835000000.0,,,-1115000000.0,-778000000.0,
2011-09-30,14312000000.0,9890000000.0,4422000000.0,624000000.0,1780000000.0,,1741000000.0,,1629000000.0,376000000.0,,2.84,2.81,438000000.0,443000000.0,1219000000.0,,2425000000.0,1939000000.0,2402000000.0,,,6632000000.0,,3163000000.0,3586000000.0,,256000000.0,17723000000.0,1483000000.0,1772000000.0,145000000.0,3401000000.0,,333000000.0,,511000000.0,10239000000.0,84000000.0,428000000.0,7474000000.0,17723000000.0,574000000.0,73000000.0,109000000.0,-34000000.0,,,,,-28000000.0,,1779000000.0,,,,,731000000.0,581000000.0,,,-1043000000.0,,,-1512000000.0,-771000000.0,299000000.0
2011-12-30,3309000000.0,2326000000.0,983000000.0,,398000000.0,,378000000.0,,346000000.0,92000000.0,,0.61,0.61,425000000.0,429000000.0,1390000000.0,,2241000000.0,1918000000.0,403000000.0,,,6577000000.0,,3090000000.0,3569000000.0,,259000000.0,17523000000.0,1393000000.0,1434000000.0,97000000.0,3820000000.0,,333000000.0,,517000000.0,9933000000.0,344000000.0,250000000.0,7581000000.0,17523000000.0,143000000.0,18000000.0,52000000.0,-88000000.0,,,,,-46000000.0,,207000000.0,,,,,,130000000.0,,1000000.0,-126000000.0,,,93000000.0,171000000.0,
2012-03-30,6419000000.0,4455000000.0,1964000000.0,,810000000.0,,746000000.0,,687000000.0,179000000.0,,1.21,1.2,427000000.0,431000000.0,2866000000.0,,2288000000.0,1833000000.0,402000000.0,,,8311000000.0,,3107000000.0,3283000000.0,,265000000.0,19029000000.0,1367000000.0,1555000000.0,98000000.0,4371000000.0,,333000000.0,,518000000.0,11346000000.0,601000000.0,389000000.0,7674000000.0,19029000000.0,279000000.0,35000000.0,78000000.0,16000000.0,,,,,-44000000.0,,729000000.0,,,,,,270000000.0,,7000000.0,-271000000.0,,,1183000000.0,1648000000.0,
2012-06-29,9918000000.0,6936000000.0,2982000000.0,,1233000000.0,,1117000000.0,,1035000000.0,267000000.0,,1.68,1.67,428000000.0,431000000.0,1302000000.0,,2393000000.0,1868000000.0,407000000.0,,,6432000000.0,,3136000000.0,4290000000.0,,290000000.0,18942000000.0,1383000000.0,1522000000.0,99000000.0,4070000000.0,,509000000.0,,504000000.0,11202000000.0,800000000.0,226000000.0,7734000000.0,18942000000.0,453000000.0,52000000.0,100000000.0,26000000.0,,,,,-52000000.0,,1234000000.0,,,,,1384000000.0,385000000.0,,7000000.0,-1370000000.0,,,234000000.0,84000000.0,
2012-09-28,13282000000.0,9236000000.0,4046000000.0,595000000.0,1685000000.0,,1518000000.0,,1415000000.0,249000000.0,,2.61,2.59,426000000.0,430000000.0,1589000000.0,,2343000000.0,1808000000.0,2216000000.0,,,6503000000.0,,3213000000.0,4308000000.0,,290000000.0,19306000000.0,1292000000.0,1576000000.0,121000000.0,4004000000.0,,448000000.0,,517000000.0,11329000000.0,1196000000.0,229000000.0,7971000000.0,19306000000.0,609000000.0,68000000.0,-48000000.0,-17000000.0,,,,,-31000000.0,,1947000000.0,,,,,1384000000.0,533000000.0,,9000000.0,-1510000000.0,,,-65000000.0,371000000.0,290000000.0
2012-12-28,3134000000.0,2145000000.0,989000000.0,,428000000.0,,293000000.0,,34000000.0,-245000000.0,,0.66,0.65,422000000.0,426000000.0,972000000.0,,2211000000.0,1808000000.0,288000000.0,,,5753000000.0,,3187000000.0,4324000000.0,,276000000.0,18136000000.0,1264000000.0,1384000000.0,112000000.0,3111000000.0,,448000000.0,,527000000.0,10002000000.0,1473000000.0,256000000.0,8129000000.0,18136000000.0,152000000.0,21000000.0,121000000.0,-123000000.0,,,,,-9000000.0,,392000000.0,,,,,,126000000.0,,-19000000.0,-105000000.0,,,-905000000.0,-617000000.0,
2013-03-29,6399000000.0,4358000000.0,2041000000.0,,866000000.0,,652000000.0,,372000000.0,-185000000.0,,1.32,1.3,421000000.0,425000000.0,1073000000.0,,2214000000.0,1803000000.0,288000000.0,,,5864000000.0,,3114000000.0,4279000000.0,,290000000.0,18140000000.0,1348000000.0,1732000000.0,106000000.0,3901000000.0,,448000000.0,,532000000.0,10407000000.0,1750000000.0,134000000.0,7727000000.0,18140000000.0,310000000.0,40000000.0,93000000.0,-49000000.0,,,,,-15000000.0,,837000000.0,,,,,,253000000.0,,-17000000.0,-232000000.0,,,-1120000000.0,-516000000.0,
2013-06-28,9848000000.0,6675000000.0,3173000000.0,,1322000000.0,,1091000000.0,,797000000.0,93000000.0,,2.12,2.1,419000000.0,423000000.0,1262000000.0,,2257000000.0,1762000000.0,284000000.0,,,6018000000.0,,3071000000.0,4285000000.0,,271000000.0,18090000000.0,1357000000.0,1842000000.0,93000000.0,4003000000.0,,304000000.0,,359000000.0,10202000000.0,2085000000.0,72000000.0,7882000000.0,18090000000.0,457000000.0,59000000.0,92000000.0,30000000.0,,,,,,,1453000000.0,,,,,,412000000.0,,-22000000.0,-357000000.0,,,-1411000000.0,-327000000.0,
2013-09-27,13280000000.0,8951000000.0,4329000000.0,576000000.0,1773000000.0,,1556000000.0,,1248000000.0,-29000000.0,,3.05,3.02,418000000.0,423000000.0,1403000000.0,,2323000000.0,1762000000.0,2105000000.0,,,6309000000.0,,3166000000.0,4326000000.0,,268000000.0,18461000000.0,1383000000.0,1762000000.0,68000000.0,3924000000.0,,321000000.0,,393000000.0,10075000000.0,2472000000.0,303000000.0,8380000000.0,18461000000.0,607000000.0,78000000.0,30000000.0,81000000.0,,,,,,,2046000000.0,,,,,6000000.0,615000000.0,,-23000000.0,-545000000.0,,,-1678000000.0,-186000000.0,312000000.0
2013-12-27,3326000000.0,2209000000.0,1117000000.0,,467000000.0,,479000000.0,,482000000.0,127000000.0,,0.86,0.84,411000000.0,418000000.0,1397000000.0,,2284000000.0,1836000000.0,334000000.0,,,6358000000.0,,3164000000.0,4346000000.0,,304000000.0,18443000000.0,1361000000.0,1589000000.0,76000000.0,3409000000.0,,321000000.0,,347000000.0,9821000000.0,2825000000.0,327000000.0,8616000000.0,18443000000.0,149000000.0,22000000.0,31000000.0,-27000000.0,,,,,,,385000000.0,,,,,,133000000.0,,2000000.0,-123000000.0,,,-262000000.0,-6000000.0,
2014-03-28,6757000000.0,4467000000.0,2290000000.0,,938000000.0,,989000000.0,,982000000.0,263000000.0,,1.74,1.71,411000000.0,417000000.0,1429000000.0,,2402000000.0,1850000000.0,342000000.0,,,6566000000.0,,3181000000.0,4355000000.0,,307000000.0,18628000000.0,1421000000.0,1983000000.0,58000000.0,4087000000.0,,321000000.0,,315000000.0,10229000000.0,3187000000.0,318000000.0,8393000000.0,18628000000.0,303000000.0,43000000.0,67000000.0,107000000.0,,,,,,,834000000.0,,,,,,301000000.0,,18000000.0,-298000000.0,,,-500000000.0,26000000.0,
2014-06-27,10337000000.0,6843000000.0,3494000000.0,,1421000000.0,,1524000000.0,,1500000000.0,376000000.0,,2.73,2.68,410000000.0,417000000.0,1613000000.0,,2503000000.0,1810000000.0,342000000.0,,,6873000000.0,,3154000000.0,4354000000.0,,296000000.0,18871000000.0,1433000000.0,1683000000.0,119000000.0,3860000000.0,,321000000.0,,330000000.0,10023000000.0,3590000000.0,357000000.0,8842000000.0,18871000000.0,457000000.0,64000000.0,77000000.0,190000000.0,,,,,,,1334000000.0,,,,,,476000000.0,,20000000.0,-471000000.0,,,-650000000.0,210000000.0,
2014-09-26,13912000000.0,9220000000.0,4692000000.0,572000000.0,1882000000.0,,2045000000.0,,1996000000.0,207000000.0,,4.34,4.27,410000000.0,417000000.0,2457000000.0,,2439000000.0,1745000000.0,2126000000.0,,,7544000000.0,,3126000000.0,4595000000.0,,463000000.0,20152000000.0,1391000000.0,1717000000.0,179000000.0,3954000000.0,,240000000.0,,332000000.0,11139000000.0,4253000000.0,-17000000.0,9007000000.0,20152000000.0,617000000.0,84000000.0,-234000000.0,205000000.0,,,,,112000000.0,,2083000000.0,,,,,528000000.0,673000000.0,,3000000.0,-1075000000.0,,,65000000.0,1054000000.0,283000000.0
2014-12-26,3466000000.0,2295000000.0,1171000000.0,,459000000.0,,477000000.0,,377000000.0,-95000000.0,,1.16,1.14,407000000.0,413000000.0,868000000.0,,2349000000.0,1942000000.0,335000000.0,,,6045000000.0,,3118000000.0,5638000000.0,,474000000.0,20153000000.0,1382000000.0,1436000000.0,121000000.0,3876000000.0,,304000000.0,,345000000.0,10983000000.0,4725000000.0,-223000000.0,9164000000.0,20153000000.0,175000000.0,25000000.0,-67000000.0,-98000000.0,,,,,-56000000.0,,295000000.0,,,,,1511000000.0,142000000.0,,3000000.0,-1651000000.0,,,-209000000.0,-1589000000.0,
2015-03-27,6131000000.0,4060000000.0,2071000000.0,,777000000.0,,873000000.0,,736000000.0,94000000.0,,2.63,2.59,407000000.0,413000000.0,697000000.0,,2094000000.0,1684000000.0,617000000.0,,,7612000000.0,,2878000000.0,4832000000.0,,325000000.0,20243000000.0,1233000000.0,1715000000.0,96000000.0,4141000000.0,,300000000.0,,311000000.0,11248000000.0,5324000000.0,-416000000.0,8989000000.0,20243000000.0,307000000.0,44000000.0,-54000000.0,19000000.0,180000000.0,,,,-80000000.0,,693000000.0,,,,,1729000000.0,291000000.0,,2000000.0,-2030000000.0,,,-383000000.0,-1760000000.0,
2015-06-26,9249000000.0,6130000000.0,3119000000.0,,1170000000.0,,1342000000.0,,1187000000.0,100000000.0,,3.39,3.34,407000000.0,413000000.0,701000000.0,,2185000000.0,1717000000.0,619000000.0,,,7736000000.0,,2925000000.0,4841000000.0,,326000000.0,20441000000.0,1206000000.0,1660000000.0,179000000.0,4041000000.0,,299000000.0,,443000000.0,11306000000.0,5633000000.0,-373000000.0,9129000000.0,20441000000.0,455000000.0,65000000.0,-106000000.0,125000000.0,218000000.0,,,,4000000.0,,1289000000.0,,,,,1726000000.0,425000000.0,,2000000.0,-2165000000.0,,,-839000000.0,-1756000000.0,
2015-09-25,12233000000.0,8146000000.0,4087000000.0,540000000.0,1504000000.0,,1749000000.0,,1575000000.0,337000000.0,,5.98,5.89,405000000.0,411000000.0,3329000000.0,,2120000000.0,1615000000.0,2127000000.0,,,7887000000.0,,2920000000.0,4824000000.0,,314000000.0,20608000000.0,1143000000.0,1749000000.0,185000000.0,3577000000.0,,329000000.0,,433000000.0,11023000000.0,6673000000.0,-373000000.0,9585000000.0,20608000000.0,616000000.0,89000000.0,40000000.0,210000000.0,220000000.0,,,,12000000.0,,1913000000.0,,,,,1725000000.0,600000000.0,,-12000000.0,636000000.0,,,-1606000000.0,872000000.0,350000000.0
2015-12-25,2833000000.0,1888000000.0,945000000.0,,340000000.0,,398000000.0,,382000000.0,58000000.0,353000000.0,0.92,0.91,385000000.0,390000000.0,2223000000.0,,1878000000.0,1700000000.0,,,,6505000000.0,,2866000000.0,4651000000.0,,307000000.0,19223000000.0,1108000000.0,1545000000.0,113000000.0,3266000000.0,,291000000.0,,438000000.0,10646000000.0,7026000000.0,-463000000.0,,19223000000.0,146000000.0,22000000.0,-58000000.0,-237000000.0,99000000.0,,,,-71000000.0,,366000000.0,,,,,,139000000.0,,-17000000.0,-121000000.0,,,-1346000000.0,-1106000000.0,
2016-03-25,5785000000.0,3878000000.0,1907000000.0,,707000000.0,,933000000.0,,901000000.0,188000000.0,733000000.0,1.95,1.93,375000000.0,379000000.0,1150000000.0,,2095000000.0,1635000000.0,,,,5414000000.0,,2899000000.0,4673000000.0,,283000000.0,17841000000.0,1116000000.0,1719000000.0,110000000.0,3097000000.0,,291000000.0,,448000000.0,10435000000.0,7406000000.0,-449000000.0,,17841000000.0,290000000.0,43000000.0,-52000000.0,-9000000.0,61000000.0,,,,-70000000.0,,520000000.0,,,,,6000000.0,270000000.0,,-29000000.0,15000000.0,,,-2712000000.0,-2179000000.0,
2016-06-24,8906000000.0,5977000000.0,2929000000.0,,1074000000.0,,1385000000.0,,673000000.0,-1019000000.0,1572000000.0,4.26,4.21,369000000.0,373000000.0,694000000.0,,2158000000.0,1610000000.0,,,,4929000000.0,,2976000000.0,5251000000.0,,333000000.0,17500000000.0,1157000000.0,1692000000.0,160000000.0,3311000000.0,,326000000.0,,331000000.0,9235000000.0,8245000000.0,-375000000.0,,17500000000.0,438000000.0,66000000.0,162000000.0,-15000000.0,2000000.0,,,,-22000000.0,,1238000000.0,,,,,994000000.0,420000000.0,,-28000000.0,-1057000000.0,,,-2812000000.0,-2635000000.0,
2016-09-30,12238000000.0,8205000000.0,4033000000.0,566000000.0,1463000000.0,,1902000000.0,,1162000000.0,-779000000.0,2009000000.0,5.49,5.44,366000000.0,369000000.0,647000000.0,,2046000000.0,1596000000.0,1904000000.0,,,4775000000.0,,3052000000.0,5492000000.0,,287000000.0,17608000000.0,1090000000.0,1437000000.0,208000000.0,3066000000.0,,207000000.0,,362000000.0,9123000000.0,8682000000.0,-542000000.0,,17608000000.0,585000000.0,91000000.0,178000000.0,-116000000.0,-16000000.0,,,,26000000.0,,1922000000.0,,,,,1336000000.0,628000000.0,,-61000000.0,-1581000000.0,,,-3030000000.0,-2682000000.0,806000000.0
2016-12-30,3063000000.0,1998000000.0,1065000000.0,,372000000.0,,486000000.0,,460000000.0,54000000.0,409000000.0,1.15,1.14,356000000.0,359000000.0,665000000.0,,2034000000.0,1636000000.0,,,,4809000000.0,,2956000000.0,5363000000.0,,397000000.0,17615000000.0,1123000000.0,1189000000.0,149000000.0,3513000000.0,,194000000.0,,355000000.0,8778000000.0,9256000000.0,-698000000.0,,17615000000.0,160000000.0,24000000.0,-69000000.0,30000000.0,59000000.0,,,,-59000000.0,,404000000.0,,,,,,130000000.0,,28000000.0,-154000000.0,,,-209000000.0,18000000.0,
2017-03-31,6290000000.0,4117000000.0,2173000000.0,,784000000.0,,959000000.0,,905000000.0,93000000.0,814000000.0,2.29,2.27,356000000.0,359000000.0,773000000.0,,2244000000.0,1660000000.0,,,,5146000000.0,,3046000000.0,5382000000.0,,434000000.0,18056000000.0,1226000000.0,1701000000.0,129000000.0,3935000000.0,,197000000.0,,348000000.0,9303000000.0,9661000000.0,-584000000.0,,18056000000.0,312000000.0,47000000.0,-118000000.0,215000000.0,69000000.0,,,,-83000000.0,,925000000.0,,,,,,289000000.0,,16000000.0,-297000000.0,,,-492000000.0,126000000.0,
2017-06-30,9657000000.0,6346000000.0,3311000000.0,,1196000000.0,,1495000000.0,,1408000000.0,164000000.0,1249000000.0,3.52,3.48,355000000.0,359000000.0,755000000.0,,2271000000.0,1787000000.0,,,,5354000000.0,,3165000000.0,5516000000.0,,408000000.0,18520000000.0,1309000000.0,1623000000.0,62000000.0,3872000000.0,,197000000.0,,420000000.0,9379000000.0,9747000000.0,-506000000.0,,18520000000.0,469000000.0,73000000.0,-146000000.0,260000000.0,195000000.0,,,,-150000000.0,,1448000000.0,,,,,77000000.0,452000000.0,,25000000.0,-538000000.0,,,-791000000.0,108000000.0,
2017-09-29,13113000000.0,8663000000.0,4450000000.0,595000000.0,1591000000.0,,2047000000.0,,1928000000.0,255000000.0,1683000000.0,4.74,4.7,355000000.0,358000000.0,1218000000.0,,2290000000.0,1813000000.0,1905000000.0,,,5926000000.0,,3400000000.0,5651000000.0,,444000000.0,19403000000.0,1436000000.0,1626000000.0,75000000.0,3847000000.0,,236000000.0,,482000000.0,9652000000.0,10175000000.0,-160000000.0,,19403000000.0,635000000.0,99000000.0,-75000000.0,253000000.0,211000000.0,,,,-137000000.0,,2321000000.0,,,,,250000000.0,702000000.0,,3000000.0,-932000000.0,,,-814000000.0,571000000.0,323000000.0
2017-12-29,3480000000.0,2303000000.0,1177000000.0,,383000000.0,,581000000.0,,561000000.0,600000000.0,-40000000.0,-0.11,-0.11,352000000.0,352000000.0,704000000.0,,2378000000.0,1984000000.0,,,,5733000000.0,,3527000000.0,5672000000.0,,458000000.0,18811000000.0,1556000000.0,1264000000.0,127000000.0,3635000000.0,,238000000.0,,537000000.0,9180000000.0,10047000000.0,-84000000.0,,18811000000.0,168000000.0,29000000.0,511000000.0,89000000.0,185000000.0,,,,52000000.0,,350000000.0,,,,,,241000000.0,,,-241000000.0,,,-634000000.0,-514000000.0,
2018-03-30,7225000000.0,4805000000.0,2420000000.0,,811000000.0,,1205000000.0,,1161000000.0,708000000.0,490000000.0,1.4,1.38,351000000.0,355000000.0,559000000.0,,2643000000.0,2045000000.0,,,,5960000000.0,,3676000000.0,5730000000.0,,464000000.0,19247000000.0,1613000000.0,1729000000.0,147000000.0,4164000000.0,,238000000.0,,579000000.0,9767000000.0,9957000000.0,-49000000.0,,19247000000.0,341000000.0,52000000.0,499000000.0,337000000.0,244000000.0,,,,72000000.0,,727000000.0,,,,,,447000000.0,,2000000.0,-442000000.0,,,-964000000.0,-659000000.0,
2018-06-29,10989000000.0,7352000000.0,3637000000.0,,1220000000.0,,1763000000.0,,1696000000.0,789000000.0,904000000.0,2.58,2.55,351000000.0,354000000.0,770000000.0,,2591000000.0,1961000000.0,,,,5941000000.0,,3633000000.0,5616000000.0,,453000000.0,19013000000.0,1583000000.0,1625000000.0,124000000.0,4046000000.0,,227000000.0,,524000000.0,9521000000.0,10432000000.0,-299000000.0,,19013000000.0,514000000.0,74000000.0,447000000.0,317000000.0,184000000.0,,,,49000000.0,,1527000000.0,,,,,,686000000.0,,8000000.0,-675000000.0,,,-1302000000.0,-448000000.0,
2018-09-28,13988000000.0,9243000000.0,4745000000.0,606000000.0,1594000000.0,,2331000000.0,,2240000000.0,-344000000.0,2565000000.0,7.33,7.27,350000000.0,353000000.0,848000000.0,,2361000000.0,1857000000.0,1937000000.0,,,6199000000.0,,3497000000.0,5684000000.0,,1158000000.0,20386000000.0,1548000000.0,1711000000.0,27000000.0,4410000000.0,,207000000.0,,487000000.0,9555000000.0,12114000000.0,-306000000.0,,20386000000.0,667000000.0,95000000.0,-791000000.0,269000000.0,247000000.0,,,,,,2451000000.0,,,,,153000000.0,935000000.0,,8000000.0,-1094000000.0,,,-1722000000.0,-370000000.0,393000000.0
2018-12-28,3347000000.0,2233000000.0,1114000000.0,,389000000.0,,484000000.0,,461000000.0,78000000.0,276000000.0,0.81,0.8,342000000.0,344000000.0,505000000.0,,2380000000.0,1986000000.0,,,,5378000000.0,,3550000000.0,5648000000.0,,384000000.0,19188000000.0,1538000000.0,1348000000.0,,3471000000.0,,207000000.0,,456000000.0,8952000000.0,11886000000.0,-257000000.0,,19188000000.0,168000000.0,23000000.0,-11000000.0,26000000.0,119000000.0,,,,,,297000000.0,,,,,,210000000.0,,-4000000.0,80000000.0,,,-719000000.0,-343000000.0,
2019-03-29,6759000000.0,4527000000.0,2232000000.0,,762000000.0,,1014000000.0,,981000000.0,169000000.0,715000000.0,2.1,2.09,340000000.0,342000000.0,565000000.0,,2463000000.0,1970000000.0,,,,5446000000.0,,3596000000.0,5626000000.0,,391000000.0,19262000000.0,1485000000.0,1770000000.0,,3867000000.0,,196000000.0,,421000000.0,9268000000.0,11710000000.0,-160000000.0,,19262000000.0,341000000.0,38000000.0,-28000000.0,107000000.0,70000000.0,,,,,,853000000.0,,,,,,401000000.0,,-8000000.0,-85000000.0,,,-1052000000.0,-283000000.0,
2019-06-28,10148000000.0,6806000000.0,3342000000.0,,1118000000.0,,1534000000.0,,1494000000.0,-245000000.0,1472000000.0,4.34,4.32,339000000.0,341000000.0,546000000.0,,2463000000.0,1961000000.0,,,,5422000000.0,,3636000000.0,5800000000.0,,381000000.0,19748000000.0,1438000000.0,1654000000.0,,3694000000.0,,,,461000000.0,9126000000.0,11893000000.0,-201000000.0,,19748000000.0,515000000.0,56000000.0,-290000000.0,105000000.0,59000000.0,,,,,,1544000000.0,,,,,283000000.0,570000000.0,,-3000000.0,-539000000.0,,,-1309000000.0,-302000000.0,
2019-09-27,13448000000.0,9054000000.0,4394000000.0,572000000.0,1490000000.0,,1978000000.0,,1931000000.0,-15000000.0,1844000000.0,5.46,5.42,338000000.0,340000000.0,927000000.0,,2320000000.0,1836000000.0,2620000000.0,,,5554000000.0,,3574000000.0,5740000000.0,,454000000.0,19694000000.0,1357000000.0,1613000000.0,36000000.0,3540000000.0,,,,427000000.0,9124000000.0,12256000000.0,-503000000.0,,19694000000.0,690000000.0,75000000.0,-218000000.0,-31000000.0,-64000000.0,,,,,,2422000000.0,,,,,283000000.0,749000000.0,,-2000000.0,-692000000.0,,,-1643000000.0,79000000.0,338000000.0
2019-12-27,3168000000.0,2138000000.0,1030000000.0,,367000000.0,,471000000.0,,470000000.0,447000000.0,26000000.0,0.08,0.08,335000000.0,337000000.0,742000000.0,,2338000000.0,2003000000.0,,,,5566000000.0,,3659000000.0,5846000000.0,,943000000.0,19976000000.0,1433000000.0,1410000000.0,,3404000000.0,,,,849000000.0,9419000000.0,12206000000.0,-414000000.0,,19976000000.0,174000000.0,22000000.0,394000000.0,24000000.0,176000000.0,,,,,,411000000.0,,,,,115000000.0,176000000.0,,-2000000.0,-289000000.0,,,-314000000.0,-185000000.0,
2020-03-27,6363000000.0,4304000000.0,2059000000.0,,719000000.0,,-415000000.0,,-410000000.0,489000000.0,-456000000.0,-1.37,-1.37,334000000.0,334000000.0,796000000.0,,2461000000.0,2001000000.0,,,,5715000000.0,,3558000000.0,5235000000.0,,930000000.0,19367000000.0,1390000000.0,1966000000.0,,3959000000.0,,,,772000000.0,10196000000.0,11122000000.0,-571000000.0,9066000000.0,19367000000.0,354000000.0,37000000.0,345000000.0,140000000.0,151000000.0,,,,,,892000000.0,,,,,359000000.0,309000000.0,,2000000.0,-667000000.0,,,-345000000.0,-131000000.0,
2020-06-26,8911000000.0,6145000000.0,2766000000.0,,1040000000.0,,190000000.0,,187000000.0,674000000.0,-471000000.0,-1.41,-1.41,333000000.0,333000000.0,474000000.0,,2146000000.0,2227000000.0,,,,5319000000.0,,3598000000.0,5143000000.0,,882000000.0,18840000000.0,1271000000.0,1765000000.0,,3727000000.0,,,,803000000.0,9696000000.0,10125000000.0,-509000000.0,9036000000.0,18840000000.0,530000000.0,54000000.0,459000000.0,-182000000.0,342000000.0,,,,,,1272000000.0,,,,,328000000.0,439000000.0,,-13000000.0,-748000000.0,,,-970000000.0,-453000000.0,
2020-09-25,12172000000.0,8437000000.0,3735000000.0,539000000.0,1392000000.0,,537000000.0,,524000000.0,783000000.0,-241000000.0,-0.73,-0.73,332000000.0,332000000.0,945000000.0,,2377000000.0,1950000000.0,2035000000.0,,,5784000000.0,,3650000000.0,5224000000.0,,813000000.0,19242000000.0,1276000000.0,1720000000.0,47000000.0,3690000000.0,,,,874000000.0,9747000000.0,10348000000.0,-445000000.0,,19242000000.0,711000000.0,74000000.0,535000000.0,63000000.0,89000000.0,,,,,,1992000000.0,,,,,339000000.0,560000000.0,,-17000000.0,-865000000.0,,,-1105000000.0,18000000.0,257000000.0
2020-12-25,3522000000.0,2376000000.0,1146000000.0,,361000000.0,,448000000.0,,435000000.0,60000000.0,381000000.0,1.15,1.14,331000000.0,333000000.0,1098000000.0,,2640000000.0,2066000000.0,,,,6481000000.0,,3768000000.0,5387000000.0,,819000000.0,20266000000.0,1629000000.0,1769000000.0,,4083000000.0,,,,949000000.0,10287000000.0,10672000000.0,-305000000.0,,20266000000.0,187000000.0,19000000.0,-42000000.0,299000000.0,145000000.0,,,,,,640000000.0,,,,,107000000.0,142000000.0,,-3000000.0,-246000000.0,,,-252000000.0,153000000.0,
2021-03-26,7260000000.0,4904000000.0,2356000000.0,,762000000.0,,1060000000.0,,1046000000.0,166000000.0,887000000.0,2.68,2.66,331000000.0,334000000.0,1748000000.0,,2921000000.0,2134000000.0,,,,7422000000.0,,3662000000.0,5342000000.0,,789000000.0,20967000000.0,1793000000.0,2327000000.0,,5039000000.0,,,,827000000.0,11184000000.0,10541000000.0,-246000000.0,,20967000000.0,380000000.0,49000000.0,-48000000.0,567000000.0,212000000.0,,,,,,1220000000.0,,,,,107000000.0,284000000.0,,-10000000.0,-323000000.0,,,-101000000.0,803000000.0,
2021-06-25,11105000000.0,7481000000.0,3624000000.0,,1128000000.0,,1774000000.0,,1751000000.0,290000000.0,1467000000.0,4.43,4.41,331000000.0,333000000.0,1416000000.0,,2985000000.0,2392000000.0,,,,7394000000.0,,3723000000.0,5401000000.0,,800000000.0,21058000000.0,1938000000.0,2219000000.0,,4662000000.0,,,,852000000.0,10896000000.0,10892000000.0,-216000000.0,,21058000000.0,590000000.0,73000000.0,-62000000.0,638000000.0,482000000.0,,,,,,1902000000.0,,,,,126000000.0,454000000.0,,2000000.0,-497000000.0,,,-943000000.0,471000000.0,
2021-09-24,14923000000.0,10036000000.0,4887000000.0,612000000.0,1512000000.0,,2434000000.0,,2378000000.0,123000000.0,2261000000.0,6.85,6.79,330000000.0,333000000.0,1203000000.0,,2928000000.0,2511000000.0,2318000000.0,,,7263000000.0,,3778000000.0,5590000000.0,,783000000.0,21462000000.0,1911000000.0,2242000000.0,51000000.0,4656000000.0,,,,847000000.0,10714000000.0,11709000000.0,-168000000.0,,21462000000.0,769000000.0,94000000.0,-354000000.0,518000000.0,556000000.0,,,,,,2676000000.0,,,,,423000000.0,690000000.0,,10000000.0,-1037000000.0,,,-1386000000.0,258000000.0,371000000.0
2021-12-24,3818000000.0,2588000000.0,1230000000.0,,363000000.0,,672000000.0,,677000000.0,110000000.0,566000000.0,1.73,1.72,327000000.0,330000000.0,982000000.0,,2844000000.0,2845000000.0,,,,7244000000.0,,3827000000.0,5503000000.0,,813000000.0,21409000000.0,1964000000.0,1826000000.0,,4274000000.0,,,,846000000.0,10281000000.0,12285000000.0,-139000000.0,,21409000000.0,198000000.0,32000000.0,4000000.0,-148000000.0,264000000.0,,,,,,532000000.0,,,,,100000000.0,172000000.0,,-3000000.0,-199000000.0,,,-552000000.0,-221000000.0,
2022-03-25,7825000000.0,5258000000.0,2567000000.0,,779000000.0,,1377000000.0,,1373000000.0,246000000.0,1126000000.0,3.45,3.43,326000000.0,328000000.0,749000000.0,,3068000000.0,2999000000.0,,,,7417000000.0,,3817000000.0,5463000000.0,,847000000.0,21451000000.0,1986000000.0,2450000000.0,,5046000000.0,,,,809000000.0,10902000000.0,12160000000.0,-97000000.0,,21451000000.0,392000000.0,60000000.0,42000000.0,57000000.0,411000000.0,,,,,,945000000.0,,,,,102000000.0,351000000.0,,-7000000.0,-383000000.0,,,-1012000000.0,-454000000.0,
2022-06-24,11922000000.0,8027000000.0,3895000000.0,,1172000000.0,,2096000000.0,,2081000000.0,362000000.0,1720000000.0,5.31,5.26,324000000.0,327000000.0,820000000.0,,3132000000.0,3028000000.0,,,,7583000000.0,,3712000000.0,5352000000.0,,868000000.0,21348000000.0,1917000000.0,2319000000.0,,5058000000.0,,,,771000000.0,10811000000.0,12084000000.0,-426000000.0,,21348000000.0,597000000.0,88000000.0,-18000000.0,108000000.0,439000000.0,,,,,,1524000000.0,,,,,116000000.0,556000000.0,,-6000000.0,-568000000.0,,,-1330000000.0,-383000000.0,
2022-09-30,16281000000.0,11037000000.0,5244000000.0,610000000.0,1584000000.0,,2756000000.0,,2733000000.0,306000000.0,2428000000.0,7.52,7.47,323000000.0,325000000.0,1088000000.0,,2865000000.0,2676000000.0,2254000000.0,,,7268000000.0,,3567000000.0,5258000000.0,,903000000.0,20782000000.0,1593000000.0,2125000000.0,63000000.0,4632000000.0,,,,718000000.0,9885000000.0,12832000000.0,-495000000.0,,20782000000.0,785000000.0,119000000.0,-147000000.0,-200000000.0,41000000.0,,,,,,2468000000.0,,,,,220000000.0,768000000.0,,-4000000.0,-878000000.0,,,-1684000000.0,-115000000.0,421000000.0
2022-12-30,3841000000.0,2654000000.0,1187000000.0,,392000000.0,,502000000.0,,485000000.0,87000000.0,397000000.0,1.25,1.24,317000000.0,319000000.0,793000000.0,,2910000000.0,2927000000.0,,,,7318000000.0,,3781000000.0,5511000000.0,,795000000.0,21353000000.0,1751000000.0,1849000000.0,,4420000000.0,,,,792000000.0,9885000000.0,13200000000.0,-128000000.0,,21353000000.0,187000000.0,32000000.0,-35000000.0,54000000.0,324000000.0,,,,,,581000000.0,,,,,109000000.0,183000000.0,,-26000000.0,-265000000.0,,,-621000000.0,-295000000.0,
2023-03-31,8001000000.0,5530000000.0,2471000000.0,,827000000.0,,1039000000.0,,1010000000.0,187000000.0,830000000.0,2.62,2.6,317000000.0,319000000.0,905000000.0,,3048000000.0,2811000000.0,,,,7439000000.0,,3818000000.0,5527000000.0,,786000000.0,21490000000.0,1678000000.0,2429000000.0,,4393000000.0,,,,782000000.0,10364000000.0,11824000000.0,-13000000.0,,21490000000.0,394000000.0,63000000.0,-70000000.0,224000000.0,273000000.0,,,,,,1215000000.0,,,,,108000000.0,372000000.0,,-23000000.0,-404000000.0,,,-1006000000.0,-183000000.0,
2023-06-30,11999000000.0,8229000000.0,3770000000.0,,1258000000.0,,1669000000.0,,1634000000.0,283000000.0,1358000000.0,4.3,4.27,316000000.0,318000000.0,1131000000.0,,2998000000.0,2801000000.0,,,,7649000000.0,,3781000000.0,5528000000.0,,821000000.0,21701000000.0,1616000000.0,2351000000.0,,4258000000.0,,,,791000000.0,10245000000.0,12372000000.0,-80000000.0,,21701000000.0,594000000.0,95000000.0,-121000000.0,202000000.0,323000000.0,,,,,,1994000000.0,,,,,108000000.0,538000000.0,,-22000000.0,-573000000.0,,,-1386000000.0,43000000.0,
2023-09-29,16034000000.0,10979000000.0,5055000000.0,593000000.0,1670000000.0,,2304000000.0,,2268000000.0,364000000.0,1910000000.0,6.06,6.03,315000000.0,317000000.0,1661000000.0,,2967000000.0,2552000000.0,2415000000.0,,,7892000000.0,,3754000000.0,5463000000.0,,828000000.0,21712000000.0,1563000000.0,2218000000.0,74000000.0,4463000000.0,,,,787000000.0,10057000000.0,12947000000.0,-158000000.0,,21712000000.0,794000000.0,123000000.0,-77000000.0,146000000.0,45000000.0,,,,,,3132000000.0,,,,,110000000.0,732000000.0,,-22000000.0,-768000000.0,,,-1793000000.0,573000000.0,425000000.0
2023-12-29,3831000000.0,2507000000.0,1324000000.0,,424000000.0,,698000000.0,,699000000.0,-1105000000.0,1803000000.0,5.8,5.76,311000000.0,313000000.0,1170000000.0,,2828000000.0,2783000000.0,,,,7441000000.0,,3854000000.0,5836000000.0,,810000000.0,23071000000.0,1690000000.0,1708000000.0,,4011000000.0,,,,914000000.0,9822000000.0,14678000000.0,11000000.0,13136000000.0,23071000000.0,194000000.0,34000000.0,-1217000000.0,-127000000.0,282000000.0,,,,,,719000000.0,,,,,349000000.0,151000000.0,,8000000.0,-468000000.0,,,-745000000.0,-491000000.0,
2024-03-29,7798000000.0,5111000000.0,2687000000.0,,868000000.0,,1390000000.0,,1386000000.0,-959000000.0,2344000000.0,7.59,7.54,309000000.0,311000000.0,1176000000.0,,2874000000.0,2744000000.0,,,,7504000000.0,,3799000000.0,5678000000.0,,810000000.0,22824000000.0,1598000000.0,2330000000.0,,5163000000.0,,,,846000000.0,10264000000.0,13689000000.0,-84000000.0,12449000000.0,22824000000.0,386000000.0,69000000.0,-1212000000.0,-72000000.0,241000000.0,,,,,,1429000000.0,,,,,339000000.0,318000000.0,,10000000.0,-627000000.0,,,-1284000000.0,-485000000.0,
2024-06-28,11777000000.0,7704000000.0,4073000000.0,,1299000000.0,,2145000000.0,,2140000000.0,-778000000.0,2917000000.0,9.47,9.41,308000000.0,310000000.0,1469000000.0,,2889000000.0,2669000000.0,,,,7713000000.0,,3758000000.0,5664000000.0,,818000000.0,22898000000.0,1662000000.0,2206000000.0,,5117000000.0,,,,781000000.0,10143000000.0,14253000000.0,-113000000.0,,22898000000.0,594000000.0,100000000.0,-1190000000.0,-82000000.0,127000000.0,,,,,,2435000000.0,,,,,339000000.0,467000000.0,,9000000.0,-744000000.0,,,-1875000000.0,-192000000.0,
2024-09-27,15845000000.0,10389000000.0,5456000000.0,621000000.0,1732000000.0,,2796000000.0,,2797000000.0,-397000000.0,3193000000.0,10.4,10.33,307000000.0,309000000.0,1319000000.0,,3055000000.0,2517000000.0,3298000000.0,,,7631000000.0,,3903000000.0,5801000000.0,,848000000.0,22854000000.0,1728000000.0,2147000000.0,58000000.0,4746000000.0,,,,870000000.0,10368000000.0,14533000000.0,5000000.0,,22854000000.0,826000000.0,127000000.0,-789000000.0,134000000.0,30000000.0,,,,,,3477000000.0,,,,,339000000.0,680000000.0,,6000000.0,-950000000.0,,,-2869000000.0,-342000000.0,475000000.0
