Date,Net sales,Cost of sales,Gross margin,Research and development,"Selling, general and administrative",Total operating expenses,Operating income,"Other income/(expense), net",Income before provision for income taxes,Provision for income taxes,Net income,Earnings per share basic,Earnings per share diluted,Weighted-average basic,Weighted-average diluted,Cash and cash equivalents,Short-term marketable securities,"Accounts receivable, net",Inventories,Deferred tax assets,Vendor non-trade receivables,Other current assets,Total current assets,Long-term marketable securities,"Property, Plant and Equipment, Net",Goodwill,"Acquired intangible assets, net","Other Assets, Noncurrent",Total assets,accounts payable,Accrued expenses,Deferred revenue,Total current liabilities,Deferred revenue - non-current,deferred tax liabilities,long term taxes payable,Total other non-current liabilities,Total liabilities,Retained Earnings (Accumulated Deficit),Accumulated other comprehensive (loss)/income,Total shareholders equity,Total liabilities and shareholders' equity,"Depreciation, amortization and accretion",Stock-based compensation expense,Deferred income tax expense,"Increase (Decrease) in Accounts receivable, net",Increase (Decrease) in Inventories,Increase (Decrease) in Other Receivables,Increase (Decrease) in Other Operating Assets,Increase (Decrease) in Accounts Payable,Increase (Decrease) in Deferred Revenue,Increase (Decrease) Other liabilities,Cash generated by operating activities,Purchases of marketable securities,Proceeds from maturities of marketable securities,Proceeds from sales of marketable securities,Purchases of other long-term investments,"Business acquisitions, net of cash acquired",Cash payments for capital asset purchases,Payments for acquisition of intangible assets,Payments for (Proceeds from) Other Investing Activities,Cash used in investing activities,Proceeds from issuance of common stock,Excess tax benefits from stock-based compensation,Cash generated/used in financing activities,Increase/(decrease) in cash and cash equivalents,"Cash paid for income taxes, net"
2010-07-04,784399000.0,356552000.0,427847000.0,,114214000.0,231292000.0,196555000.0,,186622000.0,14373000.0,172249000.0,0.97,0.79,179990000.0,231541000.0,403996000.0,161778000.0,248018000.0,83820000.0,19711000.0,,,965317000.0,95487000.0,235692000.0,,137522000.0,15307000.0,1449325000.0,96044000.0,,,294343000.0,,10136000.0,,,540569000.0,-249356000.0,-117631000.0,908756000.0,1449325000.0,,15553000.0,,122782000.0,-25079000.0,,-15361000.0,,,,134824000.0,223820000.0,,47267000.0,,,35706000.0,,,-187468000.0,,,40750000.0,-12741000.0,
2010-10-03,1286485000.0,582863000.0,703622000.0,,175323000.0,348955000.0,354667000.0,,340638000.0,21049000.0,319589000.0,1.78,1.45,181239000.0,229389000.0,433915000.0,263881000.0,306522000.0,102848000.0,20017000.0,,,1188103000.0,201486000.0,232348000.0,,130231000.0,16038000.0,1791611000.0,133330000.0,,,401282000.0,80818000.0,10271000.0,,,724275000.0,-102016000.0,-114225000.0,1067336000.0,1791611000.0,,23365000.0,-460000.0,181286000.0,-10794000.0,,-896000.0,,,,390018000.0,478260000.0,,94846000.0,,,53959000.0,,,-412532000.0,,,39920000.0,17178000.0,
2011-04-03,377161000.0,184752000.0,192409000.0,,58229000.0,113910000.0,78499000.0,,73610000.0,5486000.0,94872000.0,0.51,0.41,184720000.0,232080000.0,420267000.0,435575000.0,186254000.0,129692000.0,22634000.0,,,1250797000.0,244466000.0,232969000.0,,115649000.0,16472000.0,1874698000.0,109988000.0,,,333469000.0,58357000.0,9756000.0,,,647266000.0,52996000.0,-123842000.0,1227432000.0,1874698000.0,,7464000.0,,17498000.0,10709000.0,,2540000.0,,,,19618000.0,211289000.0,,188448000.0,,,22131000.0,,,-5942000.0,,,8854000.0,22530000.0,
2011-07-03,787680000.0,380185000.0,407495000.0,,115710000.0,227354000.0,180141000.0,,171339000.0,13325000.0,183930000.0,0.99,0.8,185367000.0,231266000.0,455398000.0,453942000.0,207823000.0,141518000.0,22801000.0,,,1343428000.0,281978000.0,233432000.0,,108357000.0,16644000.0,1998295000.0,106993000.0,,,352986000.0,50064000.0,9973000.0,,,664357000.0,142055000.0,-124094000.0,1333938000.0,1998295000.0,,14682000.0,,39067000.0,15006000.0,,,,,,121583000.0,498541000.0,,420477000.0,,,44467000.0,,,-83469000.0,,3717000.0,19547000.0,57661000.0,
2011-10-02,1132069000.0,554729000.0,577340000.0,,171014000.0,337676000.0,239664000.0,,227843000.0,15084000.0,238675000.0,1.29,1.05,185102000.0,228141000.0,1095163000.0,96536000.0,143523000.0,133339000.0,23176000.0,,,1555824000.0,40712000.0,232576000.0,,101604000.0,17277000.0,1962677000.0,77768000.0,,,293021000.0,39358000.0,9946000.0,,,592790000.0,186531000.0,-122925000.0,1369887000.0,1962677000.0,,22514000.0,,-25233000.0,1034000.0,,,,,,214558000.0,593261000.0,,1112855000.0,,,66623000.0,,,492033000.0,,,-9165000.0,697426000.0,
2012-04-01,396668000.0,205742000.0,190926000.0,,67777000.0,144516000.0,46410000.0,,41244000.0,7680000.0,33564000.0,0.18,0.15,185838000.0,231153000.0,533396000.0,87223000.0,221547000.0,138230000.0,56601000.0,,,1120991000.0,121512000.0,238617000.0,352778000.0,374546000.0,20460000.0,2238148000.0,106381000.0,,,375822000.0,23885000.0,29395000.0,,,689455000.0,217798000.0,4933000.0,1548693000.0,2238148000.0,,10766000.0,7699000.0,92217000.0,-23636000.0,,,,,,11169000.0,80095000.0,,52805000.0,,,27074000.0,,,-54364000.0,,,2855000.0,-40340000.0,
2012-07-01,944952000.0,444520000.0,500432000.0,,141143000.0,296581000.0,203851000.0,,193236000.0,48285000.0,144951000.0,0.78,0.63,186573000.0,230399000.0,589056000.0,105947000.0,346124000.0,137898000.0,56888000.0,,,1316808000.0,133750000.0,248000000.0,352778000.0,356117000.0,20035000.0,2434670000.0,117343000.0,,,425871000.0,22303000.0,37915000.0,,,749240000.0,329187000.0,5267000.0,1685430000.0,2434670000.0,,21396000.0,15937000.0,216794000.0,-21446000.0,,,,,,113261000.0,156771000.0,59405000.0,39715000.0,,,57804000.0,,,-115455000.0,,7600000.0,17514000.0,15320000.0,
2012-09-30,1408346000.0,647714000.0,760632000.0,,211064000.0,448669000.0,311963000.0,,296261000.0,62669000.0,233592000.0,1.25,1.02,187364000.0,230003000.0,485692000.0,344850000.0,205464000.0,134757000.0,58517000.0,,,1311267000.0,178281000.0,261118000.0,349373000.0,337688000.0,17853000.0,2463291000.0,74187000.0,,,349253000.0,30592000.0,30932000.0,,,678048000.0,417828000.0,6343000.0,1785243000.0,2463291000.0,,30634000.0,7076000.0,76134000.0,-25070000.0,,,,,,362233000.0,513057000.0,102635000.0,70937000.0,,,91132000.0,,,-430617000.0,,7600000.0,-19660000.0,-88044000.0,
2012-12-31,1656750000.0,770713000.0,886037000.0,,281500000.0,598669000.0,287368000.0,,265976000.0,48927000.0,217049000.0,1.16,0.94,186878000.0,230246000.0,338920000.0,431516000.0,153423000.0,139410000.0,32476000.0,,,1236061000.0,235872000.0,265782000.0,349272000.0,318867000.0,20209000.0,2429345000.0,58324000.0,,,297828000.0,16227000.0,50201000.0,,,650990000.0,401285000.0,5820000.0,1778355000.0,2429345000.0,142799000.0,39920000.0,5556000.0,24093000.0,-17652000.0,,,,,,404532000.0,751129000.0,171054000.0,95215000.0,,,119080000.0,,,-603940000.0,,8358000.0,-35408000.0,-234816000.0,8084000.0
2013-03-31,280367000.0,126950000.0,153417000.0,,67890000.0,149009000.0,4408000.0,,-1426000.0,-8015000.0,6589000.0,0.03,0.03,189686000.0,234757000.0,305219000.0,404781000.0,166614000.0,149058000.0,83869000.0,,,1207450000.0,246253000.0,264043000.0,349272000.0,300831000.0,18583000.0,2389538000.0,59100000.0,,,417445000.0,15622000.0,50201000.0,,,598273000.0,407874000.0,5799000.0,1791265000.0,2389538000.0,,9023000.0,-6183000.0,13191000.0,4040000.0,,,,,,-36494000.0,124514000.0,119552000.0,21694000.0,,,22547000.0,,,-5815000.0,,,8608000.0,-33701000.0,
2013-06-30,709256000.0,314606000.0,394650000.0,,137120000.0,304334000.0,90316000.0,,80357000.0,13801000.0,73145000.0,0.38,0.31,190569000.0,234909000.0,227601000.0,501148000.0,228208000.0,128204000.0,83789000.0,,,1282203000.0,302846000.0,264876000.0,349272000.0,283728000.0,19051000.0,2506170000.0,67125000.0,,,465070000.0,18240000.0,41429000.0,,,639677000.0,474430000.0,3279000.0,1866493000.0,2506170000.0,,18077000.0,-15230000.0,74785000.0,-26373000.0,,,,,,68977000.0,458070000.0,268546000.0,50255000.0,,,50798000.0,,,-190067000.0,,1584000.0,9771000.0,-111319000.0,
2013-09-29,1142632000.0,493688000.0,648944000.0,,210037000.0,465122000.0,183822000.0,,166483000.0,23879000.0,142604000.0,0.75,0.61,191307000.0,235828000.0,572868000.0,384334000.0,209386000.0,123032000.0,83780000.0,,11873000.0,1494380000.0,202087000.0,275421000.0,349272000.0,265705000.0,19763000.0,2611648000.0,67734000.0,,,487723000.0,17455000.0,37632000.0,,,660147000.0,543889000.0,3855000.0,1951501000.0,2611648000.0,,27227000.0,-19211000.0,55963000.0,-34194000.0,,,,,,223429000.0,657188000.0,401901000.0,332597000.0,,,82925000.0,,,-5615000.0,,807000.0,16134000.0,233948000.0,
2013-12-31,1427933000.0,619132000.0,808801000.0,,279560000.0,618142000.0,190659000.0,,201922000.0,36975000.0,164947000.0,0.86,0.7,190772000.0,235599000.0,341638000.0,586882000.0,157642000.0,137939000.0,37010000.0,,7324000.0,1440277000.0,271078000.0,275236000.0,361792000.0,252291000.0,14591000.0,2629824000.0,62874000.0,,,475632000.0,13306000.0,40686000.0,,,644730000.0,566232000.0,4000000.0,1985094000.0,2629824000.0,150687000.0,36612000.0,-4284000.0,3656000.0,-21170000.0,,,,,,267275000.0,1168621000.0,516499000.0,458120000.0,,14999000.0,106731000.0,,,-281827000.0,,2596000.0,17270000.0,2718000.0,38156000.0
2014-03-30,321010000.0,153963000.0,167047000.0,,78003000.0,163359000.0,3688000.0,,-1873000.0,-2802000.0,929000.0,0.0,0.0,193311000.0,236484000.0,232626000.0,462150000.0,216524000.0,137434000.0,68780000.0,,12249000.0,1261247000.0,272068000.0,278727000.0,361819000.0,234020000.0,10574000.0,2433449000.0,70597000.0,,,273053000.0,13981000.0,50532000.0,,,443619000.0,555512000.0,4890000.0,1989830000.0,2433449000.0,,15233000.0,12699000.0,58882000.0,-2635000.0,,,,,,-25821000.0,257260000.0,280322000.0,101363000.0,,,31197000.0,,,97619000.0,,,-180810000.0,-109012000.0,
2014-06-29,846577000.0,389117000.0,457460000.0,,155492000.0,333105000.0,124355000.0,,121392000.0,20187000.0,102134000.0,0.53,0.47,194408000.0,226526000.0,254625000.0,488439000.0,300767000.0,126874000.0,68460000.0,,4989000.0,1354627000.0,364077000.0,308521000.0,361819000.0,215748000.0,10927000.0,2630663000.0,102214000.0,,,361232000.0,18992000.0,39616000.0,,,529190000.0,656711000.0,5709000.0,2101473000.0,2630663000.0,,23530000.0,-5697000.0,143125000.0,-18469000.0,,,,,,183354000.0,523306000.0,377436000.0,152818000.0,,,91389000.0,,,-80050000.0,,1671000.0,-190317000.0,-87013000.0,
2014-09-28,1324587000.0,606006000.0,718581000.0,,228556000.0,495988000.0,222593000.0,,220189000.0,35106000.0,185083000.0,0.93,0.83,207381000.0,223795000.0,211704000.0,594801000.0,321312000.0,108377000.0,68791000.0,,7304000.0,1401021000.0,374808000.0,335805000.0,361819000.0,197477000.0,9853000.0,2695007000.0,60309000.0,,,329804000.0,23248000.0,35911000.0,,,505099000.0,726889000.0,4859000.0,2189908000.0,2695007000.0,,31873000.0,-8747000.0,163670000.0,-38267000.0,,,,,,317105000.0,844056000.0,495565000.0,236060000.0,,,146352000.0,,,-254392000.0,,1726000.0,-192647000.0,-129934000.0,
2014-12-31,1647824000.0,769016000.0,878808000.0,,319713000.0,782385000.0,96423000.0,,95376000.0,14104000.0,81272000.0,0.4,0.37,202908000.0,222550000.0,294256000.0,533787000.0,151034000.0,105129000.0,41418000.0,,6582000.0,1243846000.0,470789000.0,329038000.0,273438000.0,190600000.0,10419000.0,2538520000.0,47763000.0,,,292406000.0,19929000.0,23315000.0,,,459540000.0,610079000.0,4689000.0,2078980000.0,2538520000.0,152544000.0,40307000.0,-4411000.0,-8060000.0,-51172000.0,,,,,,492062000.0,1578743000.0,570358000.0,859729000.0,,19419000.0,168982000.0,,,-332873000.0,,535000.0,-206571000.0,-47382000.0,25893000.0
2015-04-05,342401000.0,149978000.0,192423000.0,,72041000.0,157299000.0,35124000.0,,42438000.0,9651000.0,32787000.0,0.15,0.15,217187000.0,218812000.0,218945000.0,649219000.0,175783000.0,121051000.0,56715000.0,,6959000.0,1321156000.0,402722000.0,308264000.0,273438000.0,176792000.0,10280000.0,2512182000.0,59831000.0,,,293133000.0,18318000.0,20149000.0,,,454960000.0,579571000.0,6084000.0,2057222000.0,2512182000.0,,7963000.0,-1831000.0,24749000.0,-5960000.0,,,,,,37532000.0,335635000.0,140222000.0,148639000.0,,,21149000.0,,,-62043000.0,,,-50800000.0,-75311000.0,
2015-07-05,855140000.0,364149000.0,490991000.0,,149114000.0,325077000.0,165914000.0,,174574000.0,38908000.0,135666000.0,0.63,0.62,215516000.0,217154000.0,300685000.0,452040000.0,296654000.0,121817000.0,58345000.0,,6596000.0,1316386000.0,275882000.0,291929000.0,495434000.0,279126000.0,13364000.0,2692807000.0,86463000.0,,,402079000.0,25354000.0,38624000.0,,,618585000.0,588472000.0,-3162000.0,2074222000.0,2692807000.0,,15405000.0,-10371000.0,142493000.0,-23500000.0,,,,,,193457000.0,590250000.0,231416000.0,631400000.0,,282332000.0,46110000.0,,,-49372000.0,,892000.0,-137656000.0,6429000.0,
2015-10-04,1321133000.0,571517000.0,749616000.0,,226595000.0,496899000.0,252717000.0,,261981000.0,54863000.0,207118000.0,0.97,0.96,213688000.0,215348000.0,294217000.0,525381000.0,245233000.0,128432000.0,58480000.0,,4135000.0,1336657000.0,257560000.0,275089000.0,498346000.0,260294000.0,13096000.0,2661884000.0,81642000.0,,,395741000.0,29490000.0,35494000.0,,,616279000.0,547993000.0,67000.0,2045605000.0,2661884000.0,,23080000.0,-13973000.0,91117000.0,-33376000.0,,,,,,372606000.0,957606000.0,330363000.0,843734000.0,,282741000.0,66727000.0,,,-126473000.0,,3213000.0,-246172000.0,-39000.0,
2015-12-31,1639578000.0,723935000.0,915643000.0,,306313000.0,672674000.0,242969000.0,,253124000.0,46647000.0,206477000.0,0.98,0.97,211544000.0,213321000.0,264705000.0,477696000.0,211293000.0,153588000.0,35714000.0,,6194000.0,1259968000.0,265928000.0,273414000.0,488413000.0,239831000.0,13080000.0,2548674000.0,92358000.0,,,372857000.0,25745000.0,26663000.0,,,582888000.0,467828000.0,-8144000.0,1965786000.0,2548674000.0,140772000.0,30451000.0,-7124000.0,57267000.0,-15559000.0,,,,,,412841000.0,1424002000.0,360264000.0,1316131000.0,,282741000.0,89878000.0,,,-113722000.0,,4715000.0,-328670000.0,-29551000.0,35218000.0
2016-04-03,430994000.0,200662000.0,230332000.0,,79174000.0,174219000.0,56113000.0,,57192000.0,7206000.0,49986000.0,0.24,0.24,204271000.0,205732000.0,319358000.0,410003000.0,253976000.0,160687000.0,,,3513000.0,1242722000.0,246072000.0,266907000.0,495871000.0,223274000.0,13041000.0,2548974000.0,84104000.0,,,344522000.0,25468000.0,18300000.0,,,553073000.0,476393000.0,5035000.0,1995901000.0,2548974000.0,,7925000.0,-5496000.0,42552000.0,702000.0,,,,,,26748000.0,221778000.0,73458000.0,239370000.0,,,20334000.0,,,70716000.0,,,-42811000.0,54653000.0,
2016-07-03,962787000.0,449584000.0,513203000.0,,160599000.0,688890000.0,-231801000.0,,-230817000.0,-7271000.0,-223546000.0,-1.1,-1.1,203645000.0,203645000.0,381095000.0,442154000.0,349547000.0,129278000.0,,,7681000.0,1412886000.0,282545000.0,264555000.0,237210000.0,122069000.0,13074000.0,2407858000.0,103090000.0,,,455349000.0,26927000.0,16110000.0,,,662279000.0,212068000.0,2293000.0,1745579000.0,2407858000.0,,15457000.0,-21458000.0,138230000.0,-30222000.0,,,,,,207430000.0,437311000.0,128024000.0,334798000.0,,,46593000.0,,,-16031000.0,,,-75009000.0,116390000.0,
2016-10-02,1373261000.0,632700000.0,740561000.0,,239393000.0,859748000.0,-119187000.0,,-113945000.0,-4178000.0,-109767000.0,-0.54,-0.54,203167000.0,203929000.0,297937000.0,598501000.0,163213000.0,115066000.0,,,6393000.0,1285188000.0,357751000.0,261821000.0,238589000.0,114146000.0,12777000.0,2365687000.0,61890000.0,,,369084000.0,26336000.0,16837000.0,,,583543000.0,235597000.0,3385000.0,1782144000.0,2365687000.0,,23012000.0,-42568000.0,-45660000.0,-48601000.0,,,,,,408736000.0,875837000.0,202162000.0,466744000.0,,,66252000.0,,,-268132000.0,,3399000.0,-109853000.0,33232000.0,
2016-12-31,1753250000.0,793683000.0,959567000.0,,315682000.0,1019582000.0,-60015000.0,,-55060000.0,-11639000.0,-43421000.0,-0.21,-0.21,202578000.0,202578000.0,307884000.0,871024000.0,192444000.0,135958000.0,95261000.0,,8039000.0,1623803000.0,433843000.0,253821000.0,223343000.0,100401000.0,12165000.0,2762493000.0,95362000.0,,,372696000.0,23463000.0,12144000.0,,,933834000.0,230292000.0,-20214000.0,1828659000.0,2762493000.0,120009000.0,30750000.0,-62936000.0,-18325000.0,-34263000.0,,,,,,445799000.0,1656267000.0,243232000.0,852794000.0,,,85272000.0,,,-640462000.0,,6198000.0,237842000.0,43179000.0,40424000.0
2017-04-02,456913000.0,191980000.0,264933000.0,,84906000.0,171551000.0,93382000.0,,92016000.0,6795000.0,85221000.0,0.43,0.42,200005000.0,201936000.0,324746000.0,895578000.0,314962000.0,203278000.0,,,8602000.0,1854153000.0,262061000.0,253548000.0,230065000.0,94843000.0,12175000.0,2842280000.0,121417000.0,,,393057000.0,25983000.0,11255000.0,,,922427000.0,300302000.0,-10901000.0,1919853000.0,2842280000.0,,8945000.0,-3477000.0,123792000.0,62152000.0,,,,,,-61121000.0,153317000.0,88184000.0,213593000.0,,,22066000.0,,,126394000.0,,,-50006000.0,16862000.0,
2017-07-02,1153814000.0,497662000.0,656152000.0,,174037000.0,352864000.0,303288000.0,,298893000.0,38696000.0,260197000.0,1.3,1.29,199390000.0,201732000.0,598349000.0,809338000.0,405946000.0,153645000.0,,,6787000.0,2080025000.0,212501000.0,258017000.0,242215000.0,90603000.0,12429000.0,3030225000.0,103454000.0,,,439207000.0,32679000.0,10714000.0,,,981577000.0,404978000.0,5915000.0,2048648000.0,3030225000.0,,17312000.0,-3563000.0,214189000.0,8149000.0,,,,,,169192000.0,334819000.0,307607000.0,313254000.0,,,45967000.0,,,240075000.0,,,-120526000.0,290465000.0,
2017-10-01,1657191000.0,706253000.0,950938000.0,,260282000.0,518920000.0,432018000.0,,426329000.0,62713000.0,363616000.0,1.83,1.81,198755000.0,201413000.0,418677000.0,1217830000.0,268068000.0,125183000.0,,,5021000.0,2140088000.0,211943000.0,259080000.0,249277000.0,85729000.0,12028000.0,3089327000.0,79429000.0,,,431375000.0,31686000.0,10543000.0,,,979430000.0,438201000.0,16001000.0,2109897000.0,3089327000.0,,25620000.0,-679000.0,75623000.0,-23770000.0,,,,,,479022000.0,1036523000.0,473255000.0,443169000.0,,,73247000.0,,,-188282000.0,,,-182723000.0,110793000.0,
2017-12-31,2136606000.0,912734000.0,1223872000.0,,348287000.0,693844000.0,530028000.0,,524412000.0,266720000.0,257692000.0,1.3,1.28,198069000.0,201641000.0,429843000.0,1347979000.0,272783000.0,107525000.0,77306000.0,,,2270281000.0,125926000.0,268447000.0,252011000.0,79088000.0,12275000.0,3109545000.0,86393000.0,,,454336000.0,30127000.0,6720000.0,148075000.0,,1155899000.0,272013000.0,18776000.0,1953646000.0,3109545000.0,108075000.0,34097000.0,37105000.0,80584000.0,-44960000.0,,,,,,626495000.0,1391917000.0,701681000.0,527746000.0,,,105375000.0,,,-262801000.0,,,-245189000.0,121959000.0,53775000.0
2018-04-01,487467000.0,217635000.0,269832000.0,,90505000.0,172298000.0,97534000.0,,95820000.0,8846000.0,86974000.0,0.45,0.43,195255000.0,203484000.0,637873000.0,860526000.0,413978000.0,131857000.0,,,,2156425000.0,89259000.0,281284000.0,275700000.0,84413000.0,12479000.0,2995193000.0,103950000.0,,,391325000.0,21726000.0,6185000.0,160181000.0,,1090210000.0,216120000.0,25881000.0,1904983000.0,2995193000.0,,9544000.0,8696000.0,140747000.0,21017000.0,,,,,,-81930000.0,490324000.0,212698000.0,800671000.0,,25356000.0,34797000.0,,,462892000.0,,,-174410000.0,208030000.0,
2018-07-01,1014396000.0,437230000.0,577166000.0,,189916000.0,359233000.0,217933000.0,,215831000.0,27821000.0,188010000.0,0.97,0.94,192992000.0,199197000.0,480384000.0,712309000.0,454122000.0,135550000.0,,,,1894185000.0,111417000.0,285302000.0,388625000.0,148173000.0,12192000.0,2931720000.0,102737000.0,,,452310000.0,25375000.0,22281000.0,147360000.0,,1191780000.0,74270000.0,-3504000.0,1739940000.0,2931720000.0,,17625000.0,17312000.0,179403000.0,21283000.0,,,,,,49921000.0,647071000.0,469862000.0,829053000.0,,170632000.0,62663000.0,,,418549000.0,,,-418118000.0,50541000.0,
2018-09-30,1581244000.0,670385000.0,910859000.0,,290115000.0,549332000.0,361527000.0,,356675000.0,48684000.0,307991000.0,1.62,1.57,190576000.0,196300000.0,814019000.0,418410000.0,352476000.0,154705000.0,,,,1879395000.0,91982000.0,278071000.0,392998000.0,139963000.0,11421000.0,2882487000.0,107890000.0,,,458412000.0,29387000.0,21748000.0,147360000.0,,1214727000.0,-23243000.0,3524000.0,1667760000.0,2882487000.0,,25327000.0,24442000.0,77807000.0,34117000.0,,,,,,290505000.0,809521000.0,934100000.0,843164000.0,,169474000.0,88269000.0,,,719046000.0,,,-626036000.0,384176000.0,
2018-12-31,2100802000.0,880408000.0,1220394000.0,,390669000.0,746597000.0,473797000.0,,467801000.0,16022000.0,451779000.0,2.41,2.35,187672000.0,192605000.0,926752000.0,190096000.0,291267000.0,153541000.0,50186000.0,,,1732482000.0,87731000.0,279821000.0,381850000.0,125482000.0,11509000.0,2706606000.0,100688000.0,,,476287000.0,32750000.0,20662000.0,83891000.0,,1184252000.0,-158191000.0,-13040000.0,1522354000.0,2706606000.0,113224000.0,33577000.0,28340000.0,17938000.0,29498000.0,,,,13379000.0,,476881000.0,918744000.0,1270439000.0,846122000.0,,169474000.0,114379000.0,,,923010000.0,,,-903421000.0,496909000.0,72811000.0
2019-03-31,494099000.0,206464000.0,287635000.0,,102013000.0,194550000.0,93085000.0,,93979000.0,-15159000.0,109138000.0,0.63,0.62,173532000.0,176972000.0,483728000.0,421088000.0,333840000.0,161342000.0,,,,1594042000.0,91926000.0,283300000.0,379513000.0,119372000.0,11279000.0,2616643000.0,118816000.0,,,441968000.0,32843000.0,19614000.0,83891000.0,,1146415000.0,-215607000.0,-15706000.0,1470228000.0,2616643000.0,,9474000.0,1206000.0,41706000.0,2917000.0,,,,6455000.0,,18016000.0,375184000.0,141201000.0,5440000.0,,6970000.0,25711000.0,,,-260951000.0,,,-199760000.0,-443024000.0,
2019-06-30,1058277000.0,446724000.0,611553000.0,,210824000.0,384474000.0,227079000.0,,225156000.0,33780000.0,206535000.0,1.2,1.16,172387000.0,178590000.0,495107000.0,400227000.0,372199000.0,164461000.0,,,,1616826000.0,99001000.0,295895000.0,383936000.0,109494000.0,25712000.0,2671514000.0,103449000.0,,,467000000.0,37365000.0,17800000.0,88884000.0,,1192102000.0,-222513000.0,-7591000.0,1479412000.0,2671514000.0,,18109000.0,515000.0,79478000.0,2447000.0,,,,15826000.0,,163274000.0,484181000.0,233193000.0,42454000.0,,,58956000.0,,,-289187000.0,,,-305213000.0,-431645000.0,
2019-09-29,1640315000.0,683724000.0,956591000.0,,319990000.0,574591000.0,382000000.0,,376889000.0,34494000.0,342395000.0,2.0,1.92,171471000.0,180494000.0,593939000.0,342538000.0,357886000.0,178203000.0,,,,1654579000.0,103558000.0,307567000.0,370717000.0,96573000.0,22724000.0,2698791000.0,117936000.0,,,493711000.0,42592000.0,15390000.0,83782000.0,,1216156000.0,-226390000.0,-24221000.0,1482635000.0,2698791000.0,,28822000.0,-2977000.0,66789000.0,14143000.0,,,,27779000.0,,362422000.0,605539000.0,393472000.0,60274000.0,,,96048000.0,,,-266899000.0,,,-427936000.0,-332813000.0,
2019-12-31,2294965000.0,955136000.0,1339829000.0,,437084000.0,786175000.0,553654000.0,,525772000.0,58304000.0,467468000.0,2.74,2.6,170425000.0,179459000.0,773924000.0,137303000.0,362368000.0,196691000.0,61115000.0,,,1658884000.0,104490000.0,320216000.0,416431000.0,125480000.0,10332000.0,2787014000.0,126617000.0,,,539029000.0,45974000.0,14070000.0,82642000.0,,1306856000.0,-241918000.0,-18854000.0,1480158000.0,2787014000.0,120655000.0,37897000.0,-9456000.0,70440000.0,27408000.0,,,,39313000.0,,578750000.0,662701000.0,611927000.0,105586000.0,,,134642000.0,,,-156660000.0,,,-574349000.0,-152828000.0,81410000.0
2020-03-29,704355000.0,298805000.0,405550000.0,,111388000.0,198832000.0,206718000.0,,197069000.0,20878000.0,176191000.0,1.06,0.97,166589000.0,180736000.0,593494000.0,211001000.0,487365000.0,182978000.0,,,,1702578000.0,100513000.0,332241000.0,409933000.0,114321000.0,9272000.0,2820388000.0,129633000.0,,,513961000.0,50791000.0,11628000.0,82820000.0,,1269715000.0,-164323000.0,-27113000.0,1550673000.0,2820388000.0,,10460000.0,-1825000.0,126779000.0,-15818000.0,,,,-913000.0,,43102000.0,187119000.0,98457000.0,15005000.0,,-149000.0,36700000.0,,,-110208000.0,,,-113895000.0,-180430000.0,
2020-06-28,1543016000.0,665993000.0,877023000.0,,224647000.0,452356000.0,424667000.0,,414359000.0,49261000.0,365098000.0,2.2,2.02,166189000.0,180497000.0,725431000.0,229791000.0,694521000.0,206088000.0,,,,2094007000.0,106968000.0,353595000.0,422003000.0,107563000.0,11854000.0,3249189000.0,184163000.0,,,729713000.0,55634000.0,,74930000.0,,1504638000.0,1610000.0,-8500000.0,1744551000.0,3249189000.0,,21367000.0,-7163000.0,331040000.0,3728000.0,,,,28655000.0,,265999000.0,299548000.0,182984000.0,26661000.0,,-149000.0,84014000.0,,,-173222000.0,,,-140345000.0,-48493000.0,
2020-09-27,2362500000.0,1026549000.0,1335951000.0,,340488000.0,641625000.0,694326000.0,,678089000.0,90274000.0,587815000.0,3.54,3.23,166131000.0,184338000.0,945180000.0,287789000.0,587243000.0,191317000.0,,,,2243632000.0,108254000.0,386170000.0,435252000.0,103672000.0,11650000.0,3436512000.0,150427000.0,,,671840000.0,59099000.0,,74930000.0,,1442968000.0,207710000.0,8248000.0,1993544000.0,3436512000.0,,33028000.0,-4547000.0,222015000.0,-16998000.0,,,,36589000.0,,608511000.0,488428000.0,309407000.0,32611000.0,,-149000.0,146872000.0,,,-292587000.0,,,-143394000.0,171256000.0,
2020-12-31,3121469000.0,1335728000.0,1785741000.0,,464769000.0,857334000.0,928407000.0,,901015000.0,116900000.0,784147000.0,4.72,4.28,166120000.0,183042000.0,914121000.0,522280000.0,497506000.0,222189000.0,77092000.0,,,2415434000.0,117980000.0,394800000.0,453859000.0,100939000.0,9384000.0,3652346000.0,133663000.0,,,700871000.0,58359000.0,,74930000.0,,1441541000.0,387414000.0,33516000.0,2207018000.0,3652346000.0,126743000.0,44906000.0,-15688000.0,129451000.0,8438000.0,,,,39974000.0,,868935000.0,900196000.0,479678000.0,35006000.0,,-149000.0,184977000.0,,,-569794000.0,,,-158286000.0,140197000.0,106577000.0
2021-04-04,781606000.0,319988000.0,461618000.0,,129797000.0,228605000.0,233013000.0,,223993000.0,18481000.0,205512000.0,1.23,1.09,166491000.0,187740000.0,831149000.0,478293000.0,581509000.0,262474000.0,,,,2501103000.0,115620000.0,402465000.0,437601000.0,92850000.0,8942000.0,3719717000.0,177473000.0,,,686842000.0,55138000.0,,74930000.0,,1393931000.0,529103000.0,8677000.0,2324553000.0,3719717000.0,,12232000.0,-1057000.0,87512000.0,35870000.0,,,,7952000.0,,38139000.0,211604000.0,194228000.0,61293000.0,,,39250000.0,,,4667000.0,,,-126661000.0,-82972000.0,
2021-07-04,1867334000.0,758727000.0,1108607000.0,,269984000.0,486722000.0,621885000.0,,608019000.0,74188000.0,533831000.0,3.21,2.85,166243000.0,187245000.0,954441000.0,282121000.0,868457000.0,226138000.0,,,,2699472000.0,181560000.0,395395000.0,441597000.0,88121000.0,21320000.0,4000922000.0,156103000.0,,,985362000.0,58534000.0,,67041000.0,,1486280000.0,684952000.0,15322000.0,2493256000.0,4000922000.0,,23231000.0,-800000.0,372698000.0,-19908000.0,,,,15189000.0,,244423000.0,398086000.0,460213000.0,116112000.0,,,73957000.0,,,92282000.0,,,-295896000.0,40320000.0,
2021-10-03,2817835000.0,1138227000.0,1679608000.0,,404812000.0,735323000.0,944285000.0,,905774000.0,115225000.0,790549000.0,4.77,4.26,165690000.0,185492000.0,1079454000.0,233397000.0,597124000.0,224242000.0,,,,2521184000.0,136664000.0,390545000.0,433398000.0,81677000.0,23340000.0,3762182000.0,154912000.0,,,753609000.0,60022000.0,,67041000.0,,1221808000.0,712437000.0,4217000.0,2537493000.0,3762182000.0,,34649000.0,-10732000.0,103299000.0,-21943000.0,,,,8699000.0,,767083000.0,509470000.0,571277000.0,209437000.0,,,103162000.0,,,156082000.0,,,-757343000.0,165333000.0,
2021-12-31,3702881000.0,1496225000.0,2206656000.0,,547559000.0,1005936000.0,1200720000.0,,1160955000.0,146400000.0,1014589000.0,6.15,5.53,164960000.0,183625000.0,1122199000.0,,550749000.0,243330000.0,96101000.0,,9452000.0,2576227000.0,,387240000.0,426024000.0,75635000.0,24096000.0,3809425000.0,153133000.0,,,805120000.0,54921000.0,,67041000.0,,1245469000.0,736566000.0,-5948000.0,2562444000.0,3809425000.0,125485000.0,45643000.0,-17305000.0,57778000.0,-6495000.0,,,,9873000.0,,1098366000.0,,660148000.0,,,12000000.0,132472000.0,,,120361000.0,,,-1008584000.0,208078000.0,172134000.0
2022-04-03,755370000.0,300437000.0,454933000.0,,140185000.0,269078000.0,185855000.0,,180359000.0,18431000.0,161928000.0,1.0,0.92,162048000.0,175575000.0,794603000.0,,546881000.0,259341000.0,,,12127000.0,2374382000.0,,399485000.0,419888000.0,69846000.0,23480000.0,3609154000.0,156493000.0,,,712199000.0,51698000.0,,67041000.0,,1134622000.0,762189000.0,-19479000.0,2474532000.0,3609154000.0,,12894000.0,11288000.0,-208000.0,9480000.0,,,,6747000.0,,7462000.0,,96682000.0,,,,43999000.0,,,-82713000.0,,,-254627000.0,-327596000.0,
2022-07-03,1596136000.0,634814000.0,961322000.0,,279718000.0,527477000.0,433845000.0,,418951000.0,59236000.0,359715000.0,2.24,2.07,160805000.0,173367000.0,572023000.0,,683739000.0,295625000.0,,,11109000.0,2270435000.0,,411263000.0,397733000.0,62509000.0,26942000.0,3488426000.0,175606000.0,,,797385000.0,50357000.0,,59135000.0,,1189830000.0,610234000.0,-52959000.0,2298596000.0,3488426000.0,,25122000.0,-23597000.0,146384000.0,46682000.0,,,,14163000.0,,122917000.0,,139652000.0,,,,89743000.0,,,-54330000.0,,,-626777000.0,-550176000.0,
2022-10-02,2423209000.0,976508000.0,1446701000.0,,415351000.0,781349000.0,665352000.0,,645148000.0,101948000.0,543200000.0,3.41,3.17,159325000.0,171156000.0,710746000.0,,530349000.0,310754000.0,,,7717000.0,2127554000.0,,415181000.0,375799000.0,55580000.0,29311000.0,3319906000.0,167975000.0,,,701941000.0,48488000.0,,59135000.0,,1065781000.0,572652000.0,-84779000.0,2254125000.0,3319906000.0,,37420000.0,-28373000.0,-4248000.0,68817000.0,,,,-5896000.0,,394521000.0,,259200000.0,,,,128672000.0,,,45445000.0,,,-858837000.0,-411453000.0,
2022-12-31,3155045000.0,1287894000.0,1867151000.0,,558103000.0,1035212000.0,831939000.0,,840385000.0,124900000.0,715501000.0,4.52,4.22,158434000.0,169734000.0,854773000.0,,491145000.0,325019000.0,139517000.0,,14404000.0,2257915000.0,,418683000.0,403195000.0,53478000.0,28925000.0,3501252000.0,139722000.0,,,746263000.0,45131000.0,,59135000.0,,1049958000.0,725729000.0,-49868000.0,2451294000.0,3501252000.0,110675000.0,48228000.0,-38693000.0,-50628000.0,80809000.0,,,,-6233000.0,,577923000.0,,222941000.0,,,0.0,163249000.0,,,43751000.0,,,-892989000.0,-267426000.0,193246000.0
2023-04-02,617529000.0,261109000.0,356420000.0,,150955000.0,263556000.0,92864000.0,,97084000.0,13553000.0,83531000.0,0.54,0.5,155904000.0,166308000.0,649208000.0,,455334000.0,352058000.0,,,13367000.0,2111976000.0,,432381000.0,409828000.0,49246000.0,27922000.0,3383407000.0,142382000.0,,,628092000.0,41797000.0,,59135000.0,,933945000.0,694145000.0,-36466000.0,2449462000.0,3383407000.0,,18885000.0,-7634000.0,-37204000.0,23697000.0,,,,-32705000.0,,19336000.0,,7468000.0,,,,41444000.0,,,-94863000.0,,,-129501000.0,-205565000.0,
2023-07-02,1301966000.0,543054000.0,758912000.0,,296650000.0,526140000.0,232772000.0,,241486000.0,37905000.0,203581000.0,1.31,1.23,155332000.0,165530000.0,613208000.0,,493234000.0,347295000.0,,,14222000.0,2123840000.0,,437077000.0,412110000.0,44611000.0,32699000.0,3394896000.0,153157000.0,,,669785000.0,38999000.0,,44331000.0,,960013000.0,661496000.0,-30472000.0,2434883000.0,3394896000.0,,32449000.0,-13571000.0,2693000.0,13845000.0,,,,-34938000.0,,162104000.0,,21997000.0,,,,80702000.0,,,-121686000.0,,,-283196000.0,-241565000.0,
2023-10-01,2005699000.0,848495000.0,1157204000.0,,434979000.0,780459000.0,376745000.0,,385767000.0,54069000.0,331698000.0,2.14,2.01,154809.0,165037.0,636961000.0,,455878000.0,322632000.0,,,10952000.0,2099359000.0,,436449000.0,401140000.0,39165000.0,37581000.0,3370655000.0,176117000.0,,,640659000.0,34405000.0,,44331000.0,,929355000.0,653937000.0,-47928000.0,2441300000.0,3370655000.0,,45236000.0,-24026000.0,-30191000.0,-6395000.0,,,,-49517000.0,,336451000.0,,71447000.0,,,,115306000.0,,,-149222000.0,,,-410810000.0,-217812000.0,
2023-12-31,2676298000.0,1139550000.0,1536748000.0,,577315000.0,1035680000.0,501068000.0,,525572000.0,76820000.0,448752000.0,2.91,2.73,154310000.0,164304000.0,757571000.0,,422124000.0,309974000.0,175592000.0,,37992000.0,2162035000.0,,445492000.0,415652000.0,35404000.0,38580000.0,3486824000.0,180131000.0,,,659951000.0,37282000.0,,44331000.0,,960927000.0,706514000.0,-26978000.0,2525897000.0,3486824000.0,110886000.0,57682000.0,-37642000.0,-70977000.0,-5327000.0,,,,-57210000.0,,585231000.0,,85042000.0,,,0.0,159642000.0,,,-179645000.0,,,-501912000.0,-97202000.0,140239000.0
2024-03-31,599819000.0,260537000.0,339282000.0,,149188000.0,261511000.0,77771000.0,,72902000.0,8705000.0,64197000.0,0.42,0.4,153047000.0,162348000.0,707403000.0,,426333000.0,314232000.0,,,16057000.0,2065393000.0,,457248000.0,407576000.0,30234000.0,45098000.0,3410720000.0,153873000.0,,,554359000.0,35044000.0,,44331000.0,,852891000.0,730260000.0,-39739000.0,2557829000.0,3410720000.0,,15758000.0,-9669000.0,8055000.0,6932000.0,,,,-1444000.0,,7279000.0,,14438000.0,,,,44023000.0,,,-24020000.0,,,-36668000.0,-50168000.0,
2024-06-30,1329698000.0,564572000.0,765126000.0,,303658000.0,476988000.0,288138000.0,,292305000.0,41835000.0,250470000.0,1.61,1.54,157804000.0,163470000.0,421904000.0,,470297000.0,288748000.0,,,20884000.0,1756393000.0,,472457000.0,405110000.0,25465000.0,47923000.0,3631706000.0,160808000.0,,,626374000.0,36146000.0,,24596000.0,,900894000.0,889340000.0,-44104000.0,2730812000.0,3631706000.0,,30693000.0,-16830000.0,54211000.0,-17102000.0,,,,2739000.0,,223348000.0,,26858000.0,,,,88869000.0,,,-505087000.0,,,-59274000.0,-335667000.0,
2024-09-29,2066996000.0,865357000.0,1201639000.0,,461307000.0,761436000.0,440203000.0,,451289000.0,54095000.0,396119000.0,2.51,2.42,163002000.0,164253000.0,510036000.0,,484376000.0,297340000.0,,,15935000.0,1838866000.0,,491704000.0,419412000.0,21288000.0,48384000.0,3769728000.0,158459000.0,,,594896000.0,41135000.0,,24596000.0,,867186000.0,990039000.0,-4028000.0,2902542000.0,3769728000.0,,45267000.0,-26261000.0,65266000.0,-11127000.0,,,,3624000.0,,389619000.0,,33163000.0,,,,140710000.0,,,-554883000.0,,,-88557000.0,-247535000.0,
,,,,,,,,,,,,,,,,,,,,,,,,,,,,,,,,,,,,,,,,,,,,,,,,,,,,,,,,,,,,,,,,,,,
,,,,,,,,,,,,,,,,,,,,,,,,,,,,,,,,,,,,,,,,,,,,,,,,,,,,,,,,,,,,,,,,,,,
