Date,Net sales,Cost of sales,Gross margin,Research and development,"Selling, general and administrative",Total operating expenses,Operating income,"Other income/(expense), net",Income before provision for income taxes,Provision for income taxes,Net income,Earnings per share basic,Earnings per share diluted,Weighted-average basic,Weighted-average diluted,Cash and cash equivalents,Short-term marketable securities,"Accounts receivable, net",Inventories,Deferred tax assets,Vendor non-trade receivables,Other current assets,Total current assets,Long-term marketable securities,"Property, Plant and Equipment, Net",Goodwill,"Acquired intangible assets, net","Other Assets, Noncurrent",Total assets,accounts payable,Accrued expenses,Deferred revenue,Total current liabilities,Deferred revenue - non-current,deferred tax liabilities,long term taxes payable,Total other non-current liabilities,Total liabilities,Retained Earnings (Accumulated Deficit),Accumulated other comprehensive (loss)/income,Total shareholders equity,Total liabilities and shareholders' equity,"Depreciation, amortization and accretion",Stock-based compensation expense,Deferred income tax expense,"Increase (Decrease) in Accounts receivable, net",Increase (Decrease) in Inventories,Increase (Decrease) in Other Receivables,Increase (Decrease) in Other Operating Assets,Increase (Decrease) in Accounts Payable,Increase (Decrease) in Deferred Revenue,Increase (Decrease) Other liabilities,Cash generated by operating activities,Purchases of marketable securities,Proceeds from maturities of marketable securities,Proceeds from sales of marketable securities,Purchases of other long-term investments,"Business acquisitions, net of cash acquired",Cash payments for capital asset purchases,Payments for acquisition of intangible assets,Payments for (Proceeds from) Other Investing Activities,Cash used in investing activities,Proceeds from issuance of common stock,Excess tax benefits from stock-based compensation,Cash generated/used in financing activities,Increase/(decrease) in cash and cash equivalents,"Cash paid for income taxes, net"
2009-12-31,,,,,,,,,1036000000.0,159000000.0,,1.16,1.15,629583000.0,635619000.0,2649000000.0,,,,,,,,,1583000000.0,6053000000.0,640000000.0,,165764000000.0,,,,,,,,,149523000000.0,7539000000.0,-417000000.0,,165764000000.0,,62000000.0,,,,,1058000000.0,,,,-493000000.0,22102000000.0,7918000000.0,17074000000.0,,-4475000000.0,174000000.0,,-30000000.0,7233000000.0,2727000000.0,,-6831000000.0,-91000000.0,431000000.0
2010-03-31,,,,,,,,,242000000.0,48000000.0,,0.27,0.27,690792000.0,698675000.0,2238000000.0,,,,,,,,,1798000000.0,6055000000.0,601000000.0,,163700000000.0,,,,,,,,,147172000000.0,7624000000.0,-292000000.0,,163700000000.0,,16000000.0,,,,,1155000000.0,,,,637000000.0,1563000000.0,1694000000.0,787000000.0,,5000000.0,263000000.0,,-12000000.0,453000000.0,51000000.0,,-1501000000.0,-411000000.0,636000000.0
2010-09-30,,,,,,,,,737000000.0,100000000.0,,0.88,0.87,693017000.0,701535000.0,2454000000.0,,,,,,,,,1831000000.0,6013000000.0,,,157230000000.0,,,,,,,,,140443000000.0,7833000000.0,-335000000.0,,157230000000.0,,58000000.0,,,,,1840000000.0,,,,2344000000.0,19001000000.0,4279000000.0,24737000000.0,,6000000.0,370000000.0,,-69000000.0,7050000000.0,92000000.0,,-9589000000.0,-195000000.0,873000000.0
2010-12-31,,,,,,,,,969000000.0,115000000.0,,1.18,1.16,692489000.0,701039000.0,2385000000.0,,,,856000000.0,,,,,1840000000.0,6008000000.0,,,157081000000.0,,,,,,,,,140583000000.0,7935000000.0,-747000000.0,,157081000000.0,,79000000.0,-66000000.0,,,,2006000000.0,,,,2898000000.0,26598000000.0,6049000000.0,31334000000.0,,7000000.0,428000000.0,,-88000000.0,5979000000.0,110000000.0,,-9141000000.0,-264000000.0,972000000.0
2011-03-31,,,,,,,,,287000000.0,53000000.0,,0.32,0.32,695309000.0,704101000.0,2200000000.0,,,,,,,,,1830000000.0,6014000000.0,,,157039000000.0,,,,,,,,,140369000000.0,8042000000.0,-706000000.0,,157039000000.0,,24000000.0,,,,,-126000000.0,,,,2031000000.0,4165000000.0,1105000000.0,115000000.0,,6000000.0,48000000.0,,-23000000.0,-2275000000.0,4000000.0,,59000000.0,-185000000.0,5000000.0
2011-06-30,,,,,,,,,705000000.0,144000000.0,,0.76,0.76,696625000.0,704969000.0,2786000000.0,,,,,,,,,1846000000.0,6016000000.0,,,159310000000.0,,,,,,,,,142261000000.0,8241000000.0,-574000000.0,,159310000000.0,,49000000.0,,,,,-214000000.0,,,,3853000000.0,6250000000.0,1728000000.0,330000000.0,,,104000000.0,,-53000000.0,-4939000000.0,17000000.0,,1487000000.0,401000000.0,-236000000.0
2011-09-30,,,,,,,,,1144000000.0,212000000.0,,1.29,1.27,697052000.0,705604000.0,4404000000.0,,,,,,,,,1864000000.0,6016000000.0,,,167677000000.0,,,,,,,,,150136000000.0,8493000000.0,-356000000.0,,167677000000.0,,73000000.0,,,,,-126000000.0,,,,4348000000.0,11605000000.0,2395000000.0,401000000.0,,,176000000.0,,-70000000.0,-10838000000.0,22000000.0,,8509000000.0,2019000000.0,-209000000.0
2011-12-31,,,,,,,,,1628000000.0,296000000.0,,1.85,1.83,696532000.0,705168000.0,4344000000.0,,,,642000000.0,,,,,1855000000.0,6078000000.0,,,174579000000.0,,,,,,,,,157099000000.0,8772000000.0,-713000000.0,,174579000000.0,,98000000.0,185000000.0,,,,55000000.0,,,,4565000000.0,13926000000.0,3271000000.0,4006000000.0,,86000000.0,224000000.0,,-106000000.0,-17826000000.0,22000000.0,,15220000000.0,1959000000.0,-82000000.0
2012-03-31,,,,,,,,,634000000.0,189000000.0,,0.62,0.61,697685000.0,707369000.0,4052000000.0,,,,,,,,,1822000000.0,6077000000.0,,,174752000000.0,,,,,,,,,156870000000.0,9064000000.0,-616000000.0,,174752000000.0,,25000000.0,,,,,-52000000.0,,,,1873000000.0,2859000000.0,851000000.0,109000000.0,,,21000000.0,,-14000000.0,-2255000000.0,-9000000.0,,90000000.0,-292000000.0,60000000.0
2012-06-30,,,,,,,,,1363000000.0,380000000.0,,1.35,1.33,698579000.0,708454000.0,3867000000.0,,,,,,,,,1816000000.0,6428000000.0,,,178529000000.0,,,,,,,,,159603000000.0,9433000000.0,-541000000.0,,178529000000.0,,51000000.0,,,,,677000000.0,,,,2635000000.0,4400000000.0,1782000000.0,153000000.0,,555000000.0,61000000.0,,-78000000.0,-5099000000.0,-3000000.0,,1987000000.0,-477000000.0,317000000.0
2012-09-30,,,,,,,,,2036000000.0,557000000.0,,2.02,1.99,699091000.0,709875000.0,3503000000.0,,,,,,,,,1940000000.0,6718000000.0,,,182021000000.0,,,,,,,,,161489000000.0,9761000000.0,-409000000.0,,182021000000.0,,79000000.0,,,,,653000000.0,,,,2670000000.0,4453000000.0,2959000000.0,249000000.0,,-692000000.0,117000000.0,,-95000000.0,-3274000000.0,12000000.0,,-237000000.0,-841000000.0,344000000.0
2012-12-31,,,,,,,,,2792000000.0,764000000.0,,2.74,2.7,698739000.0,708877000.0,3753000000.0,,,,51000000.0,,,,,1888000000.0,6804000000.0,,,183872000000.0,,,,,,,,,162649000000.0,10129000000.0,-559000000.0,,183872000000.0,,97000000.0,443000000.0,,,,381000000.0,,,,3698000000.0,7026000000.0,4396000000.0,303000000.0,,-675000000.0,145000000.0,,-83000000.0,-7085000000.0,15000000.0,,2796000000.0,-591000000.0,347000000.0
2013-03-31,,,,,,,,,737000000.0,481000000.0,,0.3,0.29,700275000.0,711020000.0,3212000000.0,,,,,,,,,1880000000.0,6823000000.0,,,180837000000.0,,,,,,,,,159608000000.0,10178000000.0,-612000000.0,,180837000000.0,,25000000.0,,,,,-247000000.0,,,,465000000.0,1226000000.0,1668000000.0,421000000.0,,6000000.0,56000000.0,,-43000000.0,1459000000.0,-15000000.0,,-2465000000.0,-541000000.0,91000000.0
2013-06-30,,,,,,,,,1534000000.0,702000000.0,,1.08,1.06,702082000.0,712861000.0,2379000000.0,,,,,,,,,1893000000.0,6824000000.0,,,182735000000.0,,,,,,,,,160739000000.0,10564000000.0,-784000000.0,,182735000000.0,,60000000.0,,,,,421000000.0,,,,2308000000.0,4371000000.0,3408000000.0,931000000.0,,6000000.0,165000000.0,,-398000000.0,-1791000000.0,,,-1177000000.0,-660000000.0,369000000.0
2013-09-30,,,,,,,,,2293000000.0,1152000000.0,,1.46,1.44,704134000.0,716101000.0,2469000000.0,,,,,,,,,1876000000.0,6823000000.0,,,181050000000.0,,,,,,,,,158956000000.0,10669000000.0,-860000000.0,,181050000000.0,,85000000.0,,,,,771000000.0,,,,1750000000.0,4667000000.0,5101000000.0,988000000.0,,6000000.0,216000000.0,,-507000000.0,-17000000.0,,,-2303000000.0,-570000000.0,510000000.0
2013-12-31,,,,,,,,,3124000000.0,1395000000.0,,2.22,2.19,703042000.0,714363000.0,2165000000.0,,,,-153000000.0,,,,,1869000000.0,6814000000.0,,,183010000000.0,,,,,,,,,160201000000.0,11044000000.0,-593000000.0,,183010000000.0,,96000000.0,288000000.0,,,,273000000.0,,,,5339000000.0,6463000000.0,6214000000.0,2209000000.0,,6000000.0,,,-503000000.0,-4240000000.0,,,-1973000000.0,-874000000.0,677000000.0
2014-03-31,,,,,,,,,795000000.0,217000000.0,,0.7,0.69,712842000.0,724283000.0,2220000000.0,,,,,,,,,1854000000.0,6824000000.0,,,184651000000.0,,,,,,,,,161095000000.0,11382000000.0,-500000000.0,,184651000000.0,,20000000.0,,,,,-71000000.0,,,,632000000.0,275000000.0,940000000.0,1080000000.0,,10000000.0,,,-168000000.0,-1665000000.0,245000000.0,,1088000000.0,55000000.0,47000000.0
2014-06-30,,,,,,,,,1446000000.0,390000000.0,,1.29,1.27,719080000.0,728452000.0,2448000000.0,,,,,,,,,1857000000.0,6868000000.0,,,188012000000.0,,,,,,,,,164047000000.0,11634000000.0,-406000000.0,,188012000000.0,,56000000.0,,,,,-366000000.0,,,,877000000.0,1644000000.0,1921000000.0,1172000000.0,,-1025000000.0,,,-270000000.0,-3542000000.0,,,2948000000.0,283000000.0,384000000.0
2014-09-30,,,,,,,,,2141000000.0,524000000.0,,2.02,1.99,720117000.0,729989000.0,2017000000.0,,,,,,,,,1842000000.0,6869000000.0,,,187022000000.0,,,,,,,,,162708000000.0,11982000000.0,-442000000.0,,187022000000.0,,84000000.0,,,,,-903000000.0,,,,1504000000.0,3050000000.0,2984000000.0,1214000000.0,,-1025000000.0,,,-367000000.0,-3488000000.0,,,1836000000.0,-148000000.0,260000000.0
2014-12-31,,,,,,,,,2986000000.0,760000000.0,,2.79,2.75,718140000.0,728372000.0,2325000000.0,,,,-193000000.0,,,,,1827000000.0,6869000000.0,,,186814000000.0,,,,,,,,,162388000000.0,12366000000.0,-751000000.0,,186814000000.0,,102000000.0,127000000.0,,,,-280000000.0,,,,3258000000.0,3685000000.0,3915000000.0,1309000000.0,,-1025000000.0,,,-339000000.0,-4063000000.0,,,965000000.0,160000000.0,322000000.0
2015-03-31,,,,,,,,,788000000.0,241000000.0,,0.68,0.67,721639000.0,731511000.0,1999000000.0,,,,,,,,,1879000000.0,6950000000.0,,,189228000000.0,,,,,,,,,164490000000.0,12632000000.0,-733000000.0,,189228000000.0,,23000000.0,,,,,688000000.0,,,,-583000000.0,1856000000.0,1126000000.0,71000000.0,,-1916000000.0,,,54000000.0,783000000.0,-3000000.0,,-526000000.0,-326000000.0,117000000.0
2015-06-30,,,,,,,,,1369000000.0,321000000.0,,1.3,1.29,724880000.0,734527000.0,2621000000.0,,,,,,,,,1900000000.0,7141000000.0,,,191017000000.0,,,,,,,,,165885000000.0,12891000000.0,-748000000.0,,191017000000.0,,58000000.0,,,,,739000000.0,,,,46000000.0,3486000000.0,2708000000.0,754000000.0,,-1742000000.0,,,246000000.0,661000000.0,,,-411000000.0,296000000.0,440000000.0
2015-09-30,,,,,,,,,2124000000.0,543000000.0,,1.95,1.92,764435000.0,774023000.0,2780000000.0,,,,,,,,,2038000000.0,8498000000.0,,,208809000000.0,,,,,,,,,181545000000.0,13172000000.0,-796000000.0,,208809000000.0,,88000000.0,,,,,594000000.0,,,,1933000000.0,10306000000.0,4069000000.0,6252000000.0,,-1307000000.0,,,352000000.0,-639000000.0,,,-839000000.0,455000000.0,578000000.0
2015-12-31,,,,,,,,,2917000000.0,794000000.0,,2.59,2.56,748010000.0,757765000.0,3711000000.0,,,,-55000000.0,,,,,2007000000.0,8548000000.0,,,209947000000.0,,,,,,,,,182607000000.0,13464000000.0,-1028000000.0,,209947000000.0,,106000000.0,110000000.0,,,,493000000.0,,,,2915000000.0,12698000000.0,5064000000.0,6302000000.0,,-1055000000.0,,,-171000000.0,-1638000000.0,,,109000000.0,1386000000.0,655000000.0
2016-03-31,,,,,,,,,816000000.0,246000000.0,,0.67,0.67,781193000.0,790176000.0,2778000000.0,,,,,,,,,2001000000.0,8559000000.0,,,212405000000.0,,,,,,,,,184166000000.0,13791000000.0,-917000000.0,,212405000000.0,,27000000.0,,,,,481000000.0,,,,-130000000.0,4812000000.0,1077000000.0,2329000000.0,,0.0,,,72000000.0,-1781000000.0,,,978000000.0,-933000000.0,91000000.0
2016-06-30,,,,,,,,,1655000000.0,498000000.0,,1.34,1.32,814261000.0,823682000.0,2613000000.0,,,,,,,,,2088000000.0,9621000000.0,,,221859000000.0,,,,,,,,,192116000000.0,14104000000.0,-837000000.0,,221859000000.0,,65000000.0,,,,,438000000.0,,,,861000000.0,6912000000.0,2466000000.0,4480000000.0,,789000000.0,,,38000000.0,-2054000000.0,,,95000000.0,-1098000000.0,263000000.0
2016-09-30,,,,,,,,,2570000000.0,771000000.0,,2.08,2.05,812521000.0,823106000.0,2972000000.0,,,,,,,,,2059000000.0,9627000000.0,,,222622000000.0,,,,,,,,,192531000000.0,14459000000.0,-750000000.0,,222622000000.0,,96000000.0,,,,,628000000.0,,,,300000000.0,9867000000.0,4039000000.0,4538000000.0,,789000000.0,,,-319000000.0,-2486000000.0,,,1447000000.0,-739000000.0,706000000.0
2016-12-31,,,,,,,,,3500000000.0,1058000000.0,,2.81,2.77,804680000.0,814916000.0,3936000000.0,,,,90000000.0,,,,,2107000000.0,9638000000.0,,,219276000000.0,,,,,,,,,189350000000.0,14809000000.0,-1132000000.0,,219276000000.0,,115000000.0,2000000.0,,,,568000000.0,,,,2672000000.0,10033000000.0,5888000000.0,4612000000.0,,785000000.0,,,-495000000.0,-682000000.0,,,-1765000000.0,225000000.0,844000000.0
2017-03-31,,,,,,,,,530000000.0,104000000.0,,0.47,0.46,809903000.0,822719000.0,4033000000.0,,,,,,,,,2104000000.0,9618000000.0,,,220501000000.0,,,,,,,,,190476000000.0,14933000000.0,-1125000000.0,,220501000000.0,,30000000.0,,,,,653000000.0,,,,158000000.0,1205000000.0,1355000000.0,107000000.0,,,,,-242000000.0,-706000000.0,,,645000000.0,97000000.0,21000000.0
2017-06-30,,,,,,,,,1508000000.0,408000000.0,,1.25,1.23,809439000.0,821072000.0,3009000000.0,,,,,,,,,2084000000.0,9618000000.0,,,221192000000.0,,,,,,,,,190843000000.0,15321000000.0,-1073000000.0,,221192000000.0,,74000000.0,,,,,556000000.0,,,,1488000000.0,2599000000.0,2531000000.0,224000000.0,,0.0,,,-57000000.0,-2557000000.0,,,142000000.0,-927000000.0,187000000.0
2017-09-30,,,,,,,,,2450000000.0,702000000.0,,2.0,1.97,804424000.0,816029000.0,2698000000.0,,,,,,,,,2043000000.0,9618000000.0,,,220340000000.0,,,,,,,,,190487000000.0,15656000000.0,-1036000000.0,,220340000000.0,,109000000.0,,,,,,,,,2959000000.0,4700000000.0,3707000000.0,4896000000.0,,0.0,,,130000000.0,-3143000000.0,,,-1054000000.0,-1238000000.0,276000000.0
2017-12-31,,,,,,,,,3326000000.0,911000000.0,,2.78,2.74,799217000.0,810977000.0,2713000000.0,,,,,,,,,2055000000.0,9618000000.0,,,221642000000.0,,,,,,,,,191947000000.0,16259000000.0,-1467000000.0,,221642000000.0,,132000000.0,292000000.0,,,,,,,,4635000000.0,7397000000.0,4800000000.0,4934000000.0,,0.0,,,31000000.0,-5309000000.0,,,-549000000.0,-1223000000.0,429000000.0
2018-03-31,,,,,,,,,977000000.0,186000000.0,,0.96,0.94,779617000.0,791005000.0,3111000000.0,,,,,,,,,2078000000.0,9617000000.0,,,220729000000.0,,,,,,,,,191067000000.0,16712000000.0,-1645000000.0,,220729000000.0,,31000000.0,,,,,,,,,308000000.0,1863000000.0,959000000.0,95000000.0,,,,,-40000000.0,203000000.0,,,-483000000.0,28000000.0,15000000.0
2018-06-30,,,,,,,,,2001000000.0,388000000.0,,1.95,1.93,777716000.0,788362000.0,3053000000.0,,,,,,,,,2154000000.0,9617000000.0,,,222681000000.0,,,,,,,,,192849000000.0,17197000000.0,-1706000000.0,,222681000000.0,,76000000.0,,,,,,,,,1427000000.0,1989000000.0,1990000000.0,160000000.0,,,,,-13000000.0,-1563000000.0,,,106000000.0,-30000000.0,-60000000.0
2018-09-30,,,,,,,,,3050000000.0,598000000.0,,2.98,2.94,775642000.0,786140000.0,3153000000.0,,,,,,,,,2154000000.0,9832000000.0,,,222885000000.0,,,,,,,,,192878000000.0,17673000000.0,-1852000000.0,,222885000000.0,,113000000.0,,,,,,,,,2978000000.0,3630000000.0,2919000000.0,294000000.0,,,,,539000000.0,-2733000000.0,,,-175000000.0,70000000.0,-34000000.0
2018-12-31,,,,,,,,,4060000000.0,803000000.0,,3.96,3.91,772963000.0,783484000.0,3987000000.0,,,,,,,,,2118000000.0,9818000000.0,,,225697000000.0,,,,,,,,,195519000000.0,18118000000.0,-1715000000.0,,225697000000.0,,141000000.0,23000000.0,,,,,,,,4349000000.0,4722000000.0,3674000000.0,383000000.0,,296000000.0,,,123000000.0,-4947000000.0,,,1502000000.0,904000000.0,99000000.0
2019-03-31,,,,,,,,,975000000.0,177000000.0,,0.98,0.97,764135000.0,774071000.0,2972000000.0,,,,,,,,,2078000000.0,9818000000.0,,,227683000000.0,,,,,,,,,196800000000.0,18518000000.0,-1421000000.0,,227683000000.0,,32000000.0,,,,,,,,,-745000000.0,3525000000.0,861000000.0,1797000000.0,,,,,-133000000.0,-477000000.0,,,207000000.0,-1015000000.0,62000000.0
2019-06-30,,,,,,,,,2094000000.0,411000000.0,,2.08,2.06,765958000.0,774603000.0,2701000000.0,,,,,,,,,2029000000.0,9830000000.0,,,230872000000.0,,,,,,,,,199108000000.0,19050000000.0,-1119000000.0,,230872000000.0,,80000000.0,,,,,,,,,189000000.0,5828000000.0,1848000000.0,4110000000.0,,,,,41000000.0,-2807000000.0,,,1332000000.0,-1286000000.0,324000000.0
2019-09-30,,,,,,,,,3140000000.0,629000000.0,,3.04,3.0,766167000.0,775791000.0,3018000000.0,,,,,,,,,2022000000.0,9832000000.0,,,236750000000.0,,,,,,,,,204447000000.0,19440000000.0,-1026000000.0,,236750000000.0,,119000000.0,,,,,,,,,1964000000.0,17220000000.0,3051000000.0,4255000000.0,,,,,188000000.0,-9400000000.0,,,6467000000.0,-969000000.0,409000000.0
2019-12-31,,,,,,,,,4019000000.0,782000000.0,,3.76,3.71,805104000.0,815204000.0,19065000000.0,,,,2747000000.0,,,,,3712000000.0,24154000000.0,,,473078000000.0,,,,,,,,,406520000000.0,19806000000.0,-844000000.0,,473078000000.0,,165000000.0,328000000.0,,,,,,,,1520000000.0,42646000000.0,4797000000.0,36780000000.0,,-6256000000.0,,,-6000000.0,8348000000.0,,,5353000000.0,15221000000.0,443000000.0
2020-03-31,,,,,,,,,1287000000.0,224000000.0,,0.73,0.73,1344372000.0,1357545000.0,36348000000.0,,,,,,,,,3999000000.0,23927000000.0,,,506229000000.0,,,,,,,,,440168000000.0,18076000000.0,898000000.0,,506229000000.0,,79000000.0,,,,,,,,,4628000000.0,4029000000.0,2513000000.0,1506000000.0,,62000000.0,,,-75000000.0,-19515000000.0,,,32170000000.0,17283000000.0,11000000.0
2020-06-30,,,,,,,,,2436000000.0,415000000.0,,1.4,1.39,1347512000.0,1356809000.0,41197000000.0,,,,,,,,,4002000000.0,23882000000.0,,,504336000000.0,,,,,,,,,435453000000.0,18373000000.0,847000000.0,,504336000000.0,,176000000.0,,,,,,,,,4604000000.0,8663000000.0,7352000000.0,2027000000.0,,79000000.0,,,-148000000.0,-11969000000.0,,,29497000000.0,22132000000.0,72000000.0
2020-09-30,,,,,,,,,3832000000.0,670000000.0,,2.2,2.18,1347916000.0,1358122000.0,37108000000.0,,,,,,,,,3968000000.0,23869000000.0,,,499183000000.0,,,,,,,,,429210000000.0,18834000000.0,470000000.0,,499183000000.0,,280000000.0,,,,,,,,,5029000000.0,28242000000.0,14917000000.0,5219000000.0,,1811000000.0,,,-158000000.0,-14087000000.0,,,27101000000.0,18043000000.0,94000000.0
2020-12-31,,,,,,,,,5473000000.0,981000000.0,,3.11,3.08,1347080000.0,1358289000.0,18868000000.0,,,,3300000000.0,,,,,3870000000.0,24447000000.0,,,509228000000.0,,,,,,,,,438316000000.0,19455000000.0,716000000.0,,509228000000.0,,353000000.0,-153000000.0,,,,,,,,7437000000.0,72808000000.0,24627000000.0,5276000000.0,,2439000000.0,815000000.0,,706000000.0,-43652000000.0,,,36018000000.0,-197000000.0,126000000.0
2021-03-31,,,,,,,,,1824000000.0,351000000.0,,0.99,0.98,1345666000.0,1358932000.0,32132000000.0,,,,,,,,,3787000000.0,24356000000.0,,,517537000000.0,,,,,,,,,449661000000.0,20184000000.0,-1516000000.0,,517537000000.0,,86000000.0,,,,,,,,,-33000000.0,15601000000.0,8862000000.0,60000000.0,,-1130000000.0,99000000.0,,-478000000.0,3119000000.0,,,10178000000.0,13264000000.0,28000000.0
2021-06-30,,,,,,,,,3897000000.0,766000000.0,,2.16,2.14,1341963000.0,1354210000.0,26557000000.0,,,,,,,,,3699000000.0,24374000000.0,,,521964000000.0,,,,,,,,,453628000000.0,21139000000.0,-1048000000.0,,521964000000.0,,186000000.0,,,,,,,,,3303000000.0,39378000000.0,17175000000.0,112000000.0,,-1130000000.0,175000000.0,,-84000000.0,-7025000000.0,,,11411000000.0,7689000000.0,579000000.0
2021-09-30,,,,,,,,,6024000000.0,1189000000.0,,3.37,3.34,1339558000.0,1351712000.0,19827000000.0,,,,,,,,,3719000000.0,24891000000.0,,,529884000000.0,,,,,,,,,460984000000.0,22114000000.0,-1538000000.0,,529884000000.0,,269000000.0,,,,,,,,,3085000000.0,59578000000.0,25424000000.0,137000000.0,,-390000000.0,314000000.0,,600000000.0,-19922000000.0,,,17796000000.0,959000000.0,745000000.0
2021-12-31,,,,,,,,,7993000000.0,1556000000.0,,4.51,4.47,1337144000.0,1349378000.0,20295000000.0,,,,3094000000.0,,,,,3700000000.0,26098000000.0,,,541241000000.0,,,,,,,,,471970000000.0,22998000000.0,-1604000000.0,,541241000000.0,,320000000.0,352000000.0,,,,,,,,7892000000.0,70775000000.0,33968000000.0,148000000.0,,1638000000.0,442000000.0,,331000000.0,-32056000000.0,,,25591000000.0,1427000000.0,792000000.0
2022-03-31,,,,,,,,,1746000000.0,330000000.0,,1.0,0.99,1329037000.0,1341563000.0,,,,,,,,,,3662000000.0,26284000000.0,,,543979000000.0,,,,,,,,,478935000000.0,23687000000.0,-6535000000.0,,543979000000.0,,,,,,,,,,,-188000000.0,7219000000.0,5259000000.0,3127000000.0,,488000000.0,,,122000000.0,-34000000.0,,,9049000000.0,8827000000.0,40000000.0
2022-06-30,,,,,,,,,3650000000.0,702000000.0,,2.09,2.08,1330160000.0,1340225000.0,,,,,,,,,,3682000000.0,26299000000.0,,,545123000000.0,,,,,,,,,482124000000.0,24500000000.0,-9240000000.0,,545123000000.0,,,,,,,,,,,3777000000.0,8658000000.0,8285000000.0,3198000000.0,,505000000.0,,,694000000.0,-10805000000.0,,,9846000000.0,2818000000.0,418000000.0
2022-09-30,,,,,,,,,5650000000.0,1065000000.0,,3.25,3.22,1328569000.0,1339071000.0,,,,,,,,,,3585000000.0,26810000000.0,,,548438000000.0,,,,,,,,,487627000000.0,25344000000.0,-12350000000.0,,548438000000.0,,,,,,,,,,,7547000000.0,9025000000.0,10619000000.0,3311000000.0,,1325000000.0,,,491000000.0,-19209000000.0,,,13592000000.0,1930000000.0,422000000.0
2022-12-31,,,,,,,,,7669000000.0,1402000000.0,,4.46,4.43,1328120000.0,1338462000.0,,,,,3027000000.0,,,,,3605000000.0,27013000000.0,,,555255000000.0,,,,,,,,,494718000000.0,26264000000.0,-13601000000.0,,555255000000.0,,318000000.0,357000000.0,,,,,,,,11081000000.0,9357000000.0,12299000000.0,3314000000.0,,4673000000.0,564000000.0,,-260000000.0,-29972000000.0,,,20017000000.0,1126000000.0,479000000.0
2023-03-31,,,,,,,,,1909000000.0,394000000.0,,1.06,1.05,1328602000.0,1339480000.0,,,,,,,,,,3519000000.0,27014000000.0,,,574354000000.0,,,,,,,,,511960000000.0,27038000000.0,-12581000000.0,,574354000000.0,,,,,,,,,,,118000000.0,140000000.0,1279000000.0,4000000.0,,0.0,,,613000000.0,-2050000000.0,,,17107000000.0,15175000000.0,23000000.0
2023-06-30,,,,,,,,,3541000000.0,681000000.0,,1.99,1.98,1331953000.0,1338346000.0,,,,,,,,,,3453000000.0,27013000000.0,,,554549000000.0,,,,,,,,,490868000000.0,27577000000.0,-13374000000.0,,554549000000.0,,,,,,,,,,,3848000000.0,282000000.0,3518000000.0,4000000.0,,0.0,,,-235000000.0,9517000000.0,,,-4776000000.0,8589000000.0,560000000.0
2023-09-30,,,,,,,,,4969000000.0,926000000.0,,2.79,2.77,1333522000.0,1340574000.0,,,,,,,,,,3394000000.0,26979000000.0,,,542707000000.0,,,,,,,,,480700000000.0,27944000000.0,-15559000000.0,,542707000000.0,,,,,,,,,,,6255000000.0,2261000000.0,6340000000.0,15000000.0,,15000000.0,,,-273000000.0,17865000000.0,,,-15709000000.0,8411000000.0,785000000.0
2023-12-31,,,,,,,,,-185000000.0,862000000.0,,-1.09,-1.09,1331963000.0,1331963000.0,,,,,3037000000.0,,,,,3370000000.0,20901000000.0,,,535349000000.0,,,,,,,,,476096000000.0,22088000000.0,-12506000000.0,,535349000000.0,,320000000.0,-438000000.0,,,,,,,,8631000000.0,4230000000.0,10009000000.0,21000000.0,,17000000.0,,,-55000000.0,22858000000.0,,,-22266000000.0,9223000000.0,780000000.0
2024-03-31,,,,,,,,,1365000000.0,232000000.0,,0.82,0.81,1335091000.0,1346904000.0,,,,,,,,,,3274000000.0,17157000000.0,,,534959000000.0,,,,,,,,,475906000000.0,22483000000.0,-13222000000.0,,534959000000.0,,,,,,,,,,,-990000000.0,3807000000.0,3923000000.0,6000000.0,,,,,5000000.0,5903000000.0,,,-572000000.0,4341000000.0,30000000.0
2024-06-30,,,,,,,,,-5230000000.0,-1324000000.0,,1.43,1.43,1338149000.0,1338149000.0,,,,,,,,,,3244000000.0,17157000000.0,,,519853000000.0,,,,,,,,,456026000000.0,22603000000.0,-8504000000.0,,519853000000.0,,,,,,,,,,,-145000000.0,26048000000.0,7911000000.0,27607000000.0,,,,,-701000000.0,30052000000.0,,,-19672000000.0,10235000000.0,379000000.0
2024-09-30,,,,,,,,,-2155000000.0,-821000000.0,,2.44,2.44,1335812000.0,1349129000.0,,,,,,,,,,3251000000.0,17125000000.0,,,523434000000.0,,,,,,,,,457738000000.0,23248000000.0,-6883000000.0,,523434000000.0,,,,,,,,,,,1389000000.0,35323000000.0,11131000000.0,27611000000.0,,,,,-479000000.0,26558000000.0,,,-18951000000.0,8996000000.0,762000000.0
,,,,,,,,,,,,,,,,,,,,,,,,,,,,,,,,,,,,,,,,,,,,,,,,,,,,,,,,,,,,,,,,,,,
