Date,Net sales,Cost of sales,Gross margin,Research and development,"Selling, general and administrative",Total operating expenses,Operating income,"Other income/(expense), net",Income before provision for income taxes,Provision for income taxes,Net income,Earnings per share basic,Earnings per share diluted,Weighted-average basic,Weighted-average diluted,Cash and cash equivalents,Short-term marketable securities,"Accounts receivable, net",Inventories,Deferred tax assets,Vendor non-trade receivables,Other current assets,Total current assets,Long-term marketable securities,"Property, Plant and Equipment, Net",Goodwill,"Acquired intangible assets, net","Other Assets, Noncurrent",Total assets,accounts payable,Accrued expenses,Deferred revenue,Total current liabilities,Deferred revenue - non-current,deferred tax liabilities,long term taxes payable,Total other non-current liabilities,Total liabilities,Retained Earnings (Accumulated Deficit),Accumulated other comprehensive (loss)/income,Total shareholders equity,Total liabilities and shareholders' equity,"Depreciation, amortization and accretion",Stock-based compensation expense,Deferred income tax expense,"Increase (Decrease) in Accounts receivable, net",Increase (Decrease) in Inventories,Increase (Decrease) in Other Receivables,Increase (Decrease) in Other Operating Assets,Increase (Decrease) in Accounts Payable,Increase (Decrease) in Deferred Revenue,Increase (Decrease) Other liabilities,Cash generated by operating activities,Purchases of marketable securities,Proceeds from maturities of marketable securities,Proceeds from sales of marketable securities,Purchases of other long-term investments,"Business acquisitions, net of cash acquired",Cash payments for capital asset purchases,Payments for acquisition of intangible assets,Payments for (Proceeds from) Other Investing Activities,Cash used in investing activities,Proceeds from issuance of common stock,Excess tax benefits from stock-based compensation,Cash generated/used in financing activities,Increase/(decrease) in cash and cash equivalents,"Cash paid for income taxes, net"
2010-01-30,65357000000.0,44062000000.0,,,13078000000.0,,,,3872000000.0,1384000000.0,,3.31,3.3,752000000.0,754800000.0,,1617000000.0,,7179000000.0,,,2079000000.0,18424000000.0,,25280000000.0,,,829000000.0,44533000000.0,6511000000.0,3120000000.0,,11327000000.0,,835000000.0,,1906000000.0,,12947000000.0,-581000000.0,,44533000000.0,2023000000.0,103000000.0,364000000.0,,474000000.0,,280000000.0,174000000.0,,,5881000000.0,,,,,,1729000000.0,,-3000000.0,-1703000000.0,,,-2842000000.0,1336000000.0,
2010-05-01,15593000000.0,10412000000.0,,,3143000000.0,,,,1055000000.0,384000000.0,,0.91,0.9,739900000.0,745700000.0,,1015000000.0,,7249000000.0,,,2065000000.0,17222000000.0,,25212000000.0,,,889000000.0,43323000000.0,6150000000.0,3183000000.0,,10197000000.0,,916000000.0,,1819000000.0,,13098000000.0,-573000000.0,,43323000000.0,516000000.0,25000000.0,109000000.0,,70000000.0,,94000000.0,-361000000.0,,,1158000000.0,,,,,,407000000.0,,18000000.0,-175000000.0,,,-1605000000.0,-622000000.0,
2010-07-31,31124000000.0,20705000000.0,,,6405000000.0,,,,2135000000.0,785000000.0,,1.84,1.82,735500000.0,741100000.0,,972000000.0,,7728000000.0,,,1840000000.0,17245000000.0,,25401000000.0,,,1009000000.0,43655000000.0,6228000000.0,3057000000.0,,10100000000.0,,740000000.0,,1810000000.0,,12690000000.0,-567000000.0,,43655000000.0,1012000000.0,52000000.0,148000000.0,,549000000.0,,76000000.0,-283000000.0,,,1828000000.0,,,,,,991000000.0,,20000000.0,-725000000.0,,,-1763000000.0,-660000000.0,
2010-10-30,46729000000.0,31267000000.0,,,9749000000.0,,,,2908000000.0,1023000000.0,,2.59,2.57,728800000.0,734400000.0,,349000000.0,,9550000000.0,,,1905000000.0,18346000000.0,,25590000000.0,,,1013000000.0,44949000000.0,7761000000.0,3179000000.0,,11790000000.0,,814000000.0,,1786000000.0,,12254000000.0,-562000000.0,,44949000000.0,1545000000.0,77000000.0,249000000.0,,2371000000.0,,187000000.0,1250000000.0,,,2852000000.0,,,,,,1607000000.0,,70000000.0,-1316000000.0,,,-2800000000.0,-1264000000.0,
2011-01-29,67390000000.0,45725000000.0,,,13469000000.0,,,,4495000000.0,1575000000.0,,4.03,4.0,723600000.0,729400000.0,,1129000000.0,,7596000000.0,-555000000.0,,1752000000.0,17213000000.0,,25493000000.0,59000000.0,,999000000.0,43705000000.0,6625000000.0,3326000000.0,,10070000000.0,,934000000.0,313000000.0,1607000000.0,,12698000000.0,-581000000.0,,43705000000.0,2084000000.0,109000000.0,445000000.0,,417000000.0,,124000000.0,115000000.0,,,5271000000.0,,,,,,2129000000.0,,47000000.0,-1744000000.0,,,-4015000000.0,-488000000.0,
2011-04-30,15935000000.0,10838000000.0,,,3233000000.0,,,,1081000000.0,392000000.0,,0.99,0.99,692600000.0,697400000.0,,872000000.0,,7696000000.0,,,1527000000.0,16368000000.0,,25648000000.0,,,980000000.0,42996000000.0,6296000000.0,3229000000.0,,10838000000.0,,916000000.0,,1596000000.0,,12398000000.0,-570000000.0,,42996000000.0,512000000.0,21000000.0,100000000.0,,99000000.0,,-84000000.0,-330000000.0,,,1052000000.0,,,,,,632000000.0,,10000000.0,-370000000.0,,,-970000000.0,-288000000.0,
2011-07-30,32175000000.0,21710000000.0,,,6705000000.0,,2527000000.0,,2190000000.0,797000000.0,,2.03,2.02,686700000.0,691200000.0,,116000000.0,,7926000000.0,,,1521000000.0,16059000000.0,,28373000000.0,,,1067000000.0,45499000000.0,6519000000.0,3721000000.0,,11620000000.0,,969000000.0,,1644000000.0,,12213000000.0,-548000000.0,,45499000000.0,1022000000.0,44000000.0,122000000.0,,330000000.0,,,-119000000.0,,,2336000000.0,,,,,,2379000000.0,,19000000.0,-2135000000.0,,,-1023000000.0,-822000000.0,
2011-10-29,48577000000.0,32874000000.0,,,10230000000.0,,3567000000.0,,3048000000.0,1100000000.0,,2.85,2.84,682200000.0,686900000.0,,66000000.0,,9890000000.0,,,1948000000.0,18372000000.0,,29040000000.0,,,1035000000.0,48447000000.0,8053000000.0,3273000000.0,,14139000000.0,,1199000000.0,,1689000000.0,,12340000000.0,-563000000.0,15264000000.0,48447000000.0,1568000000.0,61000000.0,397000000.0,,2294000000.0,,,1428000000.0,,,2975000000.0,,,,,,3750000000.0,,114000000.0,-3604000000.0,,,-236000000.0,,
2012-01-28,69865000000.0,47860000000.0,,,14106000000.0,,5250000000.0,,4456000000.0,1527000000.0,,4.31,4.28,679100000.0,683900000.0,,194000000.0,,7918000000.0,-861000000.0,,1810000000.0,16449000000.0,,29149000000.0,59000000.0,,1032000000.0,46630000000.0,6857000000.0,3644000000.0,,14287000000.0,,1191000000.0,224000000.0,1634000000.0,,12959000000.0,-681000000.0,15821000000.0,46630000000.0,2131000000.0,90000000.0,371000000.0,,322000000.0,,,232000000.0,,,5434000000.0,,,,,,4368000000.0,,108000000.0,-4180000000.0,,,-2140000000.0,,
2012-04-28,16867000000.0,11541000000.0,,,3392000000.0,,1283000000.0,,1101000000.0,404000000.0,,1.05,1.04,666000000.0,672000000.0,,18000000.0,,7670000000.0,,,1698000000.0,15591000000.0,,29508000000.0,,,1076000000.0,46175000000.0,6292000000.0,3671000000.0,,12446000000.0,,1209000000.0,,1690000000.0,,12854000000.0,,15863000000.0,46175000000.0,529000000.0,25000000.0,7000000.0,,-248000000.0,,,-566000000.0,,,1307000000.0,,,,,,829000000.0,,16000000.0,-659000000.0,,,-768000000.0,,
2012-07-28,33646000000.0,22838000000.0,,,6981000000.0,,2534000000.0,,2173000000.0,772000000.0,,2.12,2.1,661500000.0,667600000.0,,830000000.0,,7733000000.0,,,1700000000.0,16415000000.0,,29774000000.0,,,1136000000.0,47325000000.0,6505000000.0,3539000000.0,,13329000000.0,,1173000000.0,,1697000000.0,,12774000000.0,,15897000000.0,47325000000.0,1060000000.0,48000000.0,-92000000.0,,-185000000.0,,,-352000000.0,,,2471000000.0,,,,,,1603000000.0,,18000000.0,-1427000000.0,,,-402000000.0,,
2012-10-27,50575000000.0,34406000000.0,,,10686000000.0,,3539000000.0,,3145000000.0,1107000000.0,,3.09,3.06,659300000.0,665800000.0,,800000000.0,,9533000000.0,,,1846000000.0,18495000000.0,,30069000000.0,,,1015000000.0,49579000000.0,8050000000.0,3631000000.0,,15709000000.0,,1279000000.0,,1713000000.0,,13069000000.0,,16352000000.0,49579000000.0,1603000000.0,74000000.0,73000000.0,,1615000000.0,,,1193000000.0,,,3348000000.0,,,,,,2338000000.0,,-86000000.0,-2025000000.0,,,-655000000.0,,
2013-02-02,73301000000.0,50568000000.0,,,14914000000.0,,5206000000.0,,4609000000.0,1610000000.0,,4.57,4.52,656700000.0,663300000.0,,130000000.0,,7903000000.0,-912000000.0,,1860000000.0,16388000000.0,,30653000000.0,59000000.0,,1122000000.0,48163000000.0,7056000000.0,3981000000.0,,14031000000.0,,1311000000.0,180000000.0,1609000000.0,,13155000000.0,,16558000000.0,48163000000.0,2142000000.0,105000000.0,-14000000.0,,-15000000.0,,,199000000.0,,,5325000000.0,,,,,,3277000000.0,,-102000000.0,-2855000000.0,,,-2488000000.0,,
2013-05-04,16706000000.0,11563000000.0,,,3590000000.0,,1034000000.0,,779000000.0,281000000.0,,0.78,0.77,642100000.0,649500000.0,,,,8099000000.0,,,1939000000.0,11857000000.0,,31074000000.0,,,1303000000.0,44234000000.0,6721000000.0,3915000000.0,,11159000000.0,,1295000000.0,,1569000000.0,,12873000000.0,-565000000.0,16520000000.0,44234000000.0,536000000.0,29000000.0,-66000000.0,,175000000.0,,,-375000000.0,,,3230000000.0,,,,,,901000000.0,,-52000000.0,2253000000.0,,,-4449000000.0,,
2013-08-03,33823000000.0,23308000000.0,,,7287000000.0,,2194000000.0,,1739000000.0,629000000.0,,1.74,1.72,638400000.0,645700000.0,,,,8441000000.0,,,1944000000.0,11403000000.0,,31405000000.0,,,1354000000.0,44162000000.0,7078000000.0,3705000000.0,,12616000000.0,,1331000000.0,,1540000000.0,,12285000000.0,-653000000.0,16020000000.0,44162000000.0,1079000000.0,55000000.0,-136000000.0,,527000000.0,,,17000000.0,,,4109000000.0,,,,,,1917000000.0,,-73000000.0,1269000000.0,,,-5148000000.0,,
2013-11-02,51081000000.0,35441000000.0,,,11140000000.0,,2934000000.0,,2278000000.0,827000000.0,,2.28,2.26,636000000.0,643000000.0,,,,10376000000.0,,,2071000000.0,13153000000.0,,31726000000.0,,,1494000000.0,46373000000.0,8806000000.0,3623000000.0,,14551000000.0,,1466000000.0,,1535000000.0,,12353000000.0,-653000000.0,16156000000.0,46373000000.0,1648000000.0,81000000.0,0.0,,2461000000.0,,,1744000000.0,,,4753000000.0,,,,,157000000.0,2839000000.0,,-111000000.0,311000000.0,,,-5146000000.0,,
2014-02-01,72596000000.0,51160000000.0,,,15375000000.0,,,,3103000000.0,1132000000.0,,3.1,3.07,635100000.0,641800000.0,,3000000.0,,8766000000.0,-787000000.0,,2112000000.0,11573000000.0,,31378000000.0,151000000.0,,1602000000.0,44553000000.0,7683000000.0,3934000000.0,,12777000000.0,,1433000000.0,174000000.0,1490000000.0,,12599000000.0,-891000000.0,16231000000.0,44553000000.0,2223000000.0,110000000.0,-254000000.0,,885000000.0,,,625000000.0,,,6520000000.0,,,,,157000000.0,3453000000.0,,-130000000.0,-271000000.0,,,-6364000000.0,,
2014-05-03,17050000000.0,12067000000.0,4983000000.0,,3593000000.0,,860000000.0,,641000000.0,223000000.0,,0.66,0.66,633300000.0,638200000.0,,,,8450000000.0,,,1858000000.0,11023000000.0,,31359000000.0,,,1660000000.0,44042000000.0,6793000000.0,3770000000.0,,12040000000.0,,1381000000.0,,1523000000.0,,12743000000.0,-822000000.0,16486000000.0,44042000000.0,579000000.0,21000000.0,-120000000.0,,-322000000.0,,,-898000000.0,,,520000000.0,,,,,0.0,561000000.0,,-18000000.0,-538000000.0,,,29000000.0,,
2014-08-02,34456000000.0,24232000000.0,10224000000.0,,7409000000.0,,1816000000.0,,1007000000.0,354000000.0,,1.03,1.02,633500000.0,638400000.0,,,,8918000000.0,,,1833000000.0,11554000000.0,,31195000000.0,,,1706000000.0,44455000000.0,7263000000.0,3767000000.0,,11336000000.0,,1317000000.0,,1517000000.0,,12611000000.0,-792000000.0,16433000000.0,44455000000.0,1186000000.0,42000000.0,-304000000.0,,143000000.0,,,-425000000.0,,,1514000000.0,,,,,20000000.0,1052000000.0,,-46000000.0,-982000000.0,,,-427000000.0,,
2014-11-01,52188000000.0,36787000000.0,15401000000.0,,11303000000.0,,2532000000.0,,1519000000.0,515000000.0,,1.58,1.57,634000000.0,639600000.0,,,,11066000000.0,,,1992000000.0,13838000000.0,,30886000000.0,,,1737000000.0,46461000000.0,9229000000.0,3801000000.0,,13525000000.0,,1279000000.0,,1475000000.0,,12631000000.0,-923000000.0,16373000000.0,46461000000.0,1791000000.0,64000000.0,-426000000.0,,2307000000.0,,,1538000000.0,,,2050000000.0,,,,,18000000.0,1570000000.0,,-88000000.0,-1416000000.0,,,-550000000.0,,
2015-01-31,72618000000.0,51278000000.0,,,14676000000.0,,,,3653000000.0,1204000000.0,,-4.14,-4.1,634700000.0,640100000.0,,1520000000.0,,8790000000.0,-1130000000.0,,1754000000.0,14087000000.0,,25958000000.0,147000000.0,,917000000.0,41404000000.0,7759000000.0,3783000000.0,,11736000000.0,,1321000000.0,128000000.0,1452000000.0,,9644000000.0,-599000000.0,13997000000.0,41404000000.0,2129000000.0,71000000.0,7000000.0,,512000000.0,,,,,,4439000000.0,,,,,20000000.0,1786000000.0,,-106000000.0,-1926000000.0,,,-998000000.0,,
2015-05-02,17119000000.0,11911000000.0,5208000000.0,,3514000000.0,,1261000000.0,,999000000.0,348000000.0,,0.99,0.98,640900000.0,646400000.0,,2073000000.0,,8610000000.0,,,1672000000.0,13198000000.0,,25778000000.0,,,1012000000.0,40446000000.0,6799000000.0,3673000000.0,,10648000000.0,,1359000000.0,,1404000000.0,,9441000000.0,-490000000.0,14174000000.0,40446000000.0,540000000.0,26000000.0,18000000.0,,-180000000.0,,,,,,1551000000.0,,,,,,352000000.0,,-21000000.0,-306000000.0,,,-687000000.0,,
2015-08-01,34546000000.0,23962000000.0,10584000000.0,,7009000000.0,,2611000000.0,,2180000000.0,756000000.0,,2.17,2.16,638300000.0,643700000.0,,1985000000.0,,8269000000.0,,,2250000000.0,13358000000.0,,25583000000.0,,,989000000.0,40386000000.0,6944000000.0,3768000000.0,,11613000000.0,,1319000000.0,,1353000000.0,,9099000000.0,-481000000.0,13942000000.0,40386000000.0,1090000000.0,54000000.0,-45000000.0,,-18000000.0,,,,,,2789000000.0,,,,,0.0,710000000.0,,-38000000.0,-632000000.0,,,-1625000000.0,,
2015-10-31,52159000000.0,36402000000.0,15757000000.0,,10745000000.0,,3573000000.0,,2906000000.0,1006000000.0,,3.06,3.03,633500000.0,638700000.0,,1154000000.0,,10374000000.0,,,2402000000.0,15204000000.0,,25472000000.0,,,978000000.0,41696000000.0,8904000000.0,3868000000.0,,13858000000.0,,1316000000.0,,1279000000.0,,8359000000.0,-469000000.0,13256000000.0,41696000000.0,1651000000.0,84000000.0,-111000000.0,,2096000000.0,,,,,,3760000000.0,,,,,0.0,1129000000.0,,-12000000.0,-1069000000.0,,,-2924000000.0,,
2016-01-30,73785000000.0,51997000000.0,21788000000.0,,14665000000.0,,,,4923000000.0,1602000000.0,,5.35,5.31,627700000.0,632900000.0,,3008000000.0,,8601000000.0,,,1161000000.0,14130000000.0,,25217000000.0,133000000.0,,840000000.0,40262000000.0,7418000000.0,4236000000.0,,12622000000.0,660000000.0,823000000.0,122000000.0,1897000000.0,,8188000000.0,-629000000.0,12957000000.0,40262000000.0,2213000000.0,115000000.0,-322000000.0,,316000000.0,,,,,,5844000000.0,,,,,0.0,1438000000.0,,-24000000.0,508000000.0,,,-4516000000.0,,-127000000.0
2016-04-30,16196000000.0,11185000000.0,5011000000.0,,3153000000.0,,1323000000.0,,897000000.0,283000000.0,,1.06,1.05,598300000.0,603800000.0,,2931000000.0,,8459000000.0,,,1099000000.0,13948000000.0,,25049000000.0,,,830000000.0,39908000000.0,6391000000.0,3833000000.0,,12019000000.0,,841000000.0,,1889000000.0,,7593000000.0,,12545000000.0,39908000000.0,546000000.0,35000000.0,12000000.0,,-142000000.0,,,,,,247000000.0,,,,,,285000000.0,,-3000000.0,-279000000.0,,,22000000.0,,
2016-07-30,32364000000.0,22286000000.0,10078000000.0,,6402000000.0,,2564000000.0,,1838000000.0,599000000.0,,2.22,2.2,590300000.0,595300000.0,,303000000.0,,8631000000.0,,,1309000000.0,11503000000.0,,24934000000.0,,,834000000.0,37288000000.0,6811000000.0,3544000000.0,,11003000000.0,,754000000.0,,1872000000.0,,6579000000.0,,11577000000.0,37288000000.0,1116000000.0,67000000.0,-79000000.0,,29000000.0,,,,,,1488000000.0,,,,,,684000000.0,,-1000000.0,-669000000.0,,,-3385000000.0,,
2016-10-29,48805000000.0,33757000000.0,15048000000.0,,9741000000.0,,3621000000.0,,2757000000.0,910000000.0,,3.29,3.26,583500000.0,588500000.0,,0.0,,10057000000.0,,,1492000000.0,12842000000.0,,24902000000.0,,,842000000.0,38603000000.0,8250000000.0,3662000000.0,,12642000000.0,,920000000.0,,1857000000.0,,6031000000.0,,11069000000.0,38603000000.0,1686000000.0,85000000.0,83000000.0,,1455000000.0,,,,,,2881000000.0,,,,,,1184000000.0,,-23000000.0,-1138000000.0,,,-4558000000.0,,
2017-01-28,69495000000.0,48872000000.0,20623000000.0,,13356000000.0,,,,3965000000.0,1296000000.0,,4.74,4.7,577600000.0,582500000.0,,1110000000.0,,8309000000.0,,,1100000000.0,11990000000.0,,24658000000.0,133000000.0,,771000000.0,37431000000.0,7252000000.0,3737000000.0,,12708000000.0,630000000.0,861000000.0,125000000.0,1860000000.0,,5884000000.0,-638000000.0,10953000000.0,37431000000.0,2298000000.0,113000000.0,41000000.0,,-293000000.0,,,,,,5436000000.0,,,,,0.0,1547000000.0,,-28000000.0,-1473000000.0,,,-5497000000.0,,1514000000.0
2017-04-29,16017000000.0,11134000000.0,4883000000.0,,3132000000.0,,1178000000.0,,1034000000.0,357000000.0,,1.23,1.23,552400000.0,555200000.0,2680000000.0,1135000000.0,,7986000000.0,,,1047000000.0,11739000000.0,,24682000000.0,,,787000000.0,37218000000.0,6537000000.0,4137000000.0,,12392000000.0,,869000000.0,,1832000000.0,,5927000000.0,-626000000.0,11021000000.0,37218000000.0,573000000.0,16000000.0,3000000.0,,-323000000.0,,,-715000000.0,,,1303000000.0,,,,,,486000000.0,,9000000.0,-482000000.0,,,-653000000.0,,
2017-07-29,32446000000.0,22618000000.0,9828000000.0,,6515000000.0,,2291000000.0,,2013000000.0,664000000.0,,2.45,2.44,550800000.0,553600000.0,,1135000000.0,,8257000000.0,,,1053000000.0,11620000000.0,,24861000000.0,,,875000000.0,37366000000.0,7584000000.0,3790000000.0,,12729000000.0,,784000000.0,,1845000000.0,,5961000000.0,-616000000.0,11098000000.0,37366000000.0,1151000000.0,43000000.0,-87000000.0,,-52000000.0,,,332000000.0,,,2923000000.0,,,,,,1203000000.0,,80000000.0,-1261000000.0,,,-1883000000.0,,
2017-10-28,49113000000.0,34330000000.0,14783000000.0,,10027000000.0,,3160000000.0,,2628000000.0,802000000.0,,3.34,3.32,548700000.0,551800000.0,,,,10586000000.0,,,1392000000.0,14709000000.0,,25112000000.0,,,878000000.0,40708000000.0,9986000000.0,4036000000.0,,15376000000.0,,944000000.0,,1963000000.0,,5940000000.0,-610000000.0,11137000000.0,40708000000.0,1784000000.0,81000000.0,37000000.0,,2277000000.0,,,2738000000.0,,,4489000000.0,,,,,,2049000000.0,,62000000.0,-2084000000.0,,,-2192000000.0,,
2018-02-03,71879000000.0,51125000000.0,20754000000.0,,14248000000.0,,,,3646000000.0,718000000.0,,5.36,5.33,546800000.0,550300000.0,,,,8657000000.0,,,1264000000.0,12564000000.0,,25018000000.0,630000000.0,,1417000000.0,38999000000.0,8677000000.0,4254000000.0,,13201000000.0,600000000.0,713000000.0,332000000.0,2059000000.0,,6553000000.0,-747000000.0,11709000000.0,38999000000.0,2445000000.0,112000000.0,-192000000.0,,348000000.0,,168000000.0,1307000000.0,,,6923000000.0,,,,,518000000.0,2533000000.0,,55000000.0,-3075000000.0,,,-3717000000.0,131000000.0,934000000.0
2018-05-05,16556000000.0,11625000000.0,,,3545000000.0,,,,927000000.0,210000000.0,,1.34,1.33,536900000.0,541000000.0,,311000000.0,,8652000000.0,,,1164000000.0,10876000000.0,,24767000000.0,,,1328000000.0,38929000000.0,8131000000.0,3630000000.0,,12044000000.0,,744000000.0,,1869000000.0,,6187000000.0,-737000000.0,11158000000.0,38929000000.0,631000000.0,42000000.0,48000000.0,,55000000.0,,,-604000000.0,,,514000000.0,,,,,,827000000.0,,-5000000.0,-818000000.0,,,-1279000000.0,,
2018-08-04,34108000000.0,23865000000.0,,,7410000000.0,,,,1949000000.0,433000000.0,,2.84,2.82,534300000.0,538600000.0,,,,9112000000.0,,,1211000000.0,11503000000.0,,25172000000.0,,,1345000000.0,39996000000.0,9116000000.0,3878000000.0,,14038000000.0,,828000000.0,,1827000000.0,,6058000000.0,-723000000.0,11167000000.0,39996000000.0,1234000000.0,71000000.0,129000000.0,,515000000.0,,,342000000.0,,,2724000000.0,,,,,,1856000000.0,,-3000000.0,-1838000000.0,,,-2349000000.0,,
2018-11-03,52379000000.0,36400000000.0,,,11347000000.0,,,,2662000000.0,530000000.0,,4.02,3.99,531500000.0,536200000.0,,,,12393000000.0,,,1421000000.0,14639000000.0,,25607000000.0,,,1329000000.0,43572000000.0,11959000000.0,4096000000.0,,17590000000.0,,,,1782000000.0,,5884000000.0,-714000000.0,11080000000.0,43572000000.0,1826000000.0,106000000.0,261000000.0,,3796000000.0,,,3298000000.0,,,3624000000.0,,,,,,2873000000.0,,-15000000.0,-2819000000.0,,,-2623000000.0,-1818000000.0,
2019-02-02,75356000000.0,53299000000.0,,,15723000000.0,,4110000000.0,,3676000000.0,746000000.0,,5.55,5.51,528600000.0,533200000.0,,,,9497000000.0,,,1466000000.0,12519000000.0,,25533000000.0,633000000.0,,1273000000.0,41290000000.0,9761000000.0,4201000000.0,,15014000000.0,570000000.0,972000000.0,312000000.0,1780000000.0,,6017000000.0,-805000000.0,11297000000.0,41290000000.0,2474000000.0,132000000.0,322000000.0,,900000000.0,,299000000.0,1127000000.0,,,5973000000.0,,,,,0.0,3516000000.0,,-15000000.0,-3416000000.0,,,-3644000000.0,-1087000000.0,373000000.0
2019-05-04,17627000000.0,12248000000.0,,,3663000000.0,,1135000000.0,,1021000000.0,229000000.0,,1.54,1.53,515700000.0,519500000.0,,,,9060000000.0,,,1374000000.0,11607000000.0,,25706000000.0,,,1287000000.0,40619000000.0,8360000000.0,3823000000.0,,13239000000.0,,,,1808000000.0,,5958000000.0,-792000000.0,11117000000.0,40619000000.0,644000000.0,46000000.0,59000000.0,,-438000000.0,,,-1402000000.0,,,323000000.0,,,,,,655000000.0,,-1000000.0,-649000000.0,,,-57000000.0,-383000000.0,
2019-08-03,36049000000.0,24874000000.0,,,7575000000.0,,2458000000.0,,2239000000.0,509000000.0,,3.37,3.35,513900000.0,517800000.0,,,,9122000000.0,,,1341000000.0,12119000000.0,,26012000000.0,,,1373000000.0,41566000000.0,9152000000.0,4059000000.0,,14364000000.0,,,,1808000000.0,,6461000000.0,-782000000.0,11836000000.0,41566000000.0,1267000000.0,86000000.0,104000000.0,,-375000000.0,,,-731000000.0,,,2812000000.0,,,,,,1394000000.0,,0.0,-1384000000.0,,,-1328000000.0,100000000.0,
2019-11-02,54713000000.0,37808000000.0,,,11728000000.0,,3460000000.0,,3139000000.0,703000000.0,2447000000.0,4.77,4.74,512500000.0,516800000.0,,,,11396000000.0,,,1440000000.0,13805000000.0,,26384000000.0,,,1401000000.0,43741000000.0,11258000000.0,4191000000.0,,16608000000.0,,,,1652000000.0,,6270000000.0,-773000000.0,11545000000.0,43741000000.0,1905000000.0,116000000.0,235000000.0,,1899000000.0,,,1473000000.0,,,4159000000.0,,,,,,2403000000.0,,-14000000.0,-2360000000.0,,,-2386000000.0,-587000000.0,
2020-02-01,78112000000.0,54864000000.0,,,16233000000.0,,4658000000.0,,4190000000.0,921000000.0,,6.42,6.36,510900000.0,515600000.0,,,,8992000000.0,,498000000.0,1333000000.0,12902000000.0,,26283000000.0,633000000.0,,1358000000.0,42779000000.0,9920000000.0,4406000000.0,935000000.0,14487000000.0,539000000.0,1122000000.0,180000000.0,1724000000.0,,6433000000.0,-868000000.0,11833000000.0,42779000000.0,2604000000.0,147000000.0,178000000.0,,-505000000.0,,-18000000.0,140000000.0,,,7117000000.0,,,,,0.0,3027000000.0,,-20000000.0,-2944000000.0,,,-3152000000.0,1021000000.0,696000000.0
2020-05-02,19615000000.0,,,,4060000000.0,,468000000.0,,329000000.0,45000000.0,284000000.0,0.57,0.56,501000000.0,505800000.0,,,,8584000000.0,,,1465000000.0,14615000000.0,,26589000000.0,,,1367000000.0,44806000000.0,9625000000.0,4619000000.0,,14412000000.0,,,,1781000000.0,,5775000000.0,-854000000.0,11169000000.0,44806000000.0,641000000.0,49000000.0,-4000000.0,,-408000000.0,,,-280000000.0,,,1284000000.0,,,,,,751000000.0,,-1000000.0,-744000000.0,,,1449000000.0,1989000000.0,
2020-08-01,42590000000.0,,,,8520000000.0,,2768000000.0,,2518000000.0,544000000.0,1974000000.0,3.94,3.91,500600000.0,505100000.0,,,,8876000000.0,,,1463000000.0,17623000000.0,,26739000000.0,,,1405000000.0,48000000000.0,10726000000.0,5057000000.0,,15892000000.0,,,,1980000000.0,,7121000000.0,-833000000.0,12578000000.0,48000000000.0,1245000000.0,104000000.0,-12000000.0,,-116000000.0,,,795000000.0,,,5116000000.0,,,,,,1414000000.0,,-2000000.0,-1402000000.0,,,993000000.0,4707000000.0,
2020-10-31,65222000000.0,,,,13167000000.0,,4703000000.0,,3816000000.0,828000000.0,2988000000.0,5.97,5.91,500600000.0,505400000.0,,,,12712000000.0,,,1601000000.0,20309000000.0,,26773000000.0,,,1371000000.0,50661000000.0,14203000000.0,5023000000.0,,19357000000.0,,,,2128000000.0,,7789000000.0,-797000000.0,13319000000.0,50661000000.0,1848000000.0,161000000.0,26000000.0,,3720000000.0,,,4287000000.0,,,7044000000.0,,,,,,2009000000.0,,3000000.0,-1985000000.0,,,-1640000000.0,3419000000.0,
2021-01-30,93561000000.0,66177000000.0,,,18615000000.0,,6539000000.0,,5546000000.0,1178000000.0,,8.72,8.64,500600000.0,505400000.0,,,,10653000000.0,,,1592000000.0,20756000000.0,,,631000000.0,,1386000000.0,51248000000.0,12859000000.0,6122000000.0,,20125000000.0,509000000.0,,436000000.0,1939000000.0,,8825000000.0,-756000000.0,14440000000.0,51248000000.0,2485000000.0,200000000.0,-184000000.0,,1661000000.0,,137000000.0,2925000000.0,,,10525000000.0,,,,,,2649000000.0,,-16000000.0,-2591000000.0,,,-2000000000.0,5934000000.0,1031000000.0
2021-05-01,24197000000.0,,,,4509000000.0,,2374000000.0,,2609000000.0,512000000.0,2097000000.0,4.2,4.17,498600000.0,503400000.0,,,,10539000000.0,,,1576000000.0,19931000000.0,,26804000000.0,,,1374000000.0,50471000000.0,11637000000.0,5788000000.0,,18598000000.0,,,,1899000000.0,,9372000000.0,-725000000.0,14959000000.0,50471000000.0,667000000.0,79000000.0,170000000.0,,-114000000.0,,,-1205000000.0,,,1139000000.0,,,,,,540000000.0,,-7000000.0,-165000000.0,,,-1669000000.0,-695000000.0,
2021-07-31,49357000000.0,,,,9358000000.0,,4841000000.0,,4979000000.0,1065000000.0,3914000000.0,7.89,7.82,495800000.0,500400000.0,,,,11259000000.0,,,1604000000.0,20231000000.0,,27244000000.0,,,1407000000.0,51385000000.0,12632000000.0,5600000000.0,,19422000000.0,,,,1906000000.0,,9200000000.0,-713000000.0,14860000000.0,51385000000.0,1300000000.0,138000000.0,143000000.0,,606000000.0,,,-311000000.0,,,3422000000.0,,,,,,1338000000.0,,5000000.0,-972000000.0,,,-3593000000.0,-1143000000.0,
2021-10-30,75009000000.0,,,,14217000000.0,,6851000000.0,,6890000000.0,1488000000.0,5402000000.0,10.97,10.87,492200000.0,496800000.0,,,,14958000000.0,,,1865000000.0,22576000000.0,,27915000000.0,,,1381000000.0,54411000000.0,16250000000.0,5925000000.0,,23351000000.0,,,,1931000000.0,,8069000000.0,-687000000.0,13803000000.0,54411000000.0,1952000000.0,187000000.0,233000000.0,,4305000000.0,,,3284000000.0,,,5597000000.0,,,,,,2483000000.0,,-14000000.0,-2090000000.0,,,-6265000000.0,-2758000000.0,
2022-01-29,106005000000.0,74963000000.0,,,19752000000.0,,8946000000.0,,8907000000.0,1961000000.0,,14.23,14.1,488100000.0,492700000.0,,,,13902000000.0,,,1760000000.0,21573000000.0,,,631000000.0,,1501000000.0,53811000000.0,15478000000.0,6098000000.0,,21747000000.0,479000000.0,,139000000.0,1629000000.0,,6920000000.0,-553000000.0,12827000000.0,53811000000.0,2642000000.0,228000000.0,522000000.0,,3249000000.0,,78000000.0,2628000000.0,,,8625000000.0,,,,,,3544000000.0,,-7000000.0,-3154000000.0,,,-8071000000.0,-2600000000.0,2063000000.0
2022-04-30,25170000000.0,,,,4762000000.0,,1346000000.0,,1249000000.0,240000000.0,1009000000.0,2.17,2.16,464000000.0,467800000.0,,,,15083000000.0,,,1758000000.0,17953000000.0,,28670000000.0,,,1648000000.0,50842000000.0,14053000000.0,5582000000.0,,20724000000.0,,,,1632000000.0,,5495000000.0,-352000000.0,10774000000.0,50842000000.0,679000000.0,83000000.0,115000000.0,,1181000000.0,,,-1560000000.0,,,-1394000000.0,,,,,,952000000.0,,-2000000.0,-948000000.0,,,-2457000000.0,-4799000000.0,
2022-07-30,51207000000.0,,,,9764000000.0,,1667000000.0,,1466000000.0,274000000.0,1192000000.0,2.57,2.55,463800000.0,466800000.0,,,,15320000000.0,,,2016000000.0,18453000000.0,,29820000000.0,,,1655000000.0,52470000000.0,14891000000.0,5905000000.0,,22445000000.0,,,,1575000000.0,,4421000000.0,-369000000.0,10592000000.0,52470000000.0,1329000000.0,122000000.0,227000000.0,,1418000000.0,,,-784000000.0,,,-47000000.0,,,,,,2523000000.0,,-1000000.0,-2518000000.0,,,-2229000000.0,-4794000000.0,
2022-10-29,77725000000.0,58283000000.0,,,14983000000.0,,2689000000.0,,2375000000.0,471000000.0,1904000000.0,4.11,4.09,462600000.0,465300000.0,,,,17117000000.0,,,2322000000.0,20393000000.0,,30921000000.0,,,1705000000.0,55615000000.0,15438000000.0,6138000000.0,,23783000000.0,,,,1746000000.0,,4631000000.0,-208000000.0,11019000000.0,55615000000.0,2004000000.0,177000000.0,548000000.0,,3215000000.0,,,-224000000.0,,,552000000.0,,,,,,4323000000.0,,-16000000.0,-4303000000.0,,,-1206000000.0,-4957000000.0,
2023-01-28,109120000000.0,82229000000.0,,,20658000000.0,,3848000000.0,,3418000000.0,638000000.0,2780000000.0,6.02,5.98,462100000.0,464700000.0,,,,13499000000.0,,,2118000000.0,17846000000.0,,31512000000.0,631000000.0,,1320000000.0,53335000000.0,13487000000.0,5883000000.0,,19500000000.0,449000000.0,,168000000.0,1760000000.0,,5005000000.0,-419000000.0,11232000000.0,53335000000.0,2700000000.0,220000000.0,582000000.0,,-403000000.0,,,-2237000000.0,,,4018000000.0,,,,,,5528000000.0,,-16000000.0,-5504000000.0,,,-2196000000.0,-3682000000.0,213000000.0
2023-04-29,25322000000.0,18386000000.0,,,5025000000.0,,1328000000.0,,1204000000.0,254000000.0,950000000.0,2.06,2.05,460900000.0,462900000.0,,,,12616000000.0,,,1836000000.0,15773000000.0,,32396000000.0,,,1341000000.0,52150000000.0,11935000000.0,5732000000.0,,17867000000.0,,,,1758000000.0,,5448000000.0,-422000000.0,11605000000.0,52150000000.0,667000000.0,43000000.0,95000000.0,,-883000000.0,,,-1463000000.0,,,1265000000.0,,,,,,1605000000.0,,-1000000.0,-1602000000.0,,,-571000000.0,-908000000.0,
2023-07-29,50095000000.0,36184000000.0,,,10209000000.0,,2525000000.0,,2276000000.0,491000000.0,1785000000.0,3.87,3.86,461600000.0,462700000.0,,,,12684000000.0,,,1797000000.0,16098000000.0,,32947000000.0,,,1321000000.0,53206000000.0,12278000000.0,5948000000.0,,19332000000.0,,,,1826000000.0,,5767000000.0,-425000000.0,11990000000.0,53206000000.0,1350000000.0,107000000.0,141000000.0,,-815000000.0,,,-1137000000.0,,,3398000000.0,,,,,,2825000000.0,,2000000.0,-2821000000.0,,,-1189000000.0,-612000000.0,
2023-10-28,75493000000.0,54333000000.0,,,15525000000.0,,3842000000.0,,3511000000.0,755000000.0,2756000000.0,5.97,5.96,461600000.0,462700000.0,,,,14731000000.0,,,1958000000.0,18599000000.0,,33168000000.0,,,1376000000.0,56229000000.0,14291000000.0,6099000000.0,,21502000000.0,,,,1852000000.0,,6225000000.0,-430000000.0,12514000000.0,56229000000.0,2072000000.0,176000000.0,252000000.0,,1232000000.0,,,887000000.0,,,5332000000.0,,,,,,3952000000.0,,-18000000.0,-3910000000.0,,,-1741000000.0,-319000000.0,
2024-02-03,107412000000.0,77736000000.0,,,21554000000.0,,5707000000.0,,5300000000.0,1159000000.0,4138000000.0,8.96,8.94,461500000.0,462800000.0,,,,11886000000.0,,,1807000000.0,17498000000.0,,,631000000.0,,1400000000.0,55356000000.0,12098000000.0,6090000000.0,,19304000000.0,419000000.0,,272000000.0,1939000000.0,,7093000000.0,-460000000.0,13432000000.0,55356000000.0,2801000000.0,251000000.0,298000000.0,,-1613000000.0,,,-1216000000.0,,,8621000000.0,,,,,,4806000000.0,,-22000000.0,-4760000000.0,,,-2285000000.0,1576000000.0,374000000.0
2024-05-04,24531000000.0,17449000000.0,,,5168000000.0,,1296000000.0,,1219000000.0,277000000.0,942000000.0,2.04,2.03,462200000.0,463900000.0,,,,11730000000.0,,,1744000000.0,17078000000.0,,33114000000.0,,,1439000000.0,55117000000.0,11561000000.0,5684000000.0,,19859000000.0,,,,1996000000.0,,7519000000.0,-465000000.0,13840000000.0,55117000000.0,718000000.0,72000000.0,64000000.0,,-156000000.0,,,-524000000.0,,,1101000000.0,,,,,,674000000.0,,-2000000.0,-671000000.0,,,-631000000.0,-201000000.0,
2024-08-03,49983000000.0,35248000000.0,,,10560000000.0,,2931000000.0,,2764000000.0,630000000.0,2134000000.0,4.62,4.6,462500000.0,463700000.0,,,,12604000000.0,,,1817000000.0,17918000000.0,,33075000000.0,,,1457000000.0,55995000000.0,12595000000.0,5749000000.0,,19984000000.0,,,,1989000000.0,,8030000000.0,-470000000.0,14429000000.0,55995000000.0,1461000000.0,149000000.0,16000000.0,,718000000.0,,,522000000.0,,,3339000000.0,,,,,,1313000000.0,,-6000000.0,-1305000000.0,,,-2342000000.0,-308000000.0,
2024-11-02,75651000000.0,53623000000.0,,,16046000000.0,,4099000000.0,,3855000000.0,867000000.0,2988000000.0,6.47,6.45,461600000.0,462900000.0,,,,15165000000.0,,,1956000000.0,20554000000.0,,32931000000.0,,,1533000000.0,58531000000.0,14419000000.0,5738000000.0,,21792000000.0,,,,2067000000.0,,8009000000.0,-474000000.0,14489000000.0,58531000000.0,2215000000.0,229000000.0,-58000000.0,,3279000000.0,,,2362000000.0,,,4078000000.0,,,,,,1968000000.0,,-24000000.0,-1942000000.0,,,-2508000000.0,-372000000.0,
