Date,Net sales,Cost of sales,Gross margin,Research and development,"Selling, general and administrative",Total operating expenses,Operating income,"Other income/(expense), net",Income before provision for income taxes,Provision for income taxes,Net income,Earnings per share basic,Earnings per share diluted,Weighted-average basic,Weighted-average diluted,Cash and cash equivalents,Short-term marketable securities,"Accounts receivable, net",Inventories,Deferred tax assets,Vendor non-trade receivables,Other current assets,Total current assets,Long-term marketable securities,"Property, Plant and Equipment, Net",Goodwill,"Acquired intangible assets, net","Other Assets, Noncurrent",Total assets,accounts payable,Accrued expenses,Deferred revenue,Total current liabilities,Deferred revenue - non-current,deferred tax liabilities,long term taxes payable,Total other non-current liabilities,Total liabilities,Retained Earnings (Accumulated Deficit),Accumulated other comprehensive (loss)/income,Total shareholders equity,Total liabilities and shareholders' equity,"Depreciation, amortization and accretion",Stock-based compensation expense,Deferred income tax expense,"Increase (Decrease) in Accounts receivable, net",Increase (Decrease) in Inventories,Increase (Decrease) in Other Receivables,Increase (Decrease) in Other Operating Assets,Increase (Decrease) in Accounts Payable,Increase (Decrease) in Deferred Revenue,Increase (Decrease) Other liabilities,Cash generated by operating activities,Purchases of marketable securities,Proceeds from maturities of marketable securities,Proceeds from sales of marketable securities,Purchases of other long-term investments,"Business acquisitions, net of cash acquired",Cash payments for capital asset purchases,Payments for acquisition of intangible assets,Payments for (Proceeds from) Other Investing Activities,Cash used in investing activities,Proceeds from issuance of common stock,Excess tax benefits from stock-based compensation,Cash generated/used in financing activities,Increase/(decrease) in cash and cash equivalents,"Cash paid for income taxes, net"
2010-01-30,20288444000.0,,,,3328944000.0,,,,1951562000.0,737990000.0,,2.9,2.84,417796000.0,427619000.0,1614607000.0,,148126000.0,2532318000.0,122462000.0,,255707000.0,4803856000.0,,2273882000.0,,,193230000.0,7463977000.0,1507892000.0,,,2894986000.0,,192447000.0,,697099000.0,,2614014000.0,-134124000.0,,7463977000.0,435218000.0,55145000.0,53155000.0,-1862000.0,147805000.0,,,197496000.0,,,2271926000.0,,,,,,429282000.0,,5578000.0,-560277000.0,169862000.0,17494000.0,-583754000.0,1161080000.0,
2010-05-01,5016540000.0,,,,821363000.0,,,,536301000.0,204867000.0,,0.81,0.8,408053000.0,414400000.0,1833270000.0,,168043000.0,2615079000.0,122539000.0,,240415000.0,5105417000.0,,2254375000.0,,,202161000.0,7754510000.0,1684956000.0,,,3014635000.0,,222836000.0,,688123000.0,,2768697000.0,-137298000.0,,7754510000.0,113613000.0,13313000.0,18159000.0,-19894000.0,-79328000.0,,,175234000.0,,,527416000.0,,,,,,149094000.0,,,-138155000.0,88090000.0,15475000.0,-176320000.0,218663000.0,
2010-07-31,10084620000.0,,,,1675164000.0,,,,1032648000.0,396230000.0,,1.57,1.54,405880000.0,412394000.0,1380169000.0,,171203000.0,2884602000.0,95950000.0,,277766000.0,4948919000.0,,2338282000.0,,,207535000.0,7686709000.0,1847547000.0,,,2974620000.0,,230204000.0,,719325000.0,,2705754000.0,-132733000.0,,7686709000.0,227231000.0,28029000.0,55047000.0,23072000.0,345911000.0,,,335463000.0,,,665969000.0,,,,,,326856000.0,,,-330882000.0,100467000.0,17964000.0,-570459000.0,-234438000.0,
2010-10-30,15610467000.0,,,,2587972000.0,,,,1629765000.0,621038000.0,,2.5,2.46,402969000.0,409284000.0,1339065000.0,,229318000.0,3272960000.0,34867000.0,,290465000.0,5296642000.0,,2470428000.0,,,223641000.0,8182148000.0,1974272000.0,,,3229952000.0,,307810000.0,,746860000.0,,2815014000.0,-101494000.0,,8182148000.0,341069000.0,44913000.0,142607000.0,43943000.0,719710000.0,,,454738000.0,,,1099192000.0,,,,,,540351000.0,,-695000.0,-533691000.0,141880000.0,23410000.0,-855112000.0,-275542000.0,
2011-01-29,21942193000.0,,1665553000.0,,3710053000.0,,,,2164092000.0,824562000.0,,3.36,3.3,400145000.0,406413000.0,1741751000.0,,200147000.0,2765464000.0,-175833000.0,,249832000.0,5099527000.0,,2449801000.0,72200000.0,,231518000.0,7971763000.0,1683929000.0,460114000.0,,3133121000.0,,241905000.0,,709321000.0,,2801997000.0,-91755000.0,,7971763000.0,458052000.0,58804000.0,50641000.0,23587000.0,211823000.0,,,163823000.0,,,1976481000.0,,,,,,707134000.0,,1065000.0,-647613000.0,176159000.0,28095000.0,-1223928000.0,127144000.0,
2011-04-30,5220295000.0,,,,954474000.0,,,,429646000.0,163695000.0,,0.69,0.67,387978000.0,394004000.0,1377146000.0,,231119000.0,3014809000.0,72932000.0,,227066000.0,5008421000.0,,2564473000.0,,,221085000.0,7984470000.0,1786417000.0,,,3101855000.0,,256076000.0,,716329000.0,,2768087000.0,-30800000.0,,7984470000.0,116228000.0,15448000.0,-8452000.0,28522000.0,209293000.0,,,80623000.0,,,143094000.0,,,,,,226053000.0,,,-230384000.0,79987000.0,17460000.0,-300213000.0,-364605000.0,
2011-07-30,10688569000.0,,,,1878167000.0,,,,989083000.0,374794000.0,,1.6,1.57,384918000.0,391091000.0,977763000.0,,218083000.0,3368082000.0,66413000.0,,316632000.0,5029069000.0,,2650568000.0,,,227581000.0,8097126000.0,1922305000.0,,,3191344000.0,,295972000.0,,718721000.0,,2770482000.0,-46473000.0,,8097126000.0,236442000.0,31704000.0,46535000.0,16373000.0,571873000.0,,,220283000.0,,,325721000.0,,,,,,439217000.0,,,-441112000.0,110840000.0,24710000.0,-671016000.0,-763988000.0,
2011-10-29,16481697000.0,,,,2832405000.0,,,,1652835000.0,632059000.0,,2.67,2.63,382324000.0,388489000.0,956932000.0,,235975000.0,3706022000.0,81202000.0,,366183000.0,5418051000.0,,2698978000.0,,,224687000.0,8530980000.0,2048362000.0,,,3379500000.0,,462384000.0,,720399000.0,,2888873000.0,-82685000.0,,8530980000.0,356943000.0,49799000.0,197286000.0,35518000.0,931492000.0,,,358899000.0,,,830830000.0,,,,,,661419000.0,,,-645155000.0,168004000.0,34063000.0,-980527000.0,-784819000.0,
2012-01-28,23191455000.0,,1825389000.0,,3890144000.0,,-16605000.0,,2411414000.0,915324000.0,,1.97,1.93,761109000.0,773772000.0,1507112000.0,,204304000.0,2950523000.0,-256632000.0,,270133000.0,5132632000.0,,2706377000.0,72200000.0,,253913000.0,8281605000.0,1645324000.0,436596000.0,,3063423000.0,,362501000.0,,861768000.0,,2655163000.0,-192575000.0,,8281605000.0,485701000.0,64175000.0,144762000.0,4410000.0,187157000.0,,,-36553000.0,,,1916034000.0,,,,,,803330000.0,,-11652000.0,-811041000.0,218999000.0,46143000.0,-1335712000.0,-234639000.0,
2012-04-28,5798086000.0,,,,942126000.0,,,,681405000.0,262205000.0,,0.56,0.55,742233000.0,756016000.0,1563691000.0,,232884000.0,2909805000.0,108495000.0,,242069000.0,5231816000.0,,2819539000.0,,,263552000.0,8503079000.0,1757871000.0,,,3151716000.0,,382928000.0,,852760000.0,,2744156000.0,-153295000.0,,8503079000.0,120638000.0,14271000.0,10908000.0,27536000.0,-57521000.0,,,100850000.0,,,704558000.0,,,,,,254261000.0,,,-331555000.0,28315000.0,8600000.0,-331825000.0,56579000.0,
2012-07-28,11743645000.0,,,,1920640000.0,,,,1364195000.0,523903000.0,,1.14,1.11,739531000.0,753721000.0,1620402000.0,,202140000.0,3007731000.0,83528000.0,,250694000.0,5340790000.0,,2848196000.0,,,260092000.0,8636641000.0,1863108000.0,,,3225489000.0,,386482000.0,,860139000.0,,2852898000.0,-198981000.0,,8636641000.0,246461000.0,29879000.0,30750000.0,-1952000.0,59688000.0,,,218646000.0,,,1307740000.0,,,,,,438913000.0,,,-521030000.0,61266000.0,27319000.0,-666871000.0,113290000.0,
2012-10-27,18154558000.0,,,,3010922000.0,,,,2112664000.0,810821000.0,,1.77,1.73,736846000.0,751034000.0,1641915000.0,,238251000.0,3297119000.0,84638000.0,,231756000.0,5694665000.0,,3055669000.0,,,241809000.0,9172089000.0,2059200000.0,,,3598991000.0,,411314000.0,,920859000.0,,2902053000.0,-164914000.0,,9172089000.0,372367000.0,49600000.0,62102000.0,33367000.0,336998000.0,,,407015000.0,,,2079963000.0,,,,,,775597000.0,,,-848150000.0,100944000.0,43901000.0,-1102675000.0,134803000.0,
2013-02-02,25878372000.0,,2209288000.0,,4250446000.0,,,,3077351000.0,1170664000.0,,2.6,2.55,733588000.0,747555000.0,1811957000.0,,222788000.0,3014214000.0,-253267000.0,,330512000.0,5711543000.0,,3223242000.0,170300000.0,,260801000.0,9511855000.0,1930568000.0,581324000.0,,3760596000.0,,349486000.0,,961284000.0,,3155427000.0,-213392000.0,,9511855000.0,508929000.0,64416000.0,13265000.0,18418000.0,-27186000.0,,,211689000.0,,,3045614000.0,,,,,190374000.0,978228000.0,,-34490000.0,-1276848000.0,133771000.0,62472000.0,-1475587000.0,304845000.0,
2013-05-04,6189609000.0,,,,1018909000.0,,,,731885000.0,278995000.0,,0.63,0.62,719528000.0,732555000.0,1989835000.0,,257985000.0,3091473000.0,107699000.0,,291108000.0,5976143000.0,,3273322000.0,,,277951000.0,9840364000.0,1846568000.0,,,3498617000.0,,368244000.0,,936712000.0,,3272140000.0,-229248000.0,,9840364000.0,130543000.0,16549000.0,8661000.0,35606000.0,84885000.0,,,-79011000.0,,,280749000.0,,,,,,238515000.0,,-2653000.0,-241567000.0,34746000.0,17222000.0,159108000.0,177878000.0,
2013-08-03,12632033000.0,,,,2093229000.0,,,,1504331000.0,571882000.0,,1.3,1.28,717754000.0,730750000.0,1858798000.0,,221164000.0,3188489000.0,91559000.0,,359021000.0,5950244000.0,,3377839000.0,,,283847000.0,9926043000.0,1940245000.0,,,3442881000.0,,375352000.0,,983515000.0,,3395006000.0,-260103000.0,,9926043000.0,265970000.0,35679000.0,42818000.0,-238000.0,198447000.0,,,24312000.0,,,811279000.0,,,,,,497014000.0,,-2653000.0,-501125000.0,64310000.0,36449000.0,-222062000.0,46841000.0,
2013-11-02,19613909000.0,,,,3251897000.0,,,,2383703000.0,828599000.0,,2.17,2.14,715657000.0,728283000.0,2010752000.0,,250886000.0,3663171000.0,102446000.0,,345044000.0,6623575000.0,,3540532000.0,,,191667000.0,10669239000.0,2346366000.0,,,4043741000.0,,396313000.0,,831228000.0,,3641340000.0,-228767000.0,,10669239000.0,407282000.0,56638000.0,47073000.0,28288000.0,654795000.0,,,417681000.0,,,1633372000.0,,,,,,759283000.0,,-2653000.0,-784797000.0,117686000.0,61074000.0,-618320000.0,198795000.0,
2014-02-01,27422696000.0,,2158487000.0,,4467089000.0,,,,3319489000.0,1182093000.0,,3.0,2.94,713470000.0,726376000.0,2149746000.0,,210094000.0,2966490000.0,-312924000.0,,345327000.0,6067998000.0,,3594501000.0,169300000.0,,194328000.0,10201022000.0,1771294000.0,612064000.0,,3517843000.0,,446071000.0,,732999000.0,,3724408000.0,-199532000.0,,10201022000.0,548823000.0,76080000.0,52233000.0,-11979000.0,-35233000.0,,,-152271000.0,,,2590329000.0,,,,,-2653000.0,946678000.0,,,-1035631000.0,146495000.0,82546000.0,-1143803000.0,337789000.0,
2014-05-03,6491176000.0,,,,1073050000.0,,,,730531000.0,276214000.0,454317000.0,0.65,0.64,701027000.0,712902000.0,2059296000.0,,255775000.0,3208460000.0,133113000.0,,319019000.0,6235550000.0,,3645570000.0,,,207139000.0,10429938000.0,1956384000.0,,,3705260000.0,,475068000.0,,691871000.0,,3745005000.0,-161823000.0,,10429938000.0,144155000.0,19785000.0,-6736000.0,44779000.0,225953000.0,,,175384000.0,,,473749000.0,,,,,,193361000.0,,,-155060000.0,20509000.0,12833000.0,-428835000.0,-90450000.0,
2014-08-02,13408388000.0,,,,2195808000.0,,,,1561149000.0,589208000.0,971941000.0,1.39,1.37,697622000.0,709220000.0,2183330000.0,,242549000.0,3388182000.0,114028000.0,,380671000.0,6593763000.0,,3776037000.0,,,213051000.0,10921997000.0,2148432000.0,,,3824929000.0,,470737000.0,,727910000.0,,3749205000.0,-167495000.0,,10921997000.0,291651000.0,42000000.0,9647000.0,31778000.0,406861000.0,,,367191000.0,,,1075984000.0,,,,,,425115000.0,,,-410970000.0,30470000.0,21025000.0,-653562000.0,33584000.0,
2014-11-01,20774454000.0,,,,3389105000.0,,2784094000.0,,2520249000.0,953351000.0,1566898000.0,2.25,2.22,695142000.0,706122000.0,2153625000.0,,260940000.0,3958648000.0,122943000.0,,381241000.0,7154622000.0,,3849804000.0,,,251084000.0,11592048000.0,2554416000.0,,,4389582000.0,,463744000.0,,741097000.0,,3929379000.0,-244471000.0,,11592048000.0,438162000.0,67671000.0,7527000.0,52695000.0,1019406000.0,,,799785000.0,,,1812337000.0,,,,,,705899000.0,,,-693821000.0,90329000.0,59998000.0,-1090584000.0,3879000.0,
2015-01-31,29078407000.0,,2344916000.0,,4695384000.0,,3930915000.0,,3549884000.0,1334756000.0,2215128000.0,3.2,3.15,692691000.0,703545000.0,2493775000.0,,213824000.0,3217923000.0,-260353000.0,,356824000.0,6715061000.0,,3868365000.0,169000000.0,,210539000.0,11128381000.0,2007511000.0,672943000.0,,3929634000.0,,422516000.0,,888137000.0,,4133882000.0,-554385000.0,4264230000.0,11128381000.0,588975000.0,88014000.0,102070000.0,9052000.0,332271000.0,,,285223000.0,,,3008369000.0,,,,,,911522000.0,,,-954637000.0,143005000.0,95063000.0,-1559542000.0,344029000.0,
2015-05-02,6865637000.0,,,,1168657000.0,,845129000.0,,765115000.0,290514000.0,474601000.0,0.7,0.69,681369000.0,691206000.0,2259965000.0,,263466000.0,3531600000.0,147568000.0,,,6872089000.0,,3936731000.0,,,224817000.0,11365946000.0,2153296000.0,,,4136536000.0,,436819000.0,,878389000.0,,4117299000.0,-507394000.0,4290290000.0,11365946000.0,148540000.0,21150000.0,-17707000.0,48734000.0,298651000.0,,,135614000.0,,,447539000.0,,,,,,201234000.0,,,-242471000.0,37314000.0,28430000.0,-474599000.0,-233810000.0,
2015-08-01,14229368000.0,,,,2416195000.0,,1843365000.0,,1651309000.0,627373000.0,1023936000.0,1.51,1.49,678735000.0,688579000.0,1910770000.0,,260952000.0,3749636000.0,128198000.0,,,6796837000.0,,3995978000.0,,,218239000.0,11341042000.0,2258997000.0,,,4160861000.0,,391874000.0,,888281000.0,,4138644000.0,-536947000.0,4276067000.0,11341042000.0,298458000.0,43767000.0,-14902000.0,46922000.0,525327000.0,,,249627000.0,,,928580000.0,,,,,,404875000.0,,,-470833000.0,47992000.0,33977000.0,-1031994000.0,-583005000.0,
2015-10-31,21982863000.0,,,,3708596000.0,,2884700000.0,,2592499000.0,981307000.0,1611192000.0,2.38,2.35,676220000.0,686072000.0,1723336000.0,,273856000.0,4441989000.0,120875000.0,,,7348157000.0,,4066987000.0,,,215330000.0,11992433000.0,2696601000.0,,,4730078000.0,,380794000.0,,907093000.0,,4226107000.0,-545175000.0,4350461000.0,11992433000.0,453706000.0,71063000.0,-39875000.0,60172000.0,1197845000.0,,,677227000.0,,,1656564000.0,,,,,57104000.0,650667000.0,,,-848838000.0,81377000.0,54294000.0,-1564527000.0,-770439000.0,
2016-01-30,30944938000.0,,2573883000.0,,5205715000.0,,4100343000.0,,3658300000.0,1380642000.0,2277658000.0,3.38,3.33,673484000.0,683251000.0,2095473000.0,,238072000.0,3695113000.0,538418000.0,,,6772560000.0,,4137575000.0,193911000.0,,231720000.0,11499482000.0,2203050000.0,511007000.0,,4402230000.0,,285102000.0,,881021000.0,,4311051000.0,-667472000.0,4307075000.0,11499482000.0,616696000.0,94107000.0,31204000.0,27357000.0,506633000.0,,,216265000.0,,,2937343000.0,,,,,57104000.0,889380000.0,,,-1063115000.0,132033000.0,64680000.0,-2175855000.0,-398302000.0,
2016-04-30,7542356000.0,,,,1335050000.0,,918886000.0,,824969000.0,316623000.0,508346000.0,0.77,0.76,661515000.0,670388000.0,1944155000.0,,281631000.0,3904989000.0,,,,6877701000.0,,4229704000.0,,,240759000.0,11704722000.0,2136751000.0,,,4296735000.0,,349004000.0,,908537000.0,,4410298000.0,-536412000.0,4534969000.0,11704722000.0,157014000.0,24959000.0,16112000.0,40776000.0,161565000.0,,,-96434000.0,,,420268000.0,,,,,2324000.0,266236000.0,,,-289141000.0,63933000.0,37893000.0,-379492000.0,-151318000.0,
2016-07-30,15424409000.0,,,,2728298000.0,,1954080000.0,,1739551000.0,669031000.0,1070520000.0,1.62,1.6,659825000.0,668754000.0,1803648000.0,,288777000.0,3870605000.0,,,,6810674000.0,,4263380000.0,,,244890000.0,11670653000.0,2258251000.0,,,4314205000.0,,360178000.0,,928962000.0,,4454392000.0,-659681000.0,4451356000.0,11670653000.0,324767000.0,49886000.0,47057000.0,51194000.0,190884000.0,,,62180000.0,,,1158619000.0,,,,,2324000.0,508435000.0,,,-567576000.0,89976000.0,49836000.0,-927858000.0,-291825000.0,
2016-10-29,23716097000.0,,,,4190872000.0,,3037223000.0,,2629384000.0,1009078000.0,1620306000.0,2.46,2.43,657746000.0,666632000.0,2375532000.0,,306426000.0,4384171000.0,,,,7942334000.0,,4318829000.0,,,258223000.0,12866836000.0,2686845000.0,,,4894514000.0,,317107000.0,,1098491000.0,,4479467000.0,-801557000.0,4329811000.0,12866836000.0,492395000.0,77380000.0,52629000.0,72487000.0,758601000.0,,,524981000.0,,,2087294000.0,,,,,2324000.0,767197000.0,,,-871282000.0,110902000.0,60332000.0,-931740000.0,280059000.0,
2017-01-28,33183744000.0,,2680870000.0,,5768467000.0,,4257759000.0,,3723043000.0,1424809000.0,2298234000.0,3.51,3.46,655647000.0,664432000.0,2929849000.0,,258831000.0,3644959000.0,588969000.0,,,7750774000.0,,4532894000.0,195871000.0,,398076000.0,12883808000.0,2230904000.0,547523000.0,,4757656000.0,,314000000.0,,1073954000.0,,4558506000.0,-694226000.0,4510599000.0,12883808000.0,658796000.0,102251000.0,-5503000.0,23235000.0,-11862000.0,,,48253000.0,,,3601894000.0,,,,,2324000.0,1024747000.0,,,-1214878000.0,164190000.0,70999000.0,-1561912000.0,834376000.0,
2017-04-29,7784024000.0,,,,1411603000.0,,948997000.0,,832508000.0,296229000.0,536279000.0,0.83,0.82,644425000.0,654799000.0,2669495000.0,,317224000.0,3736114000.0,,,,7548500000.0,,4601044000.0,195585000.0,,412005000.0,12763481000.0,2174727000.0,,,4605392000.0,,304689000.0,,1071526000.0,,4605681000.0,-695434000.0,4553523000.0,12763481000.0,172485000.0,24051000.0,8250000.0,58147000.0,88558000.0,,,-56968000.0,,,448434000.0,,,,,,258515000.0,,,-201757000.0,52033000.0,,-484114000.0,-260354000.0,
2017-07-29,16141724000.0,,,,2895251000.0,,1959419000.0,,1724208000.0,634972000.0,1089236000.0,1.7,1.67,641776000.0,651892000.0,2449305000.0,,305401000.0,3864454000.0,,,,7567781000.0,,4744690000.0,197522000.0,,419121000.0,12935615000.0,2346548000.0,,,4656533000.0,,392651000.0,,1116524000.0,,4465260000.0,-560730000.0,4540804000.0,12935615000.0,348130000.0,49515000.0,38874000.0,43150000.0,168775000.0,,,84558000.0,,,1103046000.0,,,,,,506862000.0,,,-452816000.0,60818000.0,,-1211745000.0,-480544000.0,
2017-10-28,24903944000.0,,,,4479470000.0,,3082884000.0,,2744208000.0,1013536000.0,1730672000.0,2.71,2.67,639191000.0,648672000.0,2364244000.0,,345866000.0,4725850000.0,,,,8390034000.0,,4858284000.0,196365000.0,,426357000.0,13877695000.0,2986374000.0,,,5467981000.0,,374276000.0,,1159975000.0,,4616224000.0,-602919000.0,4645608000.0,13877695000.0,532424000.0,77152000.0,35802000.0,84403000.0,1042664000.0,,,733340000.0,,,1929423000.0,,,,,,827529000.0,,,-799383000.0,89198000.0,,-1735868000.0,-565605000.0,
2018-02-03,35864664000.0,,3111320000.0,,6375071000.0,,4403208000.0,,3856588000.0,1248640000.0,2607948000.0,4.1,4.04,636827000.0,646105000.0,2758477000.0,,327166000.0,4187243000.0,354159000.0,,,8485727000.0,,5006053000.0,100069000.0,,459608000.0,14058015000.0,2488373000.0,626086000.0,,5125537000.0,,233057000.0,176772000.0,1320505000.0,,4962159000.0,-441859000.0,5148309000.0,14058015000.0,725957000.0,101362000.0,-137440000.0,62358000.0,450377000.0,,,205111000.0,,,3025624000.0,,,,,,1057617000.0,,,-1012736000.0,133687000.0,,-2297346000.0,-171372000.0,
2018-05-05,8688720000.0,,,,1550775000.0,,1063826000.0,,955558000.0,239177000.0,716381000.0,1.14,1.13,626612000.0,634436000.0,2681105000.0,,368314000.0,4369893000.0,,,,8422275000.0,,5026092000.0,98614000.0,,456965000.0,14007124000.0,2509089000.0,,,4976864000.0,,260649000.0,,1275843000.0,,5192735000.0,-555530000.0,5262408000.0,14007124000.0,192295000.0,24029000.0,7335000.0,43787000.0,225187000.0,,,44037000.0,,,724885000.0,,,,,,264943000.0,,,-220492000.0,84561000.0,,-526007000.0,-77372000.0,
2018-08-04,,12814054000.0,,,3250489000.0,,2223657000.0,,1948115000.0,492108000.0,1456007000.0,2.33,2.3,625019000.0,633684000.0,2872717000.0,,356180000.0,4498523000.0,,,,8439972000.0,,5100454000.0,98114000.0,,472888000.0,14111428000.0,2683285000.0,,,5137817000.0,,,,1289353000.0,,5204704000.0,-598398000.0,5227073000.0,14111428000.0,396315000.0,49941000.0,-18227000.0,33180000.0,385593000.0,,,237690000.0,,,1560665000.0,,,,,,573900000.0,,,-71061000.0,163485000.0,,-1285629000.0,114240000.0,
2018-11-03,,19797537000.0,,,5006937000.0,,3437260000.0,,2994633000.0,776373000.0,2218260000.0,1.78,1.75,1245639000.0,1264100000.0,2711767000.0,,419790000.0,5543413000.0,,,,9317013000.0,,5165875000.0,97348000.0,,445006000.0,15025242000.0,3340596000.0,,,6013825000.0,,,,1284911000.0,,4615575000.0,-591847000.0,5256873000.0,15025242000.0,601227000.0,77353000.0,-15630000.0,97891000.0,1442577000.0,,,902502000.0,,,2477757000.0,,,,,,872963000.0,,,-369220000.0,239608000.0,,-2055529000.0,-46710000.0,
2019-02-02,,27831177000.0,3093700000.0,,6923564000.0,,4763227000.0,,4173211000.0,1113413000.0,3059798000.0,2.47,2.43,1241153000.0,1259252000.0,3030229000.0,,346298000.0,4579033000.0,428284000.0,,,8469222000.0,,5255208000.0,97552000.0,,497580000.0,14326029000.0,2644143000.0,770269000.0,,5531374000.0,,158191000.0,0.0,1354242000.0,,4461744000.0,-630321000.0,5048606000.0,14326029000.0,819655000.0,103557000.0,-88594000.0,23532000.0,465429000.0,,,198212000.0,1677251000.0,,4088459000.0,,,,,,1125139000.0,,-26652000.0,-623552000.0,255241000.0,0.0,-3097481000.0,271752000.0,
2019-05-04,,6637885000.0,,,1702401000.0,,,,936482000.0,236304000.0,700178000.0,0.58,0.57,1214531000.0,1233407000.0,2235056000.0,,393276000.0,5057202000.0,,,,8067212000.0,,5018598000.0,96685000.0,,490401000.0,22489064000.0,2578370000.0,,,6581019000.0,,,,752968000.0,,4552509000.0,-633282000.0,5131895000.0,22489064000.0,212201000.0,25732000.0,8098000.0,47658000.0,487085000.0,,,-60472000.0,,,149239000.0,,,,,,316909000.0,,,-326709000.0,59772000.0,,-599585000.0,-795173000.0,
2019-08-03,,13663942000.0,,,3433736000.0,,,,1957789000.0,498649000.0,1459140000.0,1.2,1.19,1212528000.0,1231211000.0,2186382000.0,,377057000.0,5087046000.0,,,,8268604000.0,,5041878000.0,95938000.0,,498615000.0,22854979000.0,2607651000.0,,,6600741000.0,,,,776654000.0,,4806504000.0,-712825000.0,5302612000.0,22854979000.0,427834000.0,55400000.0,37855000.0,35848000.0,560386000.0,,,-6823000.0,,,899244000.0,,,,,,578018000.0,,-7419000.0,-580219000.0,102475000.0,,-1138021000.0,-843847000.0,
2019-11-02,,21103975000.0,,,5319659000.0,,,,3079908000.0,792505000.0,2287403000.0,1.89,1.86,1210475000.0,1228903000.0,2060176000.0,,442883000.0,6274778000.0,,,,9374615000.0,,5250971000.0,96313000.0,,492175000.0,24288704000.0,3447443000.0,,,7687144000.0,,,,797573000.0,,4976762000.0,-637414000.0,5542532000.0,24288704000.0,647389000.0,86590000.0,42120000.0,99476000.0,1701704000.0,,,805766000.0,,,1873528000.0,,,,,,992712000.0,,-7419000.0,-997755000.0,175285000.0,,-1833494000.0,-970053000.0,
2020-02-01,,29845780000.0,3464657000.0,,7454988000.0,,,,4406183000.0,1133990000.0,3272193000.0,2.71,2.67,1208163000.0,1226519000.0,3216752000.0,,386261000.0,4872592000.0,2813801000.0,,,8890622000.0,,5325048000.0,95546000.0,,761323000.0,24145003000.0,2672557000.0,883684000.0,,7150247000.0,,,,851116000.0,,5422283000.0,-673171000.0,5948212000.0,24145003000.0,867303000.0,124957000.0,-6233000.0,42998000.0,296541000.0,,,29338000.0,1690073000.0,,4066540000.0,,,,,,1223116000.0,,-7419000.0,-1461971000.0,232106000.0,,-2414871000.0,186523000.0,
2020-05-02,,4414465000.0,,,1313920000.0,,,,-1342848000.0,-455359000.0,-887489000.0,-0.74,-0.74,1197809000.0,1197809000.0,4287835000.0,,172463000.0,4945720000.0,,,,10296248000.0,,5201697000.0,94469000.0,,712186000.0,25415240000.0,1071190000.0,,,4669547000.0,,,,786008000.0,,4330561000.0,-797324000.0,4739218000.0,25415240000.0,219460000.0,-11531000.0,-48464000.0,-210419000.0,136027000.0,,,-1567597000.0,158948000.0,,-3160483000.0,,,,,,210525000.0,,,-221103000.0,37444000.0,,4490509000.0,1071083000.0,
2020-08-01,,9588955000.0,,,2841688000.0,,,,-1434867000.0,-333158000.0,-1101709000.0,-0.92,-0.92,1198634000.0,1198634000.0,6620411000.0,,444229000.0,3744062000.0,,,,11517947000.0,,5100411000.0,97131000.0,,740459000.0,26568402000.0,2422140000.0,,,7647251000.0,,,,848253000.0,,4115917000.0,-722941000.0,4660569000.0,26568402000.0,439525000.0,27647000.0,-88562000.0,56041000.0,-1111612000.0,,,-240356000.0,355397000.0,,196775000.0,,,,,,309910000.0,,0.0,-318818000.0,59532000.0,,3512519000.0,3403659000.0,
2020-10-31,,16651240000.0,,,4827816000.0,,,,1015992000.0,-183822000.0,866656000.0,0.72,0.71,1199951000.0,1214195000.0,10600000000.0,,463732000.0,4997506000.0,,,,16653906000.0,,5004774000.0,96733000.0,,725259000.0,31565500000.0,6142547000.0,,,11817194000.0,,,,860497000.0,,4982573000.0,-742861000.0,5566756000.0,31565500000.0,658497000.0,58909000.0,-112965000.0,76604000.0,134877000.0,,,3464266000.0,650956000.0,,4276760000.0,,,,,,433604000.0,,0.0,-444178000.0,87721000.0,,3540708000.0,7365241000.0,
2021-01-30,,24533815000.0,3060635000.0,,7020917000.0,,,,89263000.0,-1207000.0,325523000.0,0.27,0.27,1199927000.0,1214703000.0,10500000000.0,,461139000.0,4337389000.0,90027000.0,,,15739337000.0,,5036096000.0,98998000.0,,821935000.0,30813555000.0,4823397000.0,1114070000.0,,10803668000.0,,,,1063902000.0,,4973542000.0,-606071000.0,5832684000.0,30813555000.0,870758000.0,58519000.0,-230690000.0,71091000.0,-588756000.0,,,2111189000.0,1159242000.0,,4600000000.0,,,,,,568021000.0,,0.0,-578597000.0,211189000.0,,3228262000.0,7252818000.0,
2021-05-01,,7255635000.0,,,2064992000.0,,,,721346000.0,187416000.0,533930000.0,0.44,0.44,1205439000.0,1221517000.0,8775485000.0,,621177000.0,5114643000.0,,,,15016049000.0,,5067824000.0,99324000.0,,860844000.0,30301434000.0,4433295000.0,,,9906961000.0,,,,1033236000.0,,5192536000.0,-581184000.0,6139214000.0,30301434000.0,215379000.0,50536000.0,-16181000.0,156999000.0,750553000.0,,,-410244000.0,323773000.0,,-432727000.0,,,,,,225293000.0,,,-224905000.0,36539000.0,,-1053102000.0,-1694085000.0,
2021-07-31,,15783765000.0,,,4288684000.0,,,,1775678000.0,456067000.0,1319611000.0,1.09,1.08,1205247000.0,1221012000.0,7106016000.0,,615634000.0,5086631000.0,,,,13389030000.0,,5107346000.0,97972000.0,,878357000.0,28783446000.0,4413316000.0,,,10042058000.0,,,,1072847000.0,,5663492000.0,-577692000.0,6406384000.0,28783446000.0,430561000.0,114121000.0,-39258000.0,154350000.0,733035000.0,,,-425274000.0,769970000.0,,946879000.0,,,,,,444944000.0,,,-442761000.0,62510000.0,,-3863444000.0,-3363554000.0,
2021-10-30,,24619297000.0,,,6585333000.0,,,,3154713000.0,812102000.0,2342611000.0,1.95,1.92,1203718000.0,1219238000.0,6791596000.0,,615119000.0,6633328000.0,,,,14576110000.0,,5165250000.0,98604000.0,,893605000.0,30070986000.0,5443007000.0,,,11328733000.0,,,,1013537000.0,,5831720000.0,-581207000.0,6444774000.0,30070986000.0,647610000.0,156575000.0,-44285000.0,155554000.0,2287326000.0,,,611934000.0,1169729000.0,,1946933000.0,,,,,,715542000.0,,,-715625000.0,146393000.0,,-4888533000.0,-3677974000.0,
2022-01-29,,34713812000.0,,,9081238000.0,,,,4397608000.0,1114793000.0,3282815000.0,2.74,2.7,1199990000.0,1215591000.0,6226765000.0,,517623000.0,5961573000.0,140796000.0,,,13258597000.0,,5270827000.0,96662000.0,,796467000.0,28461458000.0,4465427000.0,1278881000.0,,10468140000.0,,,,1015720000.0,,5508953000.0,-687150000.0,6002992000.0,28461458000.0,868002000.0,189048000.0,-44450000.0,61452000.0,1657753000.0,,,-338091000.0,1832107000.0,,3057485000.0,,,,,,1044794000.0,,0.0,-1046386000.0,229439000.0,,-6199758000.0,-4242805000.0,
2022-04-30,,8223213000.0,,,2094582000.0,,,,852275000.0,264802000.0,587473000.0,0.5,0.49,1177141000.0,1189263000.0,4295068000.0,,576300000.0,6989788000.0,,,,12480222000.0,,5289164000.0,96910000.0,,599318000.0,27709904000.0,4370563000.0,,,10018519000.0,,,,908907000.0,,5163713000.0,-740984000.0,5595440000.0,27709904000.0,219605000.0,27336000.0,11501000.0,65740000.0,1085340000.0,,,-52817000.0,383892000.0,,-634476000.0,,,,,,314351000.0,,,-324472000.0,18055000.0,,-931090000.0,-1931697000.0,
2022-07-30,,16794763000.0,,,4269443000.0,,,,1937865000.0,541052000.0,1396813000.0,1.19,1.18,1172531000.0,1183704000.0,3531212000.0,,555691000.0,7083260000.0,,,,11834765000.0,,5389735000.0,96648000.0,,611053000.0,27090606000.0,4085478000.0,,,10147119000.0,,,,916663000.0,,5002903000.0,-768141000.0,5396649000.0,27090606000.0,437733000.0,58186000.0,25867000.0,47758000.0,1206761000.0,,,-311338000.0,852192000.0,,6237000.0,,,,,,693495000.0,,,-703383000.0,49982000.0,,-1944887000.0,-2695553000.0,
2022-10-29,,25417319000.0,,,6454389000.0,,,,3297076000.0,837457000.0,2459619000.0,2.1,2.08,1168608000.0,1179892000.0,3364678000.0,,570865000.0,8328680000.0,,,,12988793000.0,,5572720000.0,94501000.0,,613279000.0,28428450000.0,4993269000.0,,,11233629000.0,,,,906736000.0,,5338018000.0,-829599000.0,5664683000.0,28428450000.0,656081000.0,94564000.0,34655000.0,68729000.0,2544990000.0,,,647264000.0,1258784000.0,,1059252000.0,,,,,,1099748000.0,,,-1110240000.0,114501000.0,,-2715495000.0,-2862087000.0,
2023-01-28,,36149000000.0,,,8927000000.0,,,,4636000000.0,1138000000.0,3498000000.0,3.0,2.97,1166000000.0,1178000000.0,5477000000.0,,563000000.0,5819000000.0,31000000.0,,,12456000000.0,,5783000000.0,97000000.0,,769000000.0,28349000000.0,3794000000.0,1350000000.0,,10305000000.0,,,,919000000.0,,5815000000.0,-606000000.0,6364000000.0,28349000000.0,887000000.0,122000000.0,64000000.0,51000000.0,-58000000.0,,,-600000000.0,1927000000.0,,4084000000.0,,,,,,1457000000.0,,,-1470000000.0,321000000.0,,-3306000000.0,-750000000.0,
2023-04-29,,8374000000.0,,,2238000000.0,,,,1208000000.0,317000000.0,891000000.0,0.77,0.76,1153000000.0,1165000000.0,5025000000.0,,587000000.0,6441000000.0,,,,12595000000.0,,5899000000.0,95000000.0,,765000000.0,28681000000.0,4304000000.0,,,10534000000.0,,,,865000000.0,,5864000000.0,-592000000.0,6422000000.0,28681000000.0,232000000.0,34000000.0,16000000.0,22000000.0,624000000.0,,,507000000.0,381000000.0,,745000000.0,,,,,,361000000.0,,,-362000000.0,28000000.0,,-837000000.0,-452000000.0,
2023-07-29,,17284000000.0,,,4797000000.0,,,,2535000000.0,655000000.0,1880000000.0,1.63,1.62,1151000000.0,1163000000.0,4550000000.0,,548000000.0,6585000000.0,,,,12338000000.0,,6166000000.0,95000000.0,,768000000.0,28922000000.0,4438000000.0,,,10317000000.0,,,,915000000.0,,6014000000.0,-551000000.0,6608000000.0,28922000000.0,467000000.0,70000000.0,16000000.0,-19000000.0,734000000.0,,,619000000.0,858000000.0,,2086000000.0,,,,,,820000000.0,,,-819000000.0,81000000.0,,-2214000000.0,-927000000.0,
2023-10-28,,26423000000.0,,,7375000000.0,,,,4124000000.0,1053000000.0,3071000000.0,2.68,2.65,1148000000.0,1161000000.0,4290000000.0,,560000000.0,8285000000.0,,,,13806000000.0,,6262000000.0,94000000.0,,748000000.0,30351000000.0,5425000000.0,,,11640000000.0,,,,908000000.0,,6345000000.0,-653000000.0,6833000000.0,30351000000.0,712000000.0,114000000.0,13000000.0,-1000000.0,2528000000.0,,,1666000000.0,1283000000.0,,3257000000.0,,,,,,1280000000.0,,,-1281000000.0,203000000.0,,-3118000000.0,-1187000000.0,
2024-02-03,,37951000000.0,,,10469000000.0,,,,5967000000.0,1493000000.0,4474000000.0,3.9,3.86,1146000000.0,1159000000.0,5600000000.0,,529000000.0,5965000000.0,24000000.0,,,12664000000.0,,6571000000.0,95000000.0,,849000000.0,29747000000.0,3862000000.0,1399000000.0,,10451000000.0,,,,924000000.0,,6700000000.0,-532000000.0,7302000000.0,29747000000.0,964000000.0,160000000.0,-7000000.0,-37000000.0,145000000.0,,,64000000.0,2020000000.0,,6057000000.0,,,,,,1722000000.0,,,-1717000000.0,285000000.0,,-4215000000.0,123000000.0,
2024-05-04,,8739000000.0,,,2400000000.0,,,,1390000000.0,320000000.0,1070000000.0,0.95,0.93,1132000000.0,1146000000.0,5059000000.0,,542000000.0,6218000000.0,,,,12409000000.0,,6622000000.0,95000000.0,,898000000.0,29679000000.0,4072000000.0,,,10100000000.0,,,,894000000.0,,6921000000.0,-550000000.0,7502000000.0,29679000000.0,264000000.0,38000000.0,24000000.0,13000000.0,266000000.0,,,219000000.0,400000000.0,,737000000.0,,,,,,419000000.0,,,-427000000.0,90000000.0,,-840000000.0,-541000000.0,
2024-08-03,,18119000000.0,,,5066000000.0,,,,2858000000.0,689000000.0,2169000000.0,1.92,1.89,1131000000.0,1145000000.0,5250000000.0,,521000000.0,6470000000.0,,,,12890000000.0,,6968000000.0,95000000.0,,942000000.0,30555000000.0,4503000000.0,,,10621000000.0,,,,960000000.0,,7186000000.0,-532000000.0,7782000000.0,30555000000.0,529000000.0,84000000.0,43000000.0,-8000000.0,512000000.0,,,648000000.0,889000000.0,,2366000000.0,,,,,,982000000.0,,,-990000000.0,191000000.0,,-1722000000.0,-350000000.0,
2024-11-02,,27741000000.0,,,7814000000.0,,,,4594000000.0,1128000000.0,3466000000.0,3.07,3.03,1130000000.0,1144000000.0,4718000000.0,,599000000.0,8371000000.0,,,,14352000000.0,,7136000000.0,95000000.0,,1141000000.0,32436000000.0,5617000000.0,,,12017000000.0,,,,1002000000.0,,7596000000.0,-547000000.0,8173000000.0,32436000000.0,795000000.0,131000000.0,58000000.0,70000000.0,2415000000.0,,,1760000000.0,1315000000.0,,3412000000.0,,,,,,1404000000.0,,,-1607000000.0,254000000.0,,-2675000000.0,-882000000.0,
