Date,Net sales,Cost of sales,Gross margin,Research and development,"Selling, general and administrative",Total operating expenses,Operating income,"Other income/(expense), net",Income before provision for income taxes,Provision for income taxes,Net income,Earnings per share basic,Earnings per share diluted,Weighted-average basic,Weighted-average diluted,Cash and cash equivalents,Short-term marketable securities,"Accounts receivable, net",Inventories,Deferred tax assets,Vendor non-trade receivables,Other current assets,Total current assets,Long-term marketable securities,"Property, Plant and Equipment, Net",Goodwill,"Acquired intangible assets, net","Other Assets, Noncurrent",Total assets,accounts payable,Accrued expenses,Deferred revenue,Total current liabilities,Deferred revenue - non-current,deferred tax liabilities,long term taxes payable,Total other non-current liabilities,Total liabilities,Retained Earnings (Accumulated Deficit),Accumulated other comprehensive (loss)/income,Total shareholders equity,Total liabilities and shareholders' equity,"Depreciation, amortization and accretion",Stock-based compensation expense,Deferred income tax expense,"Increase (Decrease) in Accounts receivable, net",Increase (Decrease) in Inventories,Increase (Decrease) in Other Receivables,Increase (Decrease) in Other Operating Assets,Increase (Decrease) in Accounts Payable,Increase (Decrease) in Deferred Revenue,Increase (Decrease) Other liabilities,Cash generated by operating activities,Purchases of marketable securities,Proceeds from maturities of marketable securities,Proceeds from sales of marketable securities,Purchases of other long-term investments,"Business acquisitions, net of cash acquired",Cash payments for capital asset purchases,Payments for acquisition of intangible assets,Payments for (Proceeds from) Other Investing Activities,Cash used in investing activities,Proceeds from issuance of common stock,Excess tax benefits from stock-based compensation,Cash generated/used in financing activities,Increase/(decrease) in cash and cash equivalents,"Cash paid for income taxes, net"
2009-12-31,10109700000.0,,,,2668900000.0,9060800000.0,1048900000.0,,,75800000.0,850300000.0,2.06,2.01,412400000.0,422800000.0,1564100000.0,,1409600000.0,1131400000.0,160000000.0,,258700000.0,4530900000.0,,1333400000.0,8982900000.0,6337000000.0,440800000.0,21625000000.0,533600000.0,534000000.0,139800000.0,1639300000.0,,1933800000.0,,555100000.0,,4350800000.0,92000000.0,15430900000.0,21625000000.0,787300000.0,68100000.0,,127300000.0,108200000.0,,-18400000.0,-44900000.0,,-16300000.0,1659200000.0,0.0,,800000.0,,637300000.0,207500000.0,,4000000.0,-829500000.0,54400000.0,2600000.0,-557500000.0,283600000.0,
2010-04-03,2675100000.0,,,,719100000.0,2382100000.0,293000000.0,,,38300000.0,232300000.0,0.57,0.56,409600000.0,418200000.0,1431700000.0,,1493800000.0,,161000000.0,,279000000.0,4528600000.0,,1312300000.0,9108700000.0,6238600000.0,436400000.0,21624600000.0,596100000.0,553300000.0,167800000.0,1775700000.0,,1897600000.0,,541000000.0,,4583100000.0,-47300000.0,15480000000.0,21624600000.0,199700000.0,19100000.0,,-102100000.0,-34900000.0,,-23000000.0,74000000.0,,15700000.0,343100000.0,,,200000.0,,229100000.0,50600000.0,,-600000.0,-277900000.0,26800000.0,4800000.0,-178100000.0,-132400000.0,
2010-07-03,5324100000.0,,,,1411600000.0,4719100000.0,605000000.0,,,76200000.0,469600000.0,1.15,1.13,409400000.0,417100000.0,1307400000.0,,1472500000.0,,162900000.0,,247500000.0,4348000000.0,,1297700000.0,9100200000.0,6052900000.0,482100000.0,21280900000.0,568500000.0,512700000.0,163800000.0,1616000000.0,,1752500000.0,,534500000.0,,4820400000.0,-150100000.0,15345100000.0,21280900000.0,390900000.0,41400000.0,,-100600000.0,-51100000.0,,-9400000.0,51700000.0,,-47900000.0,626800000.0,,,400000.0,,287800000.0,109000000.0,,500000.0,-390500000.0,49400000.0,7800000.0,-491800000.0,-256700000.0,
2010-10-02,8007600000.0,,,,2108300000.0,7084000000.0,923600000.0,,,110900000.0,738100000.0,1.82,1.79,406500000.0,412900000.0,930200000.0,,1562100000.0,,169100000.0,,292800000.0,4171000000.0,,1366000000.0,9285600000.0,6186900000.0,527500000.0,21537000000.0,581900000.0,542300000.0,165500000.0,1770600000.0,,1768400000.0,,540500000.0,,5088900000.0,79200000.0,15396600000.0,21537000000.0,579400000.0,62600000.0,,-133900000.0,-62200000.0,,-37600000.0,47400000.0,,39600000.0,1059600000.0,,,500000.0,,545400000.0,173600000.0,,-3600000.0,-706600000.0,52600000.0,7900000.0,-973100000.0,-633900000.0,
2010-12-31,10788700000.0,,,,2826200000.0,9523800000.0,1264900000.0,,,131500000.0,1035600000.0,2.57,2.53,403300000.0,409400000.0,917100000.0,,1516800000.0,1175100000.0,-1363000000.0,,318700000.0,4135000000.0,,1408600000.0,9270600000.0,6041100000.0,494100000.0,21349400000.0,551000000.0,524400000.0,158300000.0,1709800000.0,,1684400000.0,,562900000.0,,5386400000.0,43600000.0,15361000000.0,21349400000.0,770000000.0,83100000.0,-266700000.0,-89500000.0,-27900000.0,,-81300000.0,2500000.0,,33700000.0,1497800000.0,,,,,606200000.0,265500000.0,,1500000.0,-858900000.0,77300000.0,12800000.0,-1295100000.0,-647000000.0,
2011-04-02,2721400000.0,,,,708700000.0,2399900000.0,321500000.0,,299000000.0,51800000.0,252200000.0,0.65,0.64,388600000.0,394600000.0,2788700000.0,,1565500000.0,,183800000.0,,382100000.0,6189300000.0,,1389000000.0,9038000000.0,5857000000.0,957300000.0,23430600000.0,616900000.0,552900000.0,193200000.0,4146000000.0,,1606000000.0,,623100000.0,,5638600000.0,164000000.0,15254700000.0,23430600000.0,184300000.0,21600000.0,,-64000000.0,-63100000.0,,9000000.0,68300000.0,,-32000000.0,338600000.0,,,,,23700000.0,63700000.0,,400000.0,-88900000.0,44500000.0,6400000.0,1651500000.0,1871600000.0,
2011-07-02,5618800000.0,,,,1485900000.0,5031500000.0,587300000.0,,554600000.0,89800000.0,775600000.0,2.01,1.99,385300000.0,390300000.0,1356100000.0,,1683400000.0,,195200000.0,,412000000.0,5004700000.0,,1509500000.0,10372800000.0,6650600000.0,536200000.0,24073800000.0,632900000.0,666500000.0,205000000.0,1816800000.0,,1956800000.0,,625700000.0,,6162000000.0,266000000.0,15665700000.0,24073800000.0,386900000.0,41900000.0,,66600000.0,64600000.0,,9600000.0,57700000.0,,-64800000.0,693300000.0,,,,,2091300000.0,122900000.0,,2900000.0,-1365900000.0,141800000.0,15400000.0,1125800000.0,439000000.0,
2011-10-01,8592300000.0,,,,2295600000.0,7690000000.0,902300000.0,,819300000.0,89200000.0,1041000000.0,2.72,2.68,383300000.0,387700000.0,890300000.0,,1811000000.0,,204100000.0,,415100000.0,4734600000.0,,1629200000.0,12003800000.0,8058600000.0,565300000.0,26991500000.0,610600000.0,643900000.0,192600000.0,2792500000.0,,2262400000.0,,625400000.0,,6427400000.0,-279400000.0,15195900000.0,26991500000.0,616600000.0,60700000.0,,81100000.0,64200000.0,,52600000.0,25400000.0,,-55400000.0,1054000000.0,,,,,5699400000.0,185500000.0,,2200000.0,-5069400000.0,153700000.0,16600000.0,3997000000.0,-26800000.0,
2011-12-31,11725900000.0,,,,3126500000.0,10480700000.0,1245200000.0,,1126600000.0,107000000.0,1329900000.0,3.49,3.46,380800000.0,384800000.0,1016300000.0,,1814100000.0,1355400000.0,-1926000000.0,,472100000.0,4821900000.0,,1656200000.0,11988000000.0,7815900000.0,551700000.0,26833700000.0,628700000.0,691900000.0,192500000.0,3113100000.0,,2230900000.0,,696400000.0,,6716300000.0,-399500000.0,15038100000.0,26833700000.0,863500000.0,80200000.0,-124000000.0,107300000.0,32500000.0,,124000000.0,31400000.0,,-7200000.0,1691000000.0,,,,,5698600000.0,266500000.0,,6000000.0,-5142200000.0,158100000.0,16900000.0,3550600000.0,99200000.0,
2012-03-31,3100300000.0,,,,830000000.0,2745400000.0,354900000.0,,305000000.0,28000000.0,277300000.0,0.76,0.75,367300000.0,370100000.0,788300000.0,,1894800000.0,1422300000.0,160100000.0,,499700000.0,4769500000.0,,1665300000.0,12084500000.0,7739100000.0,564300000.0,26822700000.0,691400000.0,700600000.0,227400000.0,2845400000.0,,2218700000.0,,718600000.0,,6945600000.0,-150900000.0,15289000000.0,26822700000.0,243800000.0,17300000.0,,69200000.0,76900000.0,,31000000.0,68300000.0,,-15000000.0,392000000.0,,,,,500000.0,69400000.0,,900000.0,-66200000.0,55100000.0,7700000.0,-585000000.0,-228000000.0,
2012-06-30,6164900000.0,,,,1659300000.0,5435600000.0,729300000.0,,629500000.0,56300000.0,511100000.0,1.39,1.38,367100000.0,369600000.0,732300000.0,,1803500000.0,1390700000.0,177900000.0,,558300000.0,4667000000.0,,1602500000.0,12029800000.0,7516500000.0,545500000.0,26361300000.0,652600000.0,749200000.0,215300000.0,2703200000.0,,2108100000.0,,709700000.0,,7131600000.0,-457700000.0,15094400000.0,26361300000.0,484100000.0,37500000.0,,11400000.0,103300000.0,,61500000.0,47900000.0,,19400000.0,899500000.0,,,,,178700000.0,134700000.0,,-1000000.0,-304700000.0,63800000.0,8200000.0,-869000000.0,-284000000.0,
2012-09-29,9250600000.0,,,277900000.0,2498300000.0,8169100000.0,1081500000.0,,925900000.0,53300000.0,801500000.0,2.19,2.18,365600000.0,368200000.0,832200000.0,4300000.0,1829200000.0,1517000000.0,197800000.0,,566800000.0,4947300000.0,,1669900000.0,12433800000.0,7972200000.0,554800000.0,27578000000.0,684300000.0,816300000.0,208400000.0,2522500000.0,,2009300000.0,,718200000.0,,7374800000.0,-200300000.0,15290500000.0,27578000000.0,729300000.0,57800000.0,,16200000.0,132600000.0,,81200000.0,71200000.0,,102900000.0,1379400000.0,,,,,1072400000.0,210700000.0,,-1700000.0,-1266400000.0,131300000.0,12800000.0,-310300000.0,-184100000.0,
2012-12-31,12509900000.0,,,376400000.0,3354900000.0,11027800000.0,1482100000.0,,1269400000.0,11000000.0,1177900000.0,3.24,3.21,363800000.0,366600000.0,851000000.0,4300000.0,1804900000.0,1443300000.0,-1653800000.0,,549300000.0,4834800000.0,,1726400000.0,12474500000.0,7804500000.0,604400000.0,27444600000.0,641400000.0,774300000.0,196500000.0,2093300000.0,,2047200000.0,,808200000.0,,7697300000.0,-150400000.0,15464700000.0,27444600000.0,983700000.0,78200000.0,-257700000.0,-12000000.0,59900000.0,,100300000.0,10000000.0,,127200000.0,2039500000.0,,,,,1083400000.0,315100000.0,,800000.0,-1325800000.0,254100000.0,22700000.0,-917700000.0,-165300000.0,
2013-03-30,3191500000.0,,,98200000.0,829500000.0,2804400000.0,387100000.0,,342900000.0,2100000.0,336200000.0,0.94,0.93,358100000.0,361700000.0,1004100000.0,4200000.0,1904500000.0,1474600000.0,182000000.0,,566700000.0,5136100000.0,,1685800000.0,12444100000.0,7560900000.0,583800000.0,27410700000.0,660600000.0,709900000.0,226100000.0,2302800000.0,,1997600000.0,,786400000.0,,7979500000.0,-329300000.0,15599500000.0,27410700000.0,251000000.0,20400000.0,,130800000.0,67900000.0,,27200000.0,42500000.0,,-88600000.0,298300000.0,,,,,3800000.0,66000000.0,,300000.0,-67100000.0,101800000.0,16200000.0,-27800000.0,153100000.0,
2013-06-29,6431600000.0,,,194900000.0,1699100000.0,5669100000.0,762500000.0,,622900000.0,4500000.0,613600000.0,1.71,1.69,360000000.0,363500000.0,1408900000.0,4200000.0,1901500000.0,1487100000.0,180300000.0,,659500000.0,5641500000.0,,1688800000.0,12390200000.0,7330200000.0,578800000.0,27629500000.0,648900000.0,788400000.0,215200000.0,2362900000.0,,1945800000.0,,796900000.0,,8202600000.0,-456000000.0,15802800000.0,27629500000.0,500200000.0,43700000.0,,139000000.0,97600000.0,,107100000.0,33300000.0,,7400000.0,776700000.0,,,,,4700000.0,131600000.0,,-300000.0,-132400000.0,172300000.0,30600000.0,2100000.0,557900000.0,
2013-09-28,9623400000.0,,,290800000.0,2547600000.0,8468800000.0,1154600000.0,,941900000.0,5800000.0,931200000.0,2.59,2.56,361200000.0,367300000.0,1845600000.0,4200000.0,1945100000.0,1546800000.0,181600000.0,,687100000.0,6210400000.0,,1708700000.0,12495300000.0,7248200000.0,609900000.0,28272500000.0,672700000.0,800100000.0,197900000.0,2453000000.0,,1852600000.0,,811700000.0,,8465700000.0,-150400000.0,16437300000.0,28272500000.0,750600000.0,66600000.0,,155300000.0,129700000.0,,69000000.0,49100000.0,,66100000.0,1282200000.0,,,,,5500000.0,187900000.0,,-8900000.0,-193300000.0,204900000.0,39800000.0,-13500000.0,1040000000.0,
2013-12-31,13090300000.0,,,395500000.0,3446300000.0,11480700000.0,1609600000.0,,1319500000.0,40400000.0,1273300000.0,3.53,3.48,360300000.0,365800000.0,5826000000.0,4500000.0,1942300000.0,1494500000.0,192500000.0,,420900000.0,9880700000.0,,1767400000.0,12503300000.0,7071300000.0,640700000.0,31863400000.0,691500000.0,815900000.0,198900000.0,3126000000.0,,1609900000.0,,771800000.0,,8753300000.0,-77200000.0,16856100000.0,31863400000.0,999900000.0,90900000.0,-425700000.0,147900000.0,72200000.0,,-168700000.0,47000000.0,,163300000.0,2010700000.0,,,,,11400000.0,282400000.0,,1800000.0,-263300000.0,230400000.0,48800000.0,3310000000.0,5020400000.0,
2014-03-29,3903500000.0,,,149700000.0,1177000000.0,3028000000.0,875500000.0,,774400000.0,231300000.0,543100000.0,1.38,1.36,393300000.0,398400000.0,1497200000.0,,2695500000.0,2060500000.0,230100000.0,,797300000.0,7306100000.0,,2488700000.0,19529500000.0,15976400000.0,833000000.0,46133700000.0,828800000.0,1140000000.0,336600000.0,5391500000.0,,3985600000.0,,1129100000.0,,9236300000.0,-62800000.0,20430600000.0,46133700000.0,365600000.0,25200000.0,,192600000.0,32100000.0,,-4200000.0,-9800000.0,,267200000.0,101200000.0,,,,,13056300000.0,104700000.0,,-100000.0,-12067900000.0,2942000000.0,48400000.0,7635100000.0,-4328800000.0,
2014-06-28,8225400000.0,,,333400000.0,2430800000.0,7001800000.0,1223600000.0,,1010900000.0,189300000.0,,2.07,2.05,399400000.0,403100000.0,584900000.0,,2660100000.0,1933800000.0,237500000.0,,507100000.0,5944400000.0,,2472000000.0,19439300000.0,15621600000.0,836100000.0,44313400000.0,849900000.0,1138900000.0,342500000.0,6235600000.0,,3788300000.0,,1128900000.0,,9454600000.0,-111700000.0,20658600000.0,44313400000.0,800400000.0,56000000.0,,153700000.0,53800000.0,,-258900000.0,3400000.0,,233100000.0,989900000.0,,,,,13054500000.0,180200000.0,,3700000.0,-12074100000.0,2942000000.0,55600000.0,5820900000.0,-5241100000.0,
2014-09-27,12396800000.0,,,508600000.0,3659500000.0,10532900000.0,1863900000.0,,1550100000.0,258600000.0,,3.25,3.22,399900000.0,403700000.0,534300000.0,,2507100000.0,1913700000.0,230600000.0,,524900000.0,5719900000.0,,2406100000.0,19046800000.0,14698300000.0,819700000.0,42690800000.0,818100000.0,1037800000.0,325900000.0,6222100000.0,,,,1096400000.0,,9866000000.0,-724300000.0,20510600000.0,42690800000.0,1256100000.0,86600000.0,,117300000.0,109100000.0,,-205800000.0,-3300000.0,,304800000.0,1665900000.0,,,,,13056100000.0,270900000.0,,4000000.0,-11656700000.0,2942000000.0,61100000.0,4706800000.0,-5291700000.0,
2014-12-31,16889600000.0,,,691100000.0,4896100000.0,14386600000.0,2503000000.0,,2087200000.0,191700000.0,,4.76,4.71,398200000.0,402300000.0,1343500000.0,,2473600000.0,1859500000.0,303300000.0,,551400000.0,6539800000.0,,2426500000.0,18842600000.0,14110100000.0,933100000.0,42852100000.0,820700000.0,1170800000.0,311900000.0,5349800000.0,,,,1171900000.0,,10406900000.0,-1285000000.0,20548100000.0,42852100000.0,1684800000.0,117100000.0,-692600000.0,145400000.0,109800000.0,,-163100000.0,1200000.0,,308400000.0,2619600000.0,,,,,13060100000.0,427600000.0,,3300000.0,-11782700000.0,2942000000.0,65600000.0,4796100000.0,-4482500000.0,
2015-03-28,3918800000.0,,,165800000.0,1137400000.0,3431500000.0,487300000.0,,382000000.0,-3100000.0,,0.97,0.96,397800000.0,401400000.0,864600000.0,,2538000000.0,1898800000.0,299400000.0,,571300000.0,6180500000.0,,2384200000.0,18732900000.0,13622500000.0,937200000.0,41857300000.0,827600000.0,1013900000.0,332900000.0,6861000000.0,,,,1162400000.0,,10732100000.0,-1846600000.0,19914800000.0,41857300000.0,416300000.0,28200000.0,,124700000.0,81300000.0,,37600000.0,34800000.0,,-395400000.0,80000000.0,,,,,298600000.0,97200000.0,,2000000.0,-394300000.0,0.0,39200000.0,-100400000.0,-478900000.0,
2015-06-27,8189700000.0,,,340400000.0,2288400000.0,7106600000.0,1083100000.0,,885600000.0,-11100000.0,,2.25,2.23,398400000.0,401500000.0,768400000.0,,2631000000.0,1962300000.0,283500000.0,,589400000.0,6236600000.0,,2406900000.0,18806900000.0,13383700000.0,940300000.0,41774400000.0,819000000.0,1067800000.0,334300000.0,6100400000.0,,,,1195600000.0,,11183700000.0,-1595100000.0,20679800000.0,41774400000.0,836000000.0,59300000.0,,201700000.0,122100000.0,,14900000.0,21700000.0,,-354800000.0,844900000.0,,,,,298600000.0,192500000.0,,1300000.0,-469300000.0,0.0,49000000.0,-929300000.0,-575100000.0,
2015-09-26,12312900000.0,,,512000000.0,3421700000.0,10666900000.0,1646000000.0,,1353700000.0,-20300000.0,,3.45,3.42,399000000.0,402000000.0,503400000.0,,2543900000.0,1987200000.0,263300000.0,,728100000.0,6025900000.0,,2392200000.0,18746300000.0,13015100000.0,967600000.0,41147100000.0,783300000.0,996200000.0,320900000.0,5735100000.0,,3031700000.0,,1252200000.0,,11599700000.0,-1886400000.0,20850200000.0,41147100000.0,1263700000.0,91800000.0,,145900000.0,175300000.0,,213700000.0,-26900000.0,,-236300000.0,1588800000.0,,,,,306000000.0,293500000.0,,1700000.0,-576000000.0,0.0,55600000.0,-1747100000.0,-840100000.0,
2015-12-31,16965400000.0,,,692300000.0,4612100000.0,14629200000.0,2336200000.0,,1936400000.0,-43900000.0,,4.96,4.92,398700000.0,401900000.0,452100000.0,,2544900000.0,1991700000.0,0.0,,752500000.0,5741200000.0,,2448800000.0,18827600000.0,12758300000.0,1113100000.0,40889000000.0,822200000.0,1143700000.0,317900000.0,4147300000.0,,2622600000.0,,1295000000.0,,12142300000.0,-1997300000.0,21350200000.0,40889000000.0,1688200000.0,125000000.0,-599500000.0,149400000.0,140700000.0,,254300000.0,-2700000.0,,147700000.0,2816900000.0,,,,,694600000.0,422900000.0,,5800000.0,-1087400000.0,0.0,64100000.0,-2491300000.0,-891400000.0,
2016-04-02,4294800000.0,,,176500000.0,1212900000.0,3776900000.0,517900000.0,,423000000.0,20700000.0,,1.02,1.01,395800000.0,398700000.0,826800000.0,,2668300000.0,2154900000.0,,,889000000.0,6539000000.0,,2483100000.0,19632500000.0,13237800000.0,1060300000.0,42952700000.0,853000000.0,1249400000.0,360500000.0,6322800000.0,,2694000000.0,,1358500000.0,,12485200000.0,-1866700000.0,20924400000.0,42952700000.0,416100000.0,33400000.0,,29900000.0,56200000.0,,38700000.0,34800000.0,,-353400000.0,289100000.0,,,,,1032400000.0,115100000.0,,-2200000.0,-1139300000.0,,27200000.0,1188000000.0,374700000.0,
2016-07-02,8830000000.0,,,358900000.0,2436000000.0,7674500000.0,1155500000.0,,944100000.0,25000000.0,,2.33,2.31,394900000.0,397700000.0,663100000.0,,2709100000.0,2086300000.0,,,872500000.0,6331000000.0,,2451600000.0,19546800000.0,12842200000.0,1081800000.0,42253400000.0,846500000.0,1263900000.0,358500000.0,5528200000.0,,,,1347900000.0,,12942500000.0,-2082100000.0,21263900000.0,42253400000.0,851200000.0,67100000.0,,95000000.0,25900000.0,,85400000.0,39900000.0,,-163600000.0,1178600000.0,,,,,1033100000.0,229900000.0,,6700000.0,-1248000000.0,,44600000.0,298800000.0,211000000.0,
2016-10-01,13320900000.0,,,542200000.0,3710600000.0,11624300000.0,1696600000.0,,1372000000.0,-45600000.0,,3.53,3.5,394800000.0,397600000.0,1970000000.0,,2895100000.0,2390900000.0,,,948400000.0,8204400000.0,,2599300000.0,21580000000.0,14522400000.0,1104600000.0,48010700000.0,941700000.0,1219000000.0,492200000.0,5259900000.0,,,,1436800000.0,,13356500000.0,-2154700000.0,21658600000.0,48010700000.0,1284200000.0,102000000.0,,112400000.0,-22300000.0,,92300000.0,66100000.0,,-194000000.0,1950400000.0,,,,,5153000000.0,310900000.0,,3200000.0,-5444000000.0,,54900000.0,5052100000.0,1517900000.0,
2016-12-31,18274100000.0,,,754800000.0,4975900000.0,15824900000.0,2449200000.0,,2023900000.0,-1400000.0,,5.12,5.09,394800000.0,397400000.0,786200000.0,,3048500000.0,2213300000.0,,,594700000.0,7021000000.0,,2577800000.0,21327800000.0,13969000000.0,1011900000.0,45907500000.0,926200000.0,1324100000.0,485900000.0,4865800000.0,,,,1572600000.0,,13926900000.0,-2636300000.0,21539300000.0,45907500000.0,1758000000.0,133500000.0,-639300000.0,352200000.0,-97800000.0,,152800000.0,55500000.0,,167600000.0,3156300000.0,,,,,5188400000.0,444400000.0,,5300000.0,-5532100000.0,0.0,53500000.0,2860600000.0,334100000.0,
2017-04-01,4765000000.0,,,215400000.0,1331200000.0,4142600000.0,622400000.0,,502900000.0,-48500000.0,,1.41,1.4,391000000.0,394100000.0,713300000.0,,3096500000.0,2327100000.0,,,684200000.0,7248100000.0,,2563300000.0,21560300000.0,13821700000.0,1020200000.0,46213600000.0,1031000000.0,1247600000.0,538900000.0,5302900000.0,,,,1463700000.0,,14419400000.0,-2473500000.0,21795200000.0,46213600000.0,464500000.0,33000000.0,,18000000.0,105100000.0,,133800000.0,114000000.0,,-302800000.0,361500000.0,,,,,300700000.0,93400000.0,,600000.0,-381900000.0,,,-119300000.0,,
2017-07-01,9755000000.0,,,437000000.0,2618700000.0,8381100000.0,1373900000.0,,1128500000.0,-35100000.0,,2.98,2.95,390500000.0,393700000.0,611000000.0,,3258300000.0,2422200000.0,,,746100000.0,7452500000.0,,2599700000.0,21845500000.0,13575600000.0,1040400000.0,46513700000.0,982200000.0,1308600000.0,542100000.0,5075800000.0,,,,1470200000.0,,14972300000.0,-2256100000.0,22391600000.0,46513700000.0,942700000.0,71200000.0,,126600000.0,146100000.0,,178400000.0,49000000.0,,-160700000.0,1209900000.0,,,,,307000000.0,181400000.0,,7700000.0,-477300000.0,,,-1082300000.0,-181500000.0,
2017-09-30,14871200000.0,,,655100000.0,4015500000.0,12861100000.0,2010100000.0,,1609100000.0,-88400000.0,,4.32,4.29,396200000.0,399600000.0,741100000.0,,3657000000.0,3125500000.0,,,768300000.0,8844000000.0,,3931600000.0,25128900000.0,17029600000.0,1051200000.0,55985300000.0,1123800000.0,1501100000.0,747300000.0,7031300000.0,,,,1887200000.0,,15445800000.0,-2182900000.0,24701800000.0,55985300000.0,1459500000.0,115900000.0,,160700000.0,208300000.0,,232800000.0,-100000.0,,23400000.0,2138500000.0,,,,,7160200000.0,292800000.0,,15400000.0,-7445600000.0,1690300000.0,,4998300000.0,-52700000.0,
2017-12-31,20918000000.0,,,888000000.0,5492000000.0,17950000000.0,2968000000.0,,2429000000.0,201000000.0,,5.64,5.59,395000000.0,398000000.0,1335000000.0,,3879000000.0,2971000000.0,,,804000000.0,9421000000.0,,4047000000.0,25290000000.0,16684000000.0,1227000000.0,56669000000.0,1428000000.0,1848000000.0,719000000.0,7048000000.0,,,,2569000000.0,,15914000000.0,-2003000000.0,25413000000.0,56669000000.0,2033000000.0,159000000.0,-1696000000.0,362000000.0,81000000.0,,153000000.0,274000000.0,,1016000000.0,4005000000.0,,,,,7226000000.0,508000000.0,,24000000.0,-7729000000.0,1690000000.0,,3854000000.0,550000000.0,
2018-03-31,5853000000.0,,,234000000.0,1515000000.0,5067000000.0,786000000.0,,634000000.0,55000000.0,,1.44,1.43,402000000.0,406000000.0,950000000.0,,3990000000.0,2891000000.0,,,1217000000.0,9588000000.0,,4059000000.0,25362000000.0,16393000000.0,1178000000.0,56580000000.0,1354000000.0,1352000000.0,909000000.0,7072000000.0,,,,2657000000.0,,16542000000.0,-2042000000.0,26123000000.0,56580000000.0,575000000.0,43000000.0,,71000000.0,124000000.0,,192000000.0,-94000000.0,,-520000000.0,78000000.0,,,,,57000000.0,118000000.0,,6000000.0,-179000000.0,,,-342000000.0,-386000000.0,
2018-06-30,11931000000.0,,,476000000.0,3057000000.0,10208000000.0,1723000000.0,,1440000000.0,109000000.0,,3.31,3.28,403000000.0,406000000.0,937000000.0,,3911000000.0,2866000000.0,,,1230000000.0,9474000000.0,,3952000000.0,25120000000.0,15680000000.0,1177000000.0,55403000000.0,1359000000.0,1339000000.0,816000000.0,5980000000.0,,,,2670000000.0,,17226000000.0,-2491000000.0,26445000000.0,55403000000.0,1146000000.0,91000000.0,,97000000.0,195000000.0,,247000000.0,-20000000.0,,-408000000.0,1522000000.0,,,,,59000000.0,301000000.0,,7000000.0,-364000000.0,,,-1348000000.0,-405000000.0,
2018-09-29,17851000000.0,,,716000000.0,4547000000.0,15216000000.0,2635000000.0,,2250000000.0,210000000.0,,5.07,5.03,402000000.0,406000000.0,1098000000.0,,3852000000.0,2982000000.0,,,1229000000.0,9566000000.0,,3978000000.0,25142000000.0,15219000000.0,1173000000.0,55078000000.0,1344000000.0,1224000000.0,797000000.0,5196000000.0,,,,2682000000.0,,17866000000.0,-2519000000.0,26890000000.0,55078000000.0,1709000000.0,137000000.0,,64000000.0,333000000.0,,137000000.0,-45000000.0,,-247000000.0,2742000000.0,,,,,59000000.0,474000000.0,,5000000.0,-532000000.0,0.0,,-2224000000.0,-250000000.0,
2018-12-31,24358000000.0,,,967000000.0,6057000000.0,20575000000.0,3783000000.0,,3262000000.0,324000000.0,,7.31,7.24,402000000.0,406000000.0,2103000000.0,,4136000000.0,3005000000.0,,,1381000000.0,10625000000.0,,4165000000.0,25347000000.0,14978000000.0,1117000000.0,56232000000.0,1615000000.0,1470000000.0,809000000.0,6147000000.0,,,,2515000000.0,,18696000000.0,-2498000000.0,27586000000.0,56232000000.0,2267000000.0,181000000.0,-474000000.0,366000000.0,324000000.0,,-54000000.0,201000000.0,,-42000000.0,4543000000.0,,,,,536000000.0,758000000.0,,9000000.0,-1253000000.0,0.0,,-2237000000.0,756000000.0,
2019-03-30,6125000000.0,,,248000000.0,1528000000.0,5205000000.0,920000000.0,,817000000.0,2000000.0,,2.04,2.02,400000000.0,403000000.0,1106000000.0,,4155000000.0,3124000000.0,,,1554000000.0,9939000000.0,,4192000000.0,25236000000.0,14489000000.0,1740000000.0,55596000000.0,1462000000.0,1429000000.0,967000000.0,5898000000.0,,,,3048000000.0,,19439000000.0,-2509000000.0,27693000000.0,55596000000.0,,44000000.0,,29000000.0,140000000.0,,117000000.0,-129000000.0,,-230000000.0,649000000.0,,,,,1000000.0,201000000.0,,-15000000.0,-181000000.0,,,-1425000000.0,-989000000.0,
2019-06-29,12441000000.0,,,494000000.0,3093000000.0,10025000000.0,2416000000.0,,2210000000.0,276000000.0,,4.84,4.8,400000000.0,403000000.0,2288000000.0,,4129000000.0,3209000000.0,,,1597000000.0,11223000000.0,,4394000000.0,25757000000.0,14863000000.0,1733000000.0,57970000000.0,1391000000.0,1870000000.0,1062000000.0,7509000000.0,,,,3133000000.0,,20482000000.0,-2630000000.0,28729000000.0,57970000000.0,,96000000.0,,-5000000.0,273000000.0,,179000000.0,-202000000.0,,319000000.0,1943000000.0,,,,,1686000000.0,421000000.0,,-19000000.0,-950000000.0,,,-735000000.0,197000000.0,
2019-09-28,18713000000.0,,,741000000.0,4632000000.0,15351000000.0,3362000000.0,,3032000000.0,338000000.0,,6.73,6.68,401000000.0,404000000.0,1273000000.0,,4384000000.0,3308000000.0,,,1549000000.0,10514000000.0,,4420000000.0,25624000000.0,14311000000.0,1860000000.0,56729000000.0,1659000000.0,1698000000.0,943000000.0,5844000000.0,,,,3137000000.0,,21165000000.0,-2722000000.0,29355000000.0,56729000000.0,,138000000.0,,321000000.0,449000000.0,,186000000.0,70000000.0,,172000000.0,3060000000.0,,,,,1687000000.0,637000000.0,,-30000000.0,-1148000000.0,,,-2604000000.0,-812000000.0,
2019-12-31,25542000000.0,,,1003000000.0,6144000000.0,20948000000.0,4594000000.0,,4070000000.0,374000000.0,,9.24,9.17,400000000.0,403000000.0,2399000000.0,,4349000000.0,3370000000.0,,,1172000000.0,11893000000.0,,4749000000.0,25714000000.0,14014000000.0,2011000000.0,58381000000.0,1920000000.0,1675000000.0,916000000.0,6197000000.0,,,,3241000000.0,,22092000000.0,-2679000000.0,29675000000.0,58381000000.0,,181000000.0,-499000000.0,225000000.0,458000000.0,,408000000.0,266000000.0,,210000000.0,4973000000.0,,,,,1843000000.0,926000000.0,,-118000000.0,-1487000000.0,0.0,,-3118000000.0,305000000.0,
2020-03-28,6230000000.0,,,245000000.0,1551000000.0,5324000000.0,906000000.0,,828000000.0,40000000.0,,1.99,1.97,397000000.0,400000000.0,2981000000.0,,4508000000.0,3454000000.0,,,1137000000.0,12738000000.0,,4736000000.0,25614000000.0,13543000000.0,2057000000.0,58688000000.0,1599000000.0,1470000000.0,938000000.0,5500000000.0,,,,3261000000.0,,22791000000.0,-3088000000.0,28559000000.0,58688000000.0,,46000000.0,,218000000.0,141000000.0,,,-241000000.0,,,356000000.0,,,,,4000000.0,253000000.0,,7000000.0,-260000000.0,,,619000000.0,588000000.0,
2020-06-27,13147000000.0,,,509000000.0,3261000000.0,10850000000.0,2297000000.0,,2081000000.0,137000000.0,,4.91,4.87,396000000.0,399000000.0,5818000000.0,,4478000000.0,3648000000.0,,,1145000000.0,15775000000.0,,4887000000.0,25700000000.0,13170000000.0,2061000000.0,61593000000.0,1385000000.0,1794000000.0,975000000.0,6013000000.0,,,,3317000000.0,,23860000000.0,-2989000000.0,29875000000.0,61593000000.0,,93000000.0,,195000000.0,309000000.0,,,-497000000.0,,,2242000000.0,,,,,3000000.0,522000000.0,,0.0,-519000000.0,,,1799000000.0,3415000000.0,
2020-09-26,21668000000.0,,,805000000.0,4853000000.0,16945000000.0,4723000000.0,,4333000000.0,456000000.0,,9.79,9.71,396000000.0,399000000.0,7540000000.0,,5186000000.0,3829000000.0,,,982000000.0,18234000000.0,,5180000000.0,25782000000.0,12870000000.0,1995000000.0,64061000000.0,1703000000.0,1938000000.0,1047000000.0,6228000000.0,,,,3390000000.0,,25705000000.0,-2970000000.0,31824000000.0,64061000000.0,,145000000.0,,858000000.0,427000000.0,,,-220000000.0,,,4950000000.0,,,,,3000000.0,888000000.0,,0.0,-884000000.0,,,1008000000.0,5148000000.0,
2020-12-31,32218000000.0,,,1181000000.0,6930000000.0,24424000000.0,7794000000.0,,7225000000.0,850000000.0,,16.09,15.96,396000000.0,399000000.0,10325000000.0,,5741000000.0,4029000000.0,,,1131000000.0,21957000000.0,,5912000000.0,26041000000.0,12685000000.0,2457000000.0,69052000000.0,2175000000.0,2314000000.0,1271000000.0,10304000000.0,,,,3340000000.0,,28116000000.0,-2807000000.0,34507000000.0,69052000000.0,,196000000.0,-269000000.0,1302000000.0,508000000.0,,,59000000.0,,,8289000000.0,,,,,38000000.0,1474000000.0,,6000000.0,-1510000000.0,,,959000000.0,7914000000.0,
2021-04-03,9906000000.0,,,320000000.0,1826000000.0,6857000000.0,3049000000.0,,2753000000.0,416000000.0,,5.93,5.88,394000000.0,397000000.0,5583000000.0,,5554000000.0,4342000000.0,,,1423000000.0,17685000000.0,,6133000000.0,26823000000.0,12831000000.0,2459000000.0,65931000000.0,2146000000.0,2135000000.0,1396000000.0,6995000000.0,,,,3352000000.0,,30350000000.0,-2562000000.0,35058000000.0,65931000000.0,,51000000.0,,,,,,,,,1978000000.0,,,,,1343000000.0,628000000.0,,32000000.0,-1998000000.0,,,-4850000000.0,-4733000000.0,
2021-07-03,19179000000.0,,,663000000.0,3725000000.0,13967000000.0,5212000000.0,,4800000000.0,635000000.0,,10.58,10.5,394000000.0,397000000.0,7023000000.0,,5476000000.0,4625000000.0,,,1332000000.0,19260000000.0,,6560000000.0,26904000000.0,12390000000.0,2584000000.0,67698000000.0,2098000000.0,1861000000.0,1470000000.0,6925000000.0,,,,3514000000.0,,32076000000.0,-2630000000.0,36854000000.0,67698000000.0,,102000000.0,,,,,,,,,4205000000.0,,,,,1425000000.0,1168000000.0,,36000000.0,-2624000000.0,,,-4926000000.0,-3301000000.0,
2021-10-02,28509000000.0,,,1014000000.0,5729000000.0,21019000000.0,7490000000.0,,6973000000.0,906000000.0,,15.41,15.29,394000000.0,397000000.0,12027000000.0,,5557000000.0,4906000000.0,,,1426000000.0,24724000000.0,,7049000000.0,26909000000.0,11927000000.0,2991000000.0,73600000000.0,2301000000.0,2175000000.0,1442000000.0,7753000000.0,,,,3984000000.0,,33876000000.0,-2654000000.0,38710000000.0,73600000000.0,,153000000.0,,,,,,,,,6855000000.0,,,,,1519000000.0,1692000000.0,,38000000.0,-3240000000.0,,,-1886000000.0,1712000000.0,
2021-12-31,39211000000.0,,,1406000000.0,8007000000.0,29183000000.0,10028000000.0,,8841000000.0,1109000000.0,,19.62,19.46,394000000.0,397000000.0,4477000000.0,,7977000000.0,5051000000.0,,,1640000000.0,20113000000.0,,8333000000.0,41924000000.0,20113000000.0,4640000000.0,95123000000.0,2867000000.0,2950000000.0,2655000000.0,13436000000.0,,,,4540000000.0,,35431000000.0,-2329000000.0,40793000000.0,95123000000.0,,230000000.0,-645000000.0,204000000.0,1065000000.0,,,479000000.0,,,9312000000.0,,,,,19395000000.0,2523000000.0,,34000000.0,-21932000000.0,,,6581000000.0,-5845000000.0,
2022-04-02,11818000000.0,,,364000000.0,2277000000.0,8997000000.0,2821000000.0,,2540000000.0,301000000.0,,5.66,5.61,392000000.0,395000000.0,2752000000.0,,7889000000.0,5483000000.0,,,1588000000.0,18776000000.0,,8448000000.0,41721000000.0,19378000000.0,4424000000.0,92747000000.0,2667000000.0,3032000000.0,2871000000.0,12070000000.0,,,,4664000000.0,,37528000000.0,-2343000000.0,40956000000.0,92747000000.0,,78000000.0,,,,,,,,,2202000000.0,,,,,40000000.0,640000000.0,,-8000000.0,-670000000.0,,,-3145000000.0,-1712000000.0,
2022-07-02,22788000000.0,,,729000000.0,4486000000.0,17966000000.0,4822000000.0,,4457000000.0,499000000.0,,9.9,9.83,392000000.0,394000000.0,1888000000.0,,7745000000.0,5668000000.0,,,1652000000.0,18100000000.0,,8529000000.0,41066000000.0,18578000000.0,4306000000.0,90579000000.0,2586000000.0,2957000000.0,2722000000.0,10997000000.0,,,,4534000000.0,,39074000000.0,-2724000000.0,42293000000.0,90579000000.0,,155000000.0,,,,,,,,,3730000000.0,,,,,40000000.0,1146000000.0,,-83000000.0,-1089000000.0,,,-5050000000.0,-2586000000.0,
2022-10-01,33465000000.0,,,1080000000.0,6694000000.0,26933000000.0,6532000000.0,,6058000000.0,530000000.0,,13.72,13.62,392000000.0,395000000.0,2919000000.0,,7671000000.0,5722000000.0,,,1739000000.0,19299000000.0,,8628000000.0,40488000000.0,17813000000.0,4308000000.0,90536000000.0,2471000000.0,3206000000.0,2567000000.0,11118000000.0,,,,4401000000.0,,40452000000.0,-2928000000.0,43549000000.0,90536000000.0,,232000000.0,,,,,,,,,5667000000.0,,,,,39000000.0,1693000000.0,,-80000000.0,-1634000000.0,,,-5201000000.0,-1557000000.0,
2022-12-31,44915000000.0,,,1471000000.0,8993000000.0,36522000000.0,8393000000.0,,7835000000.0,703000000.0,,17.75,17.63,392000000.0,394000000.0,8524000000.0,,8115000000.0,5634000000.0,,,1644000000.0,25229000000.0,,9280000000.0,41196000000.0,17442000000.0,4007000000.0,97154000000.0,3381000000.0,3354000000.0,2601000000.0,17010000000.0,,,,4238000000.0,,41910000000.0,-3099000000.0,43978000000.0,97154000000.0,,307000000.0,-997000000.0,430000000.0,825000000.0,,,648000000.0,,,9154000000.0,,,,,39000000.0,2243000000.0,,-99000000.0,-2159000000.0,,,-2810000000.0,4046000000.0,
2023-04-01,10710000000.0,,,346000000.0,2119000000.0,9147000000.0,1563000000.0,,1363000000.0,46000000.0,,3.34,3.32,386000000.0,388000000.0,3482000000.0,,7922000000.0,5664000000.0,,,1766000000.0,20209000000.0,,9354000000.0,43140000000.0,17972000000.0,3983000000.0,94658000000.0,2798000000.0,2995000000.0,2662000000.0,15884000000.0,,,,4230000000.0,,43064000000.0,-3054000000.0,42257000000.0,94658000000.0,,76000000.0,,,,,,,,,729000000.0,,,,,2704000000.0,458000000.0,,-14000000.0,-3142000000.0,,,-2593000000.0,-5037000000.0,
2023-07-01,21397000000.0,,,691000000.0,4264000000.0,18256000000.0,3141000000.0,,2793000000.0,98000000.0,,6.86,6.83,386000000.0,388000000.0,3133000000.0,,8019000000.0,5655000000.0,,,1721000000.0,19995000000.0,,9292000000.0,43273000000.0,17437000000.0,4108000000.0,94105000000.0,2423000000.0,2975000000.0,2590000000.0,14112000000.0,,,,4042000000.0,,44289000000.0,-2924000000.0,43752000000.0,94105000000.0,,150000000.0,,,,,,,,,2269000000.0,,,,,2751000000.0,742000000.0,,102000000.0,-3585000000.0,,,-4049000000.0,-5384000000.0,
2023-09-30,31971000000.0,,,1010000000.0,6313000000.0,26966000000.0,5005000000.0,,4558000000.0,151000000.0,,11.31,11.25,386000000.0,388000000.0,6151000000.0,,8370000000.0,5404000000.0,,,1702000000.0,23092000000.0,,9167000000.0,43583000000.0,17091000000.0,4124000000.0,97057000000.0,2508000000.0,2848000000.0,2547000000.0,14158000000.0,,,,4326000000.0,,45869000000.0,-3027000000.0,45328000000.0,97057000000.0,,217000000.0,,,,,,,,,4683000000.0,,,,,3660000000.0,1074000000.0,,108000000.0,-4766000000.0,,,-2194000000.0,-2369000000.0,
2023-12-31,42857000000.0,,,1337000000.0,8445000000.0,35998000000.0,6859000000.0,,6298000000.0,284000000.0,,15.52,15.45,386000000.0,388000000.0,8077000000.0,,8221000000.0,5088000000.0,,,1760000000.0,24589000000.0,,9448000000.0,44020000000.0,16670000000.0,3999000000.0,98726000000.0,2872000000.0,3246000000.0,2689000000.0,14012000000.0,,,,4642000000.0,,47364000000.0,-3224000000.0,46735000000.0,98726000000.0,,278000000.0,-1300000000.0,43000000.0,-598000000.0,,,-500000000.0,,,8406000000.0,,,,,3660000000.0,1479000000.0,,160000000.0,-5142000000.0,,,-3622000000.0,-440000000.0,
2024-03-30,10345000000.0,,,331000000.0,2183000000.0,8682000000.0,1663000000.0,,1589000000.0,281000000.0,,3.47,3.46,382000000.0,384000000.0,5499000000.0,,7931000000.0,5133000000.0,,,1904000000.0,23640000000.0,,9324000000.0,43843000000.0,16048000000.0,4241000000.0,97095000000.0,2555000000.0,2985000000.0,2632000000.0,13937000000.0,,,,4567000000.0,,48542000000.0,-2764000000.0,45516000000.0,97095000000.0,,70000000.0,,,,,,,,,1251000000.0,,,,,0.0,347000000.0,,-7000000.0,-2030000000.0,,,-1821000000.0,-2578000000.0,
2024-06-29,20886000000.0,,,670000000.0,4293000000.0,17404000000.0,3483000000.0,,3354000000.0,408000000.0,,7.53,7.5,382000000.0,383000000.0,7073000000.0,,7943000000.0,5198000000.0,,,2025000000.0,25476000000.0,,9282000000.0,43843000000.0,15519000000.0,4377000000.0,98496000000.0,2547000000.0,3019000000.0,2591000000.0,14772000000.0,,,,4391000000.0,,49940000000.0,-2413000000.0,47432000000.0,98496000000.0,,154000000.0,,,,,,,,,3211000000.0,,,,,0.0,648000000.0,,-12000000.0,-2283000000.0,,,-1936000000.0,-1000000000.0,
2024-09-28,31484000000.0,,,1016000000.0,6392000000.0,26163000000.0,5321000000.0,,5096000000.0,507000000.0,,11.79,11.75,382000000.0,384000000.0,4645000000.0,,8255000000.0,5430000000.0,,,1911000000.0,23783000000.0,,9412000000.0,46726000000.0,16262000000.0,4180000000.0,100364000000.0,2606000000.0,3393000000.0,2663000000.0,14601000000.0,,,,4343000000.0,,51421000000.0,-2477000000.0,48992000000.0,100364000000.0,,222000000.0,,,,,,,,,5377000000.0,,,,,3132000000.0,920000000.0,,-14000000.0,-5861000000.0,,,-3126000000.0,-3427000000.0,
