Date,Net sales,Cost of sales,Gross margin,Research and development,"Selling, general and administrative",Total operating expenses,Operating income,"Other income/(expense), net",Income before provision for income taxes,Provision for income taxes,Net income,Earnings per share basic,Earnings per share diluted,Weighted-average basic,Weighted-average diluted,Cash and cash equivalents,Short-term marketable securities,"Accounts receivable, net",Inventories,Deferred tax assets,Vendor non-trade receivables,Other current assets,Total current assets,Long-term marketable securities,"Property, Plant and Equipment, Net",Goodwill,"Acquired intangible assets, net","Other Assets, Noncurrent",Total assets,accounts payable,Accrued expenses,Deferred revenue,Total current liabilities,Deferred revenue - non-current,deferred tax liabilities,long term taxes payable,Total other non-current liabilities,Total liabilities,Retained Earnings (Accumulated Deficit),Accumulated other comprehensive (loss)/income,Total shareholders equity,Total liabilities and shareholders' equity,"Depreciation, amortization and accretion",Stock-based compensation expense,Deferred income tax expense,"Increase (Decrease) in Accounts receivable, net",Increase (Decrease) in Inventories,Increase (Decrease) in Other Receivables,Increase (Decrease) in Other Operating Assets,Increase (Decrease) in Accounts Payable,Increase (Decrease) in Deferred Revenue,Increase (Decrease) Other liabilities,Cash generated by operating activities,Purchases of marketable securities,Proceeds from maturities of marketable securities,Proceeds from sales of marketable securities,Purchases of other long-term investments,"Business acquisitions, net of cash acquired",Cash payments for capital asset purchases,Payments for acquisition of intangible assets,Payments for (Proceeds from) Other Investing Activities,Cash used in investing activities,Proceeds from issuance of common stock,Excess tax benefits from stock-based compensation,Cash generated/used in financing activities,Increase/(decrease) in cash and cash equivalents,"Cash paid for income taxes, net"
2010-06-30,1983039000.0,,,,318510000.0,1679396000.0,303643000.0,-133063000.0,170580000.0,68004000.0,102576000.0,0.29,0.29,353278423.0,355685446.0,776540000.0,,47786000.0,,5959000.0,,31824000.0,1487525000.0,6319000.0,3306443000.0,,,193773000.0,7479122000.0,,34345000.0,196864000.0,677574000.0,,583835000.0,,81389000.0,5062578000.0,767269000.0,-9762000.0,2416544000.0,7479122000.0,217102000.0,23333000.0,65700000.0,-3692000.0,47962000.0,,-11082000.0,,9211000.0,5079000.0,337451000.0,,,,,,315337000.0,1976000.0,,-402471000.0,,,-87821000.0,-152841000.0,
2010-09-30,3003827000.0,,,,465940000.0,2492250000.0,511577000.0,-214343000.0,297234000.0,117370000.0,179864000.0,0.51,0.5,353954532.0,356423216.0,889784000.0,,46737000.0,,5959000.0,,40721000.0,2245754000.0,6319000.0,3423533000.0,,,140746000.0,8320613000.0,,33546000.0,198128000.0,689008000.0,,631969000.0,,82916000.0,5813948000.0,844557000.0,-10275000.0,2506665000.0,8320613000.0,330906000.0,35103000.0,114105000.0,-4761000.0,-21199000.0,,-15730000.0,,10474000.0,4117000.0,679391000.0,,,,,,547943000.0,3686000.0,,-1269649000.0,,,550661000.0,-39597000.0,
2010-12-31,4069353000.0,,,,621660000.0,3350455000.0,718898000.0,-406604000.0,312294000.0,118879000.0,193415000.0,0.54,0.54,353711045.0,356135089.0,796531000.0,,58056000.0,,6290000.0,,63135000.0,1593885000.0,16700000.0,3659445000.0,,,123433000.0,7918580000.0,,34165000.0,224471000.0,802420000.0,,643058000.0,,72828000.0,5377004000.0,858108000.0,-1415000.0,2541576000.0,7918580000.0,449732000.0,46537000.0,115478000.0,6523000.0,13648000.0,,-17896000.0,,36817000.0,5070000.0,994500000.0,,,,,,790385000.0,8873000.0,,-950418000.0,,,-176932000.0,-132850000.0,
2011-03-31,1194377000.0,,,,169771000.0,1049040000.0,145337000.0,-55791000.0,89546000.0,33168000.0,56378000.0,0.16,0.15,356988270.0,361406194.0,1321550000.0,,56640000.0,,6290000.0,,58848000.0,2229510000.0,19314000.0,3738733000.0,,,120739000.0,8648307000.0,,25015000.0,242013000.0,903724000.0,,677841000.0,,73667000.0,6015754000.0,914486000.0,2058000.0,2632553000.0,8648307000.0,128695000.0,11284000.0,32257000.0,-1250000.0,124800000.0,,-8645000.0,,17542000.0,615000.0,138313000.0,,,,,,187032000.0,1528000.0,,-168736000.0,,,555442000.0,525019000.0,
2011-12-31,4847382000.0,2913431000.0,,,643959000.0,4099844000.0,747538000.0,-267882000.0,479656000.0,178346000.0,301310000.0,0.83,0.82,360410168.0,363837940.0,1943282000.0,299972000.0,,,-809892000.0,,44772000.0,2743593000.0,,4017999000.0,,,173403000.0,9482931000.0,,39585000.0,245705000.0,816723000.0,,817106000.0,,90453000.0,6555331000.0,1159418000.0,-9295000.0,2927600000.0,9482931000.0,538835000.0,41791000.0,174617000.0,,78599000.0,,-24380000.0,,21234000.0,8609000.0,1061808000.0,,,,,,889769000.0,4445000.0,72337000.0,-886871000.0,,,971814000.0,1146751000.0,
2012-03-31,1276590000.0,847791000.0,,,176593000.0,1178323000.0,98267000.0,-69605000.0,28662000.0,7658000.0,21004000.0,0.06,0.06,362718613.0,364283160.0,1886238000.0,329911000.0,,,7215000.0,,35434000.0,2767350000.0,,4007177000.0,,,184628000.0,9509207000.0,,29743000.0,261655000.0,778033000.0,,831745000.0,,90792000.0,6551431000.0,1180422000.0,-9549000.0,2957776000.0,9509207000.0,152819000.0,10156000.0,14357000.0,,12510000.0,,-10423000.0,,15950000.0,2454000.0,136904000.0,,,,,,144016000.0,2584000.0,8959000.0,-182890000.0,,,-11058000.0,-57044000.0,
2012-06-30,2557770000.0,1494131000.0,,,344088000.0,2147554000.0,410216000.0,-138508000.0,271708000.0,101869000.0,169839000.0,0.46,0.46,363263805.0,364148811.0,1901168000.0,447386000.0,,,7214000.0,,22709000.0,2895800000.0,,4069340000.0,,,194193000.0,9729632000.0,,30263000.0,244390000.0,741878000.0,,924613000.0,,91128000.0,6613342000.0,1329257000.0,-8586000.0,3116290000.0,9729632000.0,306169000.0,19499000.0,107237000.0,,19363000.0,,-20325000.0,,-1315000.0,2846000.0,456570000.0,,,,,,326215000.0,22831000.0,36829000.0,-510329000.0,,,11645000.0,-42114000.0,
2012-09-30,3816930000.0,2133103000.0,,,507497000.0,3114476000.0,702454000.0,-152098000.0,550356000.0,187849000.0,362507000.0,0.99,0.99,363584552.0,365019836.0,2057339000.0,507943000.0,,,7666000.0,,52349000.0,3184822000.0,,4197399000.0,,,123618000.0,10071909000.0,,66144000.0,232307000.0,784650000.0,,1008870000.0,,91496000.0,6749462000.0,1521925000.0,-4625000.0,3322447000.0,10071909000.0,469258000.0,28756000.0,191243000.0,,72984000.0,,-16469000.0,,-13398000.0,6398000.0,848468000.0,,,,,,588332000.0,22998000.0,-70229000.0,-717750000.0,,,-16661000.0,114057000.0,
2012-12-31,5101278000.0,2930051000.0,,,696789000.0,4277309000.0,823969000.0,-216511000.0,607458000.0,213286000.0,394172000.0,1.08,1.07,363449061.0,364880303.0,2368302000.0,244990000.0,,,-1027881000.0,,69458000.0,3187303000.0,,4292061000.0,,,141036000.0,10189415000.0,,45942000.0,237635000.0,847803000.0,,1031374000.0,,90763000.0,6830508000.0,1553590000.0,-9602000.0,3358907000.0,10189415000.0,641425000.0,37974000.0,216808000.0,,19508000.0,,-5433000.0,,-8070000.0,12476000.0,1181451000.0,,,,,,845850000.0,23114000.0,-58998000.0,-723430000.0,,,-33001000.0,425020000.0,
2013-03-31,1287061000.0,810947000.0,,,194611000.0,1179233000.0,107828000.0,-75889000.0,31939000.0,12543000.0,19396000.0,0.05,0.05,364999137.0,366556369.0,2701281000.0,0.0,,,3493000.0,,70238000.0,6772704000.0,,4177500000.0,,,141239000.0,13662546000.0,,23870000.0,241341000.0,3189125000.0,,1044503000.0,,90516000.0,10270605000.0,1572986000.0,-7571000.0,3391941000.0,13662546000.0,173167000.0,9573000.0,11505000.0,,-4285000.0,,-11171000.0,,3706000.0,-6618000.0,223451000.0,,,,,,154608000.0,2066000.0,-15088000.0,-3369937000.0,,,3479465000.0,332979000.0,
2013-06-30,10905000000.0,,,,,10345000000.0,560000000.0,-376000000.0,184000000.0,93000000.0,91000000.0,0.15,0.15,664603682.0,664603682.0,2362000000.0,,3000000000.0,819000000.0,501000000.0,,598000000.0,7313000000.0,,15185000000.0,1683000000.0,,661000000.0,44734000000.0,,198000000.0,459000000.0,5398000000.0,,4386000000.0,,636000000.0,,-23032000000.0,2000000.0,12359000000.0,44734000000.0,1643000000.0,,,,,,,,,,1715000000.0,,,,,,2126000000.0,51000000.0,5000000.0,262000000.0,,3000000.0,-9000000.0,1968000000.0,14000000.0
2013-09-30,17593000000.0,,,,,16736000000.0,857000000.0,-667000000.0,190000000.0,135000000.0,55000000.0,0.09,0.09,726877458.0,726877458.0,2365000000.0,,3370000000.0,761000000.0,773000000.0,,676000000.0,7964000000.0,,15370000000.0,1683000000.0,,948000000.0,45767000000.0,,243000000.0,447000000.0,5514000000.0,,4695000000.0,,632000000.0,,-23068000000.0,2000000.0,12415000000.0,45767000000.0,2630000000.0,,,,,,,,,,2541000000.0,,,,,,3143000000.0,52000000.0,-5000000.0,-868000000.0,,4000000.0,298000000.0,1971000000.0,21000000.0
2013-12-31,24420000000.0,,,,7382000000.0,23424000000.0,996000000.0,-945000000.0,51000000.0,16000000.0,35000000.0,0.05,0.05,672955980.0,676885215.0,5891000000.0,,3619000000.0,586000000.0,839000000.0,,1252000000.0,12228000000.0,,15349000000.0,1683000000.0,,1367000000.0,49953000000.0,,353000000.0,445000000.0,5808000000.0,,4645000000.0,,701000000.0,,-23088000000.0,3000000.0,14245000000.0,49953000000.0,3627000000.0,100000000.0,10000000.0,1315000000.0,-42000000.0,,545000000.0,,,141000000.0,3545000000.0,,,,,,4025000000.0,381000000.0,,-2092000000.0,1787000000.0,,4044000000.0,5497000000.0,20000000.0
2014-03-31,6875000000.0,,,,2096000000.0,6903000000.0,-28000000.0,-225000000.0,-253000000.0,-102000000.0,-151000000.0,-0.19,-0.19,802520723.0,802520723.0,5471000000.0,,3560000000.0,676000000.0,923000000.0,,905000000.0,12957000000.0,,15427000000.0,1683000000.0,,1596000000.0,50169000000.0,,399000000.0,459000000.0,6110000000.0,,4614000000.0,,671000000.0,,-23239000000.0,0.0,14156000000.0,50169000000.0,1055000000.0,,,,,,,,,,759000000.0,,,,,,947000000.0,0.0,7000000.0,-965000000.0,,,-214000000.0,-420000000.0,0.0
2014-06-30,14060000000.0,,,,4247000000.0,13126000000.0,962000000.0,-510000000.0,677000000.0,286000000.0,391000000.0,0.49,0.48,803923913.0,813556137.0,3080000000.0,,3939000000.0,791000000.0,820000000.0,,1179000000.0,9896000000.0,,15537000000.0,1683000000.0,,1680000000.0,51664000000.0,,621000000.0,447000000.0,7131000000.0,,4757000000.0,,505000000.0,,-22848000000.0,0.0,14563000000.0,51664000000.0,2184000000.0,,,,,,,,,,1729000000.0,,,,,,1887000000.0,2367000000.0,1000000.0,-4275000000.0,,33000000.0,-265000000.0,-2811000000.0,23000000.0
2014-09-30,21410000000.0,,,,6530000000.0,20427000000.0,983000000.0,-770000000.0,213000000.0,-117000000.0,146000000.0,0.18,0.18,807221761.0,813507827.0,5787000000.0,,4433000000.0,674000000.0,950000000.0,,1369000000.0,13295000000.0,,15798000000.0,1683000000.0,,1694000000.0,55115000000.0,,613000000.0,452000000.0,8605000000.0,,4744000000.0,,558000000.0,,-22942000000.0,1000000.0,14525000000.0,55115000000.0,3322000000.0,,,,,,,,,,2791000000.0,,,,,,3018000000.0,2390000000.0,2000000.0,-5440000000.0,,34000000.0,2545000000.0,-104000000.0,23000000.0
2014-12-31,29564000000.0,,,,8863000000.0,28148000000.0,1416000000.0,-1003000000.0,413000000.0,166000000.0,247000000.0,0.31,0.3,805284712.0,815922258.0,5315000000.0,,1865000000.0,1085000000.0,988000000.0,,1593000000.0,13984000000.0,,16245000000.0,1683000000.0,,288000000.0,56653000000.0,,635000000.0,459000000.0,8776000000.0,,4873000000.0,,616000000.0,,-22841000000.0,1000000.0,15663000000.0,56653000000.0,4412000000.0,196000000.0,122000000.0,90000000.0,499000000.0,,328000000.0,,,312000000.0,4146000000.0,,,,,,4317000000.0,2900000000.0,,-7246000000.0,0.0,34000000.0,2524000000.0,-576000000.0,36000000.0
2015-03-31,7778000000.0,,,,2372000000.0,7661000000.0,117000000.0,-221000000.0,-104000000.0,-41000000.0,-63000000.0,-0.09,-0.09,808605526.0,808605526.0,3032000000.0,,1933000000.0,1230000000.0,1033000000.0,,1063000000.0,11635000000.0,,16483000000.0,1683000000.0,,307000000.0,56558000000.0,,589000000.0,584000000.0,8649000000.0,,4855000000.0,,654000000.0,,-22904000000.0,1000000.0,15650000000.0,56558000000.0,1087000000.0,,,,,,,,,,489000000.0,,,,,,982000000.0,1696000000.0,14000000.0,-2692000000.0,,,-80000000.0,-2283000000.0,2000000.0
2015-06-30,15957000000.0,,,,4810000000.0,15243000000.0,714000000.0,-455000000.0,363000000.0,-39000000.0,361000000.0,0.43,0.42,811605031.0,821122537.0,2642000000.0,,1827000000.0,1135000000.0,1479000000.0,,1019000000.0,11657000000.0,,16910000000.0,1683000000.0,,320000000.0,57188000000.0,,558000000.0,574000000.0,8264000000.0,,5306000000.0,,642000000.0,,-22543000000.0,1000000.0,16053000000.0,57188000000.0,2162000000.0,,,,,,,,,,1650000000.0,,,,,,2173000000.0,1844000000.0,12000000.0,-4029000000.0,,,-294000000.0,-2673000000.0,33000000.0
2015-09-30,23806000000.0,,,,7434000000.0,22579000000.0,1227000000.0,-730000000.0,497000000.0,100000000.0,436000000.0,0.49,0.48,815069272.0,822017220.0,2633000000.0,,1810000000.0,1236000000.0,1658000000.0,,1890000000.0,12656000000.0,,18101000000.0,1683000000.0,,351000000.0,58473000000.0,,410000000.0,649000000.0,8843000000.0,,5566000000.0,,795000000.0,,-22405000000.0,-1000000.0,16252000000.0,58473000000.0,3319000000.0,,,,,,,,,,3181000000.0,,,,,,3293000000.0,1938000000.0,7000000.0,-5238000000.0,,,-625000000.0,-2682000000.0,41000000.0
2015-12-31,32053000000.0,,,,10189000000.0,29988000000.0,2065000000.0,-1087000000.0,978000000.0,245000000.0,733000000.0,0.83,0.82,812994028.0,822617938.0,4582000000.0,,1788000000.0,1295000000.0,0.0,,1813000000.0,14890000000.0,,20000000000.0,1683000000.0,,467000000.0,62436000000.0,,410000000.0,717000000.0,9528000000.0,,4061000000.0,,1067000000.0,,-22108000000.0,-1000000.0,16557000000.0,62436000000.0,4688000000.0,201000000.0,256000000.0,259000000.0,2495000000.0,,217000000.0,,,22000000.0,5414000000.0,,,,,,4724000000.0,1935000000.0,-96000000.0,-9560000000.0,0.0,,3413000000.0,-733000000.0,54000000.0
2016-03-31,8599000000.0,,,,2749000000.0,7496000000.0,1103000000.0,-352000000.0,751000000.0,272000000.0,479000000.0,0.57,0.56,819431761.0,859382827.0,3647000000.0,,1880000000.0,1443000000.0,,,1263000000.0,13344000000.0,,20625000000.0,1683000000.0,,471000000.0,63063000000.0,,425000000.0,895000000.0,9369000000.0,,4285000000.0,,1047000000.0,,-21591000000.0,-4000000.0,17104000000.0,63063000000.0,1552000000.0,52000000.0,264000000.0,202000000.0,801000000.0,,-185000000.0,,,288000000.0,1025000000.0,,,,,,1335000000.0,594000000.0,6000000.0,-1860000000.0,,,-100000000.0,-935000000.0,2000000.0
2016-06-30,17821000000.0,,,,5521000000.0,15950000000.0,1871000000.0,-748000000.0,1123000000.0,419000000.0,704000000.0,0.82,0.81,822434490.0,829752956.0,5538000000.0,,1866000000.0,1388000000.0,,,1415000000.0,14280000000.0,,20570000000.0,1683000000.0,,582000000.0,63968000000.0,,370000000.0,936000000.0,8752000000.0,,4427000000.0,,1038000000.0,,-21366000000.0,-1000000.0,17395000000.0,63968000000.0,3127000000.0,112000000.0,404000000.0,307000000.0,798000000.0,,-129000000.0,,,214000000.0,2793000000.0,,,,,,2684000000.0,2839000000.0,-4000000.0,-2527000000.0,,,790000000.0,1891000000.0,19000000.0
2016-09-30,27067000000.0,,,,8419000000.0,24207000000.0,2860000000.0,-1139000000.0,1721000000.0,651000000.0,1070000000.0,1.25,1.24,822998697.0,832257819.0,5352000000.0,,1885000000.0,1039000000.0,,,1336000000.0,13530000000.0,,20574000000.0,1683000000.0,,625000000.0,64272000000.0,,355000000.0,980000000.0,8119000000.0,,4648000000.0,,1007000000.0,,-21000000000.0,1000000.0,17853000000.0,64272000000.0,4695000000.0,171000000.0,623000000.0,462000000.0,497000000.0,,98000000.0,,,326000000.0,4533000000.0,,,,,,3843000000.0,3544000000.0,-5000000.0,-4386000000.0,,,623000000.0,770000000.0,23000000.0
2016-12-31,37242000000.0,,,,11378000000.0,33440000000.0,3802000000.0,-1475000000.0,2327000000.0,867000000.0,1460000000.0,1.71,1.69,822470275.0,833054545.0,5500000000.0,,1896000000.0,1111000000.0,3877000000.0,,1537000000.0,14217000000.0,,20943000000.0,1683000000.0,,674000000.0,65891000000.0,,405000000.0,986000000.0,9022000000.0,,4938000000.0,,1026000000.0,,-20610000000.0,1000000.0,18236000000.0,65891000000.0,6243000000.0,235000000.0,914000000.0,603000000.0,802000000.0,,133000000.0,,,158000000.0,6135000000.0,,,,,,4702000000.0,3968000000.0,8000000.0,-5680000000.0,,,463000000.0,918000000.0,25000000.0
2017-03-31,9613000000.0,,,,2955000000.0,8576000000.0,1037000000.0,-430000000.0,607000000.0,-91000000.0,698000000.0,0.83,0.8,827723034.0,869395250.0,7501000000.0,,1851000000.0,1021000000.0,,,1406000000.0,15899000000.0,,21235000000.0,1683000000.0,,768000000.0,68048000000.0,,393000000.0,934000000.0,15285000000.0,,4842000000.0,,1004000000.0,,-19912000000.0,2000000.0,18963000000.0,68048000000.0,1564000000.0,67000000.0,-97000000.0,68000000.0,-44000000.0,,11000000.0,,,45000000.0,1713000000.0,,,,,,1528000000.0,14000000.0,8000000.0,-1550000000.0,,,1838000000.0,2001000000.0,15000000.0
2017-06-30,19826000000.0,,,,5870000000.0,17373000000.0,2453000000.0,-912000000.0,1541000000.0,353000000.0,1279000000.0,1.51,1.47,830971528.0,870853652.0,181000000.0,,1719000000.0,1208000000.0,,,1580000000.0,6780000000.0,,21423000000.0,1683000000.0,,815000000.0,67159000000.0,,395000000.0,851000000.0,8828000000.0,,5188000000.0,,971000000.0,,-19331000000.0,3000000.0,19614000000.0,67159000000.0,3083000000.0,139000000.0,345000000.0,47000000.0,185000000.0,,146000000.0,,,-189000000.0,3542000000.0,,,,,,2875000000.0,5805000000.0,-5000000.0,-8683000000.0,,,-2016000000.0,-7320000000.0,21000000.0
2017-09-30,29845000000.0,,,,8968000000.0,26069000000.0,3776000000.0,-1329000000.0,2447000000.0,618000000.0,1829000000.0,2.15,2.1,831189779.0,871735511.0,739000000.0,,1734000000.0,999000000.0,,,1817000000.0,7449000000.0,,21570000000.0,1683000000.0,,858000000.0,67923000000.0,,396000000.0,790000000.0,8103000000.0,,5535000000.0,,967000000.0,,-18781000000.0,4000000.0,20277000000.0,67923000000.0,4499000000.0,221000000.0,595000000.0,166000000.0,-113000000.0,,330000000.0,,,-84000000.0,5904000000.0,,,,,,4316000000.0,5820000000.0,2000000.0,-10138000000.0,,,-527000000.0,-4761000000.0,23000000.0
2017-12-31,40604000000.0,,,,12259000000.0,35716000000.0,4888000000.0,-1727000000.0,3161000000.0,-1375000000.0,4536000000.0,5.39,5.2,831850073.0,871787450.0,1219000000.0,,1915000000.0,1566000000.0,3430000000.0,,1903000000.0,8915000000.0,,22196000000.0,1683000000.0,,912000000.0,70563000000.0,,414000000.0,779000000.0,11515000000.0,,3537000000.0,,935000000.0,,-16074000000.0,8000000.0,22559000000.0,70563000000.0,5984000000.0,306000000.0,-1404000000.0,444000000.0,844000000.0,,575000000.0,,,-233000000.0,7962000000.0,,,,,,5237000000.0,5828000000.0,-1000000.0,-11064000000.0,,,-1179000000.0,-4281000000.0,31000000.0
2018-03-31,10455000000.0,,,,3164000000.0,9173000000.0,1282000000.0,-401000000.0,881000000.0,210000000.0,671000000.0,0.78,0.78,855222664.0,862244084.0,2527000000.0,,1689000000.0,1311000000.0,,,1788000000.0,9609000000.0,,22308000000.0,1901000000.0,,1157000000.0,72004000000.0,,353000000.0,791000000.0,12357000000.0,,3813000000.0,,933000000.0,,-15179000000.0,5000000.0,22876000000.0,72004000000.0,1575000000.0,97000000.0,206000000.0,873000000.0,-33000000.0,,-132000000.0,,0.0,45000000.0,770000000.0,,,,,333000000.0,1366000000.0,51000000.0,7000000.0,-462000000.0,,,1000000000.0,1308000000.0,1000000.0
2018-06-30,21026000000.0,,,,6349000000.0,18294000000.0,2732000000.0,-783000000.0,1949000000.0,496000000.0,1453000000.0,1.71,1.69,851420686.0,858728832.0,215000000.0,,1630000000.0,998000000.0,,,1929000000.0,7091000000.0,,22375000000.0,1901000000.0,,1311000000.0,69692000000.0,,359000000.0,722000000.0,9281000000.0,,4087000000.0,,968000000.0,,-14389000000.0,0.0,23390000000.0,69692000000.0,3209000000.0,209000000.0,478000000.0,2009000000.0,-158000000.0,,248000000.0,,-41000000.0,-105000000.0,2031000000.0,,,,,338000000.0,2995000000.0,79000000.0,-33000000.0,-768000000.0,,,-3267000000.0,-2312000000.0,11000000.0
2018-09-30,31865000000.0,,,,9663000000.0,27693000000.0,4172000000.0,-1093000000.0,3079000000.0,831000000.0,2248000000.0,2.65,2.62,849960290.0,858248568.0,329000000.0,,1652000000.0,958000000.0,,,1969000000.0,7286000000.0,,22502000000.0,1901000000.0,,1488000000.0,70182000000.0,,367000000.0,696000000.0,8572000000.0,,,,985000000.0,,-13594000000.0,0.0,24355000000.0,70182000000.0,4846000000.0,324000000.0,762000000.0,3247000000.0,115000000.0,,309000000.0,,-69000000.0,39000000.0,2945000000.0,,,,,338000000.0,4357000000.0,101000000.0,-30000000.0,-810000000.0,,,-3025000000.0,-890000000.0,40000000.0
2018-12-31,43310000000.0,,,,13161000000.0,38001000000.0,5309000000.0,-1392000000.0,3917000000.0,1029000000.0,2888000000.0,3.4,3.36,849744152.0,858290174.0,1203000000.0,,1769000000.0,1084000000.0,3728000000.0,,1676000000.0,8281000000.0,,23359000000.0,1901000000.0,,1623000000.0,72468000000.0,,787000000.0,698000000.0,10267000000.0,,,,967000000.0,,-12954000000.0,-332000000.0,24718000000.0,72468000000.0,6486000000.0,424000000.0,980000000.0,4617000000.0,201000000.0,,181000000.0,,-73000000.0,-69000000.0,3899000000.0,,,,,338000000.0,5541000000.0,127000000.0,-21000000.0,-579000000.0,,,-3336000000.0,-16000000.0,51000000.0
2019-03-31,11080000000.0,,,,3442000000.0,9604000000.0,1476000000.0,-273000000.0,1203000000.0,295000000.0,908000000.0,1.07,1.06,851223498.0,858643481.0,1439000000.0,,1749000000.0,1261000000.0,,,1814000000.0,8745000000.0,,21464000000.0,1901000000.0,,1661000000.0,83073000000.0,,1129000000.0,665000000.0,13327000000.0,,,,896000000.0,,-11393000000.0,-521000000.0,26181000000.0,83073000000.0,1600000000.0,110000000.0,288000000.0,1143000000.0,265000000.0,,87000000.0,,-30000000.0,121000000.0,1392000000.0,,,,,0.0,1931000000.0,185000000.0,7000000.0,-966000000.0,,,-190000000.0,236000000.0,32000000.0
2019-06-30,22059000000.0,,,,6985000000.0,19042000000.0,3017000000.0,-574000000.0,2443000000.0,596000000.0,1847000000.0,2.16,2.14,854368443.0,860890870.0,1105000000.0,,1817000000.0,998000000.0,,,1730000000.0,8114000000.0,,21847000000.0,1901000000.0,,1707000000.0,84788000000.0,,1564000000.0,620000000.0,13173000000.0,,,,913000000.0,,-10454000000.0,-813000000.0,26967000000.0,84788000000.0,3185000000.0,240000000.0,555000000.0,1948000000.0,-162000000.0,,170000000.0,,-74000000.0,94000000.0,3539000000.0,,,,,0.0,3720000000.0,850000000.0,7000000.0,-2581000000.0,,,-1056000000.0,-334000000.0,72000000.0
2019-09-30,33120000000.0,,,,10483000000.0,28632000000.0,4488000000.0,-850000000.0,3638000000.0,921000000.0,2717000000.0,3.18,3.15,854578241.0,862854654.0,1653000000.0,,1822000000.0,801000000.0,,,1737000000.0,8458000000.0,,22098000000.0,1930000000.0,,1799000000.0,86109000000.0,,1883000000.0,608000000.0,12869000000.0,,,,936000000.0,,-9584000000.0,-1100000000.0,27771000000.0,86109000000.0,4840000000.0,366000000.0,849000000.0,2693000000.0,139000000.0,,288000000.0,,-95000000.0,136000000.0,5287000000.0,,,,,31000000.0,5234000000.0,863000000.0,6000000.0,-3238000000.0,,,-1599000000.0,548000000.0,77000000.0
2019-12-31,44998000000.0,,,,14139000000.0,39276000000.0,5722000000.0,-1119000000.0,4603000000.0,1135000000.0,3468000000.0,4.06,4.02,854143751.0,863433511.0,1528000000.0,,1888000000.0,964000000.0,5990000000.0,,2305000000.0,9305000000.0,,21984000000.0,1930000000.0,,1891000000.0,86921000000.0,,1673000000.0,631000000.0,12506000000.0,,,,954000000.0,,-8833000000.0,-868000000.0,28789000000.0,86921000000.0,6616000000.0,495000000.0,1091000000.0,3709000000.0,617000000.0,,144000000.0,,-85000000.0,144000000.0,6824000000.0,,,,,31000000.0,6391000000.0,967000000.0,18000000.0,-4125000000.0,,,-2374000000.0,325000000.0,88000000.0
2020-03-31,11113000000.0,,,,3688000000.0,9574000000.0,1539000000.0,-282000000.0,1257000000.0,306000000.0,951000000.0,1.11,1.1,858148284.0,865998532.0,1112000000.0,,1836000000.0,1225000000.0,,,2882000000.0,9487000000.0,,22149000000.0,1930000000.0,,2026000000.0,87226000000.0,,2801000000.0,619000000.0,14756000000.0,,,,959000000.0,,-7949000000.0,-1700000000.0,28977000000.0,87226000000.0,1718000000.0,138000000.0,310000000.0,748000000.0,511000000.0,,-6000000.0,,-26000000.0,79000000.0,1617000000.0,,,,,,1753000000.0,99000000.0,16000000.0,-1580000000.0,,,-453000000.0,-416000000.0,24000000.0
2020-06-30,28784000000.0,,,,9292000000.0,26425000000.0,2359000000.0,-1310000000.0,1049000000.0,308000000.0,1061000000.0,1.01,1.0,1236528444.0,1236528444.0,11076000000.0,,3355000000.0,1549000000.0,,,2586000000.0,24321000000.0,,38801000000.0,10910000000.0,,2326000000.0,187199000000.0,,1669000000.0,1185000000.0,23191000000.0,,,,3494000000.0,,-7839000000.0,-1700000000.0,62996000000.0,187199000000.0,5782000000.0,397000000.0,408000000.0,1246000000.0,1064000000.0,,104000000.0,,285000000.0,-2190000000.0,2394000000.0,,,,,5000000000.0,4010000000.0,844000000.0,184000000.0,-7936000000.0,17290000000.0,,15628000000.0,10049000000.0,55000000.0
2020-09-30,48056000000.0,,,,14168000000.0,43132000000.0,4924000000.0,-2215000000.0,2709000000.0,715000000.0,2314000000.0,2.08,2.06,1238450665.0,1249798740.0,6571000000.0,,4313000000.0,1931000000.0,,,2889000000.0,19465000000.0,,38567000000.0,10906000000.0,,2519000000.0,192443000000.0,,1817000000.0,1078000000.0,19840000000.0,,,,3577000000.0,,-6586000000.0,-1621000000.0,64487000000.0,192443000000.0,9932000000.0,558000000.0,743000000.0,2784000000.0,1613000000.0,,106000000.0,,223000000.0,-2162000000.0,5166000000.0,,,,,5000000000.0,7227000000.0,827000000.0,209000000.0,-9068000000.0,19840000000.0,,9031000000.0,5129000000.0,118000000.0
2020-12-31,68397000000.0,,,,18926000000.0,61761000000.0,6636000000.0,-3106000000.0,3530000000.0,786000000.0,3064000000.0,2.68,2.65,1144206326.0,1154749428.0,10385000000.0,,4254000000.0,2527000000.0,16207000000.0,,2496000000.0,23885000000.0,,41175000000.0,11117000000.0,,2779000000.0,200162000000.0,,810000000.0,1030000000.0,21703000000.0,,,,5412000000.0,,-5836000000.0,-1600000000.0,65344000000.0,200162000000.0,14151000000.0,694000000.0,822000000.0,3273000000.0,2222000000.0,,402000000.0,,264000000.0,-2178000000.0,8640000000.0,,,,,5000000000.0,11034000000.0,1333000000.0,338000000.0,-12715000000.0,19840000000.0,,13010000000.0,8935000000.0,218000000.0
2021-03-31,19759000000.0,,,,4805000000.0,17620000000.0,2139000000.0,-960000000.0,,246000000.0,933000000.0,0.75,0.74,1243520026.0,1252783564.0,6677000000.0,,3592000000.0,2209000000.0,,,1770000000.0,18779000000.0,,40549000000.0,11158000000.0,,12140000000.0,203332000000.0,,769000000.0,972000000.0,19495000000.0,,,,5298000000.0,,-4903000000.0,-1545000000.0,66377000000.0,203332000000.0,4289000000.0,138000000.0,211000000.0,-96000000.0,-279000000.0,,-54000000.0,,-49000000.0,-217000000.0,3661000000.0,,,,,29000000.0,3183000000.0,8922000000.0,-4000000.0,-11239000000.0,,,3874000000.0,-3704000000.0,22000000.0
2021-06-30,39709000000.0,,,,9628000000.0,35464000000.0,4245000000.0,-1811000000.0,2434000000.0,523000000.0,1911000000.0,1.53,1.52,1247563331.0,1254264464.0,7793000000.0,,4528000000.0,1707000000.0,,,1642000000.0,20570000000.0,,39752000000.0,11152000000.0,,12266000000.0,204124000000.0,,877000000.0,939000000.0,21837000000.0,,,,5229000000.0,,-3925000000.0,-1510000000.0,67470000000.0,204124000000.0,8366000000.0,272000000.0,437000000.0,1839000000.0,-863000000.0,,154000000.0,,-35000000.0,-264000000.0,7440000000.0,,,,,30000000.0,6453000000.0,8930000000.0,-32000000.0,-13322000000.0,0.0,,3297000000.0,-2585000000.0,85000000.0
2021-09-30,59333000000.0,,,,14840000000.0,53504000000.0,5829000000.0,-2707000000.0,3122000000.0,520000000.0,2602000000.0,2.09,2.07,1248189719.0,1254391787.0,4055000000.0,,4109000000.0,1762000000.0,,,1576000000.0,16772000000.0,,39355000000.0,12188000000.0,,3052000000.0,202125000000.0,,939000000.0,914000000.0,19247000000.0,,,,5214000000.0,,-3234000000.0,-1478000000.0,68427000000.0,202125000000.0,12511000000.0,403000000.0,410000000.0,2197000000.0,-904000000.0,,188000000.0,,-32000000.0,-351000000.0,10917000000.0,,,,,1916000000.0,9397000000.0,9337000000.0,-46000000.0,-17474000000.0,0.0,,-3060000000.0,-6320000000.0,123000000.0
2021-12-31,80118000000.0,,,,20238000000.0,73226000000.0,6892000000.0,-3541000000.0,3351000000.0,327000000.0,3024000000.0,2.42,2.41,1247154988.0,1254769926.0,6631000000.0,,4167000000.0,2567000000.0,16268000000.0,,2005000000.0,20891000000.0,,39803000000.0,12188000000.0,,3232000000.0,206563000000.0,,967000000.0,856000000.0,23499000000.0,,,,5097000000.0,,-2812000000.0,-1365000000.0,69102000000.0,206563000000.0,16383000000.0,540000000.0,197000000.0,3225000000.0,-201000000.0,,573000000.0,,-61000000.0,-531000000.0,13917000000.0,,,,,1916000000.0,12326000000.0,9366000000.0,-51000000.0,-19386000000.0,0.0,,1709000000.0,-3760000000.0,167000000.0
2022-03-31,20120000000.0,,,,5056000000.0,18314000000.0,1806000000.0,-875000000.0,931000000.0,218000000.0,713000000.0,0.57,0.57,1250505999.0,1255368592.0,3245000000.0,,4016000000.0,2715000000.0,,,1691000000.0,17455000000.0,,40006000000.0,12234000000.0,,6276000000.0,210653000000.0,,959000000.0,842000000.0,21423000000.0,,,,3818000000.0,,-2099000000.0,-1329000000.0,69976000000.0,210653000000.0,3585000000.0,141000000.0,185000000.0,984000000.0,93000000.0,,4000000.0,,5000000.0,-163000000.0,3845000000.0,,,,,52000000.0,3381000000.0,2843000000.0,1000000.0,-5092000000.0,,,-2136000000.0,-3383000000.0,0.0
2022-06-30,39821000000.0,,,,10912000000.0,37306000000.0,2515000000.0,-1747000000.0,768000000.0,163000000.0,605000000.0,0.48,0.48,1253932986.0,1256873827.0,3151000000.0,,4466000000.0,2243000000.0,,,1711000000.0,17476000000.0,,40245000000.0,12234000000.0,,3433000000.0,209463000000.0,,1120000000.0,810000000.0,20622000000.0,,,,3808000000.0,,-2207000000.0,-1295000000.0,70034000000.0,209463000000.0,7076000000.0,295000000.0,109000000.0,2557000000.0,-484000000.0,,116000000.0,,-7000000.0,200000000.0,8054000000.0,,,,,52000000.0,6953000000.0,2959000000.0,-8000000.0,-7651000000.0,,,-3880000000.0,-3477000000.0,63000000.0
2022-09-30,59298000000.0,,,,16030000000.0,55502000000.0,3796000000.0,-2577000000.0,1219000000.0,106000000.0,1113000000.0,0.89,0.88,1253873429.0,1259210271.0,6888000000.0,,4324000000.0,2247000000.0,,,2209000000.0,21427000000.0,,41034000000.0,12234000000.0,,3877000000.0,213499000000.0,,1610000000.0,777000000.0,26362000000.0,,,,4430000000.0,,-1699000000.0,-1263000000.0,70150000000.0,213499000000.0,10389000000.0,445000000.0,73000000.0,3781000000.0,-384000000.0,,450000000.0,,-24000000.0,587000000.0,12445000000.0,,,,,52000000.0,10587000000.0,3319000000.0,-138000000.0,-10206000000.0,,,-1953000000.0,3763000000.0,75000000.0
2022-12-31,79571000000.0,,,,21607000000.0,73028000000.0,6543000000.0,-3397000000.0,3146000000.0,556000000.0,2590000000.0,2.07,2.06,1249763934.0,1255376769.0,4507000000.0,,4445000000.0,1884000000.0,21351000000.0,,2435000000.0,19067000000.0,,42086000000.0,12234000000.0,,4127000000.0,211338000000.0,,1850000000.0,780000000.0,24742000000.0,,,,4101000000.0,,-223000000.0,-1046000000.0,69656000000.0,211338000000.0,13651000000.0,595000000.0,492000000.0,5158000000.0,-744000000.0,,754000000.0,,-15000000.0,459000000.0,16781000000.0,,,,,52000000.0,13970000000.0,3331000000.0,-149000000.0,-12359000000.0,0.0,,-6451000000.0,-2029000000.0,76000000.0
2023-03-31,19632000000.0,,,,5425000000.0,16235000000.0,3397000000.0,-826000000.0,2571000000.0,631000000.0,1940000000.0,1.59,1.58,1219608362.0,1224604698.0,4540000000.0,,4366000000.0,1741000000.0,,,2543000000.0,18876000000.0,,42053000000.0,12234000000.0,,4209000000.0,210173000000.0,,2115000000.0,804000000.0,23846000000.0,,,,3802000000.0,,1717000000.0,-1004000000.0,66925000000.0,210173000000.0,3203000000.0,177000000.0,,1268000000.0,-129000000.0,,142000000.0,,30000000.0,-183000000.0,4051000000.0,,,,,0.0,3001000000.0,73000000.0,5000000.0,-1728000000.0,,,-2273000000.0,50000000.0,27000000.0
2023-06-30,38828000000.0,,,,10697000000.0,31638000000.0,7190000000.0,-1681000000.0,5509000000.0,1348000000.0,4161000000.0,3.45,3.44,1206270341.0,1210220958.0,6647000000.0,,4592000000.0,1373000000.0,,,2032000000.0,20237000000.0,,41804000000.0,12234000000.0,,4184000000.0,210602000000.0,,1647000000.0,810000000.0,24569000000.0,,,,3749000000.0,,3938000000.0,-957000000.0,65750000000.0,210602000000.0,6313000000.0,344000000.0,,2782000000.0,-491000000.0,,-354000000.0,,41000000.0,-649000000.0,8406000000.0,,,,,0.0,5790000000.0,106000000.0,-24000000.0,-3215000000.0,,,-3057000000.0,2134000000.0,122000000.0
2023-09-30,58080000000.0,,,,16031000000.0,47294000000.0,10786000000.0,-2430000000.0,8356000000.0,2053000000.0,6303000000.0,5.28,5.26,1194497722.0,1198290141.0,5030000000.0,,4500000000.0,1685000000.0,,,2272000000.0,18669000000.0,,41080000000.0,12234000000.0,,4246000000.0,208579000000.0,,2948000000.0,830000000.0,21711000000.0,,,,3640000000.0,,5335000000.0,-949000000.0,64698000000.0,208579000000.0,9500000000.0,500000000.0,,3828000000.0,309000000.0,,135000000.0,,66000000.0,-909000000.0,13700000000.0,,,,,0.0,8214000000.0,225000000.0,-36000000.0,-4608000000.0,,,-8567000000.0,-1609000000.0,126000000.0
2023-12-31,78558000000.0,,,,21311000000.0,64292000000.0,14266000000.0,-3267000000.0,10999000000.0,2682000000.0,8317000000.0,7.02,6.93,1185121562.0,1200286264.0,5135000000.0,,4692000000.0,1678000000.0,19912000000.0,,2352000000.0,19015000000.0,,40432000000.0,12234000000.0,,4229000000.0,207682000000.0,,1296000000.0,825000000.0,20928000000.0,,,,3929000000.0,,7347000000.0,-964000000.0,64715000000.0,207682000000.0,12818000000.0,667000000.0,2600000000.0,5038000000.0,-197000000.0,,358000000.0,,64000000.0,-839000000.0,18559000000.0,,,,,0.0,9801000000.0,1010000000.0,-154000000.0,-5829000000.0,,,-12097000000.0,633000000.0,149000000.0
2024-03-31,19594000000.0,,,,5138000000.0,15596000000.0,3998000000.0,-860000000.0,3138000000.0,764000000.0,2374000000.0,2.0,2.0,1185298497.0,1189092019.0,6708000000.0,,4253000000.0,1521000000.0,,,2039000000.0,19295000000.0,,39286000000.0,12234000000.0,,4000000000.0,206268000000.0,,1933000000.0,846000000.0,20563000000.0,,,,3846000000.0,,8196000000.0,-926000000.0,62074000000.0,206268000000.0,3371000000.0,140000000.0,,416000000.0,-170000000.0,,-160000000.0,,24000000.0,-172000000.0,5084000000.0,,,,,,2627000000.0,61000000.0,-11000000.0,-1787000000.0,,,-1666000000.0,1631000000.0,7000000.0
2024-06-30,39366000000.0,,,,10280000000.0,30738000000.0,8628000000.0,-1722000000.0,6906000000.0,1607000000.0,5299000000.0,4.5,4.49,1177662179.0,1180929879.0,6417000000.0,,4563000000.0,1319000000.0,,,2163000000.0,19297000000.0,,38222000000.0,13015000000.0,,5093000000.0,208557000000.0,,4028000000.0,1098000000.0,23038000000.0,,,,4032000000.0,,10360000000.0,-917000000.0,62636000000.0,208557000000.0,6619000000.0,304000000.0,,1702000000.0,-391000000.0,,416000000.0,,279000000.0,-532000000.0,10605000000.0,,,,,390000000.0,4667000000.0,217000000.0,50000000.0,-3465000000.0,,,-5800000000.0,1340000000.0,114000000.0
2024-09-30,59528000000.0,,,,15466000000.0,46104000000.0,13424000000.0,-2551000000.0,10873000000.0,2515000000.0,8358000000.0,7.12,7.1,1174069336.0,1177637145.0,9754000000.0,,4286000000.0,1789000000.0,,,2154000000.0,22531000000.0,,37603000000.0,13015000000.0,,5158000000.0,210742000000.0,,1903000000.0,1125000000.0,20955000000.0,,,,3968000000.0,,12401000000.0,-889000000.0,64250000000.0,210742000000.0,9770000000.0,474000000.0,,2436000000.0,448000000.0,,275000000.0,,309000000.0,-657000000.0,16744000000.0,,,,,390000000.0,6628000000.0,2636000000.0,-89000000.0,-6772000000.0,,,-5293000000.0,4679000000.0,164000000.0
,,,,,,,,,,,,,,,,,,,,,,,,,,,,,,,,,,,,,,,,,,,,,,,,,,,,,,,,,,,,,,,,,,,
,,,,,,,,,,,,,,,,,,,,,,,,,,,,,,,,,,,,,,,,,,,,,,,,,,,,,,,,,,,,,,,,,,,
