Date,Net sales,Cost of sales,Gross margin,Research and development,"Selling, general and administrative",Total operating expenses,Operating income,"Other income/(expense), net",Income before provision for income taxes,Provision for income taxes,Net income,Earnings per share basic,Earnings per share diluted,Weighted-average basic,Weighted-average diluted,Cash and cash equivalents,Short-term marketable securities,"Accounts receivable, net",Inventories,Deferred tax assets,Vendor non-trade receivables,Other current assets,Total current assets,Long-term marketable securities,"Property, Plant and Equipment, Net",Goodwill,"Acquired intangible assets, net","Other Assets, Noncurrent",Total assets,accounts payable,Accrued expenses,Deferred revenue,Total current liabilities,Deferred revenue - non-current,deferred tax liabilities,long term taxes payable,Total other non-current liabilities,Total liabilities,Retained Earnings (Accumulated Deficit),Accumulated other comprehensive (loss)/income,Total shareholders equity,Total liabilities and shareholders' equity,"Depreciation, amortization and accretion",Stock-based compensation expense,Deferred income tax expense,"Increase (Decrease) in Accounts receivable, net",Increase (Decrease) in Inventories,Increase (Decrease) in Other Receivables,Increase (Decrease) in Other Operating Assets,Increase (Decrease) in Accounts Payable,Increase (Decrease) in Deferred Revenue,Increase (Decrease) Other liabilities,Cash generated by operating activities,Purchases of marketable securities,Proceeds from maturities of marketable securities,Proceeds from sales of marketable securities,Purchases of other long-term investments,"Business acquisitions, net of cash acquired",Cash payments for capital asset purchases,Payments for acquisition of intangible assets,Payments for (Proceeds from) Other Investing Activities,Cash used in investing activities,Proceeds from issuance of common stock,Excess tax benefits from stock-based compensation,Cash generated/used in financing activities,Increase/(decrease) in cash and cash equivalents,"Cash paid for income taxes, net"
2011-09-30,,,,,,4817700000.0,242800000.0,,159100000.0,18500000.0,22200000.0,0.54,0.54,41000000.0,41500000.0,154100000.0,,544500000.0,139400000.0,,,17500000.0,890700000.0,,2616800000.0,,,262100000.0,3790400000.0,298900000.0,339700000.0,,673500000.0,,117600000.0,,52700000.0,,-78600000.0,400000.0,165700000.0,3790400000.0,134300000.0,11400000.0,-10900000.0,,-86900000.0,,,,,,164600000.0,,,,,,214300000.0,,-300000.0,-390100000.0,,,191200000.0,-34300000.0,
2012-03-31,,,,,,1538100000.0,107700000.0,,79300000.0,10100000.0,9600000.0,0.23,0.23,41000000.0,41800000.0,121200000.0,,462600000.0,45500000.0,0.0,,6400000.0,676200000.0,,2872000000.0,,,98500000.0,3698400000.0,,,,569300000.0,,118000000.0,,62200000.0,,-60500000.0,0.0,140300000.0,3698400000.0,-47400000.0,4500000.0,-1400000.0,,-44300000.0,,,,,,138800000.0,,,,,,103000000.0,,-800000.0,-108100000.0,,,-55300000.0,-24600000.0,
2012-06-30,,,,,,,190800000.0,,131400000.0,18800000.0,18200000.0,0.44,0.44,41000000.0,41900000.0,117500000.0,,368100000.0,89700000.0,,,17900000.0,649500000.0,,2964500000.0,,,95100000.0,3780500000.0,,,,487800000.0,,107300000.0,,62700000.0,,-51900000.0,6000000.0,140900000.0,3780500000.0,95700000.0,8800000.0,2700000.0,,300000.0,,,,,,204000000.0,,,,,,238700000.0,,-900000.0,-251100000.0,,,18800000.0,-28300000.0,
2012-09-30,,,,,,,249800000.0,,156400000.0,24700000.0,26900000.0,0.66,0.64,41000000.0,41900000.0,120700000.0,,416200000.0,84400000.0,,,11400000.0,666400000.0,,3061200000.0,,,91800000.0,3881500000.0,,,,526300000.0,,116300000.0,,53400000.0,,-43200000.0,2200000.0,131000000.0,3881500000.0,144300000.0,13000000.0,4400000.0,,-4900000.0,,,,,,290200000.0,,,,,,365100000.0,,-1600000.0,-403800000.0,,,88500000.0,-25100000.0,
2012-12-31,,,1006700000.0,,,,336300000.0,,196200000.0,36900000.0,38100000.0,0.93,0.91,41000000.0,41800000.0,76300000.0,,514900000.0,99400000.0,-134900000.0,,13400000.0,733300000.0,,3538000000.0,,,94700000.0,5105000000.0,,,,686600000.0,,131200000.0,,53700000.0,,-32000000.0,1200000.0,144100000.0,5105000000.0,197600000.0,17500000.0,9000000.0,,-6000000.0,,,,,,428200000.0,,,,,,582700000.0,,-4500000.0,-1590700000.0,,1300000.0,1093000000.0,-69500000.0,
2013-03-31,,,,,,,73900000.0,,43200000.0,9400000.0,13400000.0,0.32,0.32,41600000.0,42000000.0,112700000.0,,427600000.0,66000000.0,,,6700000.0,631200000.0,,3692400000.0,,,92800000.0,5148500000.0,,,,633100000.0,,127200000.0,,57600000.0,,-18600000.0,100000.0,145400000.0,5148500000.0,64000000.0,3800000.0,200000.0,,-33700000.0,,,,,,174000000.0,,,,,,202900000.0,,4600000.0,-207500000.0,,,69900000.0,36400000.0,
2013-06-30,,,,,,,134800000.0,,73700000.0,17500000.0,28300000.0,0.68,0.67,41600000.0,42100000.0,82900000.0,,435800000.0,138300000.0,,,17700000.0,697900000.0,,3883400000.0,,,95500000.0,5407100000.0,,,,608600000.0,,125000000.0,,62400000.0,,-3700000.0,1700000.0,120100000.0,5407100000.0,129700000.0,6800000.0,700000.0,,49700000.0,,,,,,162700000.0,,,,,,444500000.0,,10500000.0,-455000000.0,,,298900000.0,6600000.0,
2013-09-30,,,,,,,223100000.0,,135900000.0,30300000.0,44600000.0,1.07,1.06,41600000.0,42100000.0,83700000.0,,498500000.0,201700000.0,,,14200000.0,809000000.0,,4109400000.0,,,91500000.0,5725300000.0,,,,687100000.0,,136100000.0,,58000000.0,,12600000.0,300000.0,151000000.0,5725300000.0,198700000.0,10000000.0,7000000.0,,110300000.0,,,,,,258100000.0,,,,,,708200000.0,,-4000000.0,-737600000.0,,,486900000.0,7400000.0,
2013-12-31,,,1177500000.0,,,,368200000.0,,249500000.0,48200000.0,65100000.0,1.56,1.55,41600000.0,42100000.0,66700000.0,,658800000.0,150700000.0,-139500000.0,,18900000.0,897200000.0,,4349900000.0,,,89100000.0,6048600000.0,,,,770400000.0,,135500000.0,,60700000.0,,20500000.0,-500000.0,148800000.0,6048600000.0,271900000.0,13200000.0,5400000.0,,84500000.0,,,,,,382700000.0,,,,,,1013600000.0,,-5000000.0,-1026300000.0,,1600000.0,634000000.0,-9600000.0,
2014-03-31,,,,,,,158400000.0,,129400000.0,22500000.0,19600000.0,0.47,0.47,42000000.0,42100000.0,94900000.0,,610400000.0,88500000.0,4300000.0,,10200000.0,809900000.0,,4464300000.0,,,86300000.0,6055200000.0,,,,758400000.0,,138800000.0,,66100000.0,,19600000.0,-800000.0,144400000.0,6055200000.0,79600000.0,4200000.0,-1400000.0,,-60600000.0,,,,,,318700000.0,,,,,,197700000.0,,-1700000.0,-193700000.0,,,-96800000.0,28200000.0,
2014-06-30,,,,,,,308800000.0,,248300000.0,38100000.0,46000000.0,1.1,1.09,42000000.0,42100000.0,75900000.0,,682600000.0,151700000.0,4000000.0,,23000000.0,939200000.0,,4623800000.0,,,88800000.0,6328400000.0,,,,818900000.0,,142700000.0,,73100000.0,,26500000.0,-900000.0,151800000.0,6328400000.0,165400000.0,7500000.0,-2400000.0,,18100000.0,,,,,,424500000.0,,,,,,419600000.0,,-2300000.0,-413700000.0,,,-1600000.0,9200000.0,
2014-09-30,,,,,,,477600000.0,,384300000.0,53600000.0,76800000.0,1.83,1.82,42000000.0,42100000.0,78800000.0,,698100000.0,251200000.0,0.0,,20000000.0,1053100000.0,,4693700000.0,,,84400000.0,6491900000.0,,,,802700000.0,,135500000.0,,65500000.0,,30800000.0,300000.0,159500000.0,6491900000.0,253100000.0,10800000.0,-4200000.0,,117800000.0,,,,,,519100000.0,,,,,,571700000.0,,-6300000.0,-561200000.0,,,54200000.0,12100000.0,
2015-03-31,,,,,,,137300000.0,,49800000.0,15200000.0,3200000.0,0.07,0.07,45800000.0,45900000.0,170700000.0,,675600000.0,78200000.0,0.0,,17100000.0,1067600000.0,,9833000000.0,628500000.0,1602400000.0,119700000.0,13625300000.0,,,,982900000.0,,127800000.0,,80200000.0,,3100000.0,5300000.0,1514100000.0,13625300000.0,119600000.0,5900000.0,6100000.0,,-102400000.0,,,,,,292600000.0,,,,,1598000000.0,187600000.0,,7800000.0,-1792800000.0,336200000.0,,1589900000.0,89700000.0,800000.0
2015-06-30,,,,,,,250800000.0,,89800000.0,30100000.0,18600000.0,0.37,0.36,55900000.0,56100000.0,105700000.0,,602500000.0,124800000.0,0.0,,38700000.0,963500000.0,,9684300000.0,557900000.0,,113300000.0,13352900000.0,,,,847000000.0,,133500000.0,,78800000.0,,15400000.0,3500000.0,1516100000.0,13352900000.0,282500000.0,12400000.0,18500000.0,,-57900000.0,,,,,,484200000.0,,,,,1574400000.0,436200000.0,,1300000.0,-2011800000.0,336600000.0,,1552300000.0,,13200000.0
2015-09-30,,,,,,,366200000.0,,134700000.0,54100000.0,31400000.0,0.6,0.6,56000000.0,56100000.0,102900000.0,,621000000.0,151100000.0,0.0,,33800000.0,1001100000.0,,9750200000.0,551400000.0,,110200000.0,13418200000.0,,,,862200000.0,,156800000.0,,76500000.0,,12600000.0,5200000.0,1481800000.0,13418200000.0,448300000.0,19000000.0,41900000.0,,-31200000.0,,,,,,695500000.0,,,,,1574400000.0,625300000.0,,3000000.0,-2208200000.0,335500000.0,,1534600000.0,,13300000.0
2015-12-31,,,1785600000.0,,,,159300000.0,,-111800000.0,39600000.0,58300000.0,1.09,1.09,53500000.0,53600000.0,140200000.0,,515800000.0,141000000.0,19800000.0,,30800000.0,920000000.0,,9702700000.0,417000000.0,,110100000.0,13253700000.0,,,,881600000.0,,177800000.0,,180200000.0,,26900000.0,5700000.0,1461400000.0,13253700000.0,677100000.0,25000000.0,24600000.0,,-41400000.0,,,,,,1034700000.0,,,,,1574400000.0,817200000.0,,-2500000.0,-2399600000.0,336800000.0,1100000.0,1424100000.0,,12600000.0
2016-03-31,,,,,,1406900000.0,35500000.0,,2400000.0,3100000.0,-2700000.0,-0.06,-0.06,106600000.0,106600000.0,114500000.0,,428400000.0,61700000.0,,,28900000.0,715900000.0,,9734600000.0,393000000.0,,60500000.0,12949200000.0,,,,693000000.0,,1117000000.0,,155800000.0,,-2700000.0,43000000.0,5333100000.0,12949200000.0,193500000.0,8000000.0,3100000.0,,-62300000.0,,,,,,241300000.0,,,,,,190100000.0,,1300000.0,-188000000.0,,,-79000000.0,,1000000.0
2016-06-30,,,,,,,101900000.0,,-12900000.0,4800000.0,-25900000.0,-0.44,-0.44,161600000.0,161600000.0,170900000.0,,490100000.0,111000000.0,,,43300000.0,856700000.0,,9702500000.0,393000000.0,,58100000.0,13000100000.0,,,,937600000.0,,1083000000.0,,164500000.0,,-25900000.0,-5700000.0,5274800000.0,13000100000.0,379600000.0,15200000.0,4800000.0,,-12400000.0,,,,,,457500000.0,,,,,,307700000.0,,1400000.0,-305200000.0,181200000.0,,-121600000.0,,1100000.0
2016-09-30,,,,,,,153500000.0,,-22300000.0,-8700000.0,-36600000.0,-0.68,-0.68,168000000.0,168000000.0,141100000.0,,547400000.0,150300000.0,,,24600000.0,976700000.0,,9680200000.0,393000000.0,,53400000.0,13055600000.0,,,,948800000.0,,1141700000.0,,159100000.0,,-36600000.0,-2700000.0,5306800000.0,13055600000.0,563600000.0,22200000.0,-3900000.0,,27800000.0,,,,,,560700000.0,,,,,,425000000.0,,-4200000.0,-422000000.0,401000000.0,,-137800000.0,,1200000.0
2016-12-31,,,1768000000.0,,,,55800000.0,,-259700000.0,-100600000.0,-187300000.0,-1.8,-1.8,154400000.0,154400000.0,73500000.0,,674600000.0,137700000.0,105100000.0,,36400000.0,1006800000.0,,9691000000.0,210000000.0,,63500000.0,12871200000.0,,,,1167600000.0,,941200000.0,,215100000.0,,-187300000.0,-38300000.0,5248600000.0,12871200000.0,757700000.0,29700000.0,-37800000.0,,15900000.0,,,,,,837400000.0,,,,,,562100000.0,,-3800000.0,-558600000.0,577300000.0,,-345500000.0,,-10600000.0
2017-03-31,,,,,,,50500000.0,,-39400000.0,71100000.0,-119300000.0,-0.77,-0.77,191800000.0,191800000.0,80000000.0,,537700000.0,75500000.0,,,24400000.0,812100000.0,,9963400000.0,369000000.0,,21900000.0,13653800000.0,,,,1424300000.0,,951600000.0,,688900000.0,,-250500000.0,6500000.0,5689900000.0,13653800000.0,191100000.0,10800000.0,73400000.0,,-53700000.0,,,,,,318700000.0,,,,,480800000.0,144200000.0,,,-625500000.0,664800000.0,,313300000.0,,-200000.0
2017-06-30,,,,,,,87600000.0,,-74800000.0,-106000000.0,-61700000.0,-0.61,-0.61,203700000.0,205000000.0,98700000.0,,550400000.0,197700000.0,,,30400000.0,914900000.0,,10226800000.0,256600000.0,,19700000.0,13918400000.0,,,,1395600000.0,,852900000.0,,588400000.0,,-192900000.0,21500000.0,6460900000.0,13918400000.0,394600000.0,21500000.0,-34500000.0,,68600000.0,,,,,,464500000.0,,,,,570800000.0,527600000.0,,12800000.0,-1108600000.0,1573400000.0,,669300000.0,,-67800000.0
2017-09-30,,,,,,,-323600000.0,,-327300000.0,-132300000.0,-229300000.0,-1.56,-1.56,215600000.0,215600000.0,114100000.0,,710400000.0,267400000.0,,,85600000.0,1200800000.0,,10068800000.0,256600000.0,,21500000.0,13998300000.0,,,,1633300000.0,,728500000.0,,497800000.0,,-360500000.0,-43500000.0,5995800000.0,13998300000.0,602800000.0,31700000.0,-132600000.0,,136400000.0,,,,,,531900000.0,,,,,570800000.0,866600000.0,,14800000.0,-1457500000.0,1573400000.0,,966200000.0,,-67400000.0
2017-12-31,,,1908800000.0,,,,-122400000.0,,-292900000.0,-397100000.0,54000000.0,-0.31,-0.31,206900000.0,206900000.0,137200000.0,,827600000.0,204500000.0,278100000.0,,62700000.0,1269900000.0,,10430000000.0,256600000.0,,21500000.0,14388600000.0,,,,1616600000.0,,479000000.0,,597900000.0,,-77200000.0,-29900000.0,6160300000.0,14388600000.0,809500000.0,42300000.0,-392700000.0,,73200000.0,,,,,,939500000.0,,,,,570800000.0,1297500000.0,,15100000.0,-1892700000.0,1660400000.0,,1016900000.0,,-67500000.0
2018-03-31,,,,,,,86300000.0,,47800000.0,8900000.0,22900000.0,-0.03,-0.03,218700000.0,218700000.0,219800000.0,,745600000.0,96700000.0,,,35000000.0,1160300000.0,,10841600000.0,256600000.0,,19800000.0,14753200000.0,,,,1384300000.0,,509600000.0,,589100000.0,,-49100000.0,34400000.0,6090700000.0,14753200000.0,198100000.0,13200000.0,8900000.0,,-110200000.0,,,,,,354400000.0,,,,,,595900000.0,,-5100000.0,-677300000.0,58100000.0,,405500000.0,,
2018-06-30,,,,,,,241700000.0,,201600000.0,41600000.0,132000000.0,0.36,0.35,221100000.0,222800000.0,281600000.0,,867200000.0,181400000.0,,,47100000.0,1431500000.0,,11421300000.0,256600000.0,,26800000.0,15596100000.0,,,,1953300000.0,,519200000.0,,214800000.0,,60000000.0,-37900000.0,6217800000.0,15596100000.0,400700000.0,26900000.0,41600000.0,,-9300000.0,,,,,,543700000.0,,,,,,1162500000.0,,5300000.0,-1236900000.0,372400000.0,,837600000.0,,-500000.0
2018-09-30,7886300000.0,6229700000.0,,,,,318200000.0,,186300000.0,37700000.0,108200000.0,-0.24,-0.24,226500000.0,226500000.0,203200000.0,,1037200000.0,177900000.0,,,82800000.0,1726400000.0,,12080900000.0,256600000.0,,25700000.0,16569100000.0,,,,2556400000.0,,487500000.0,,270600000.0,,-23800000.0,-125900000.0,6081400000.0,16569100000.0,607100000.0,40700000.0,37700000.0,,16600000.0,,,,,,914600000.0,,,,,,2033600000.0,,9200000.0,-2192800000.0,576500000.0,,1344200000.0,,-500000.0
2018-12-31,10484000000.0,8238200000.0,2245800000.0,,,,237500000.0,,65900000.0,5500000.0,1600000.0,-0.53,-0.53,224200000.0,224200000.0,232100000.0,,865500000.0,164700000.0,680700000.0,,41300000.0,1418900000.0,,12928400000.0,46600000.0,,36500000.0,16938200000.0,,,,2798800000.0,,525200000.0,,262200000.0,,-130400000.0,94300000.0,6079400000.0,16938200000.0,815900000.0,56300000.0,5500000.0,,13900000.0,,,,,,1144000000.0,,,,,,3114800000.0,,12500000.0,-3146900000.0,689000000.0,,2097800000.0,,-500000.0
2019-03-31,2299400000.0,1726000000.0,,,,,61300000.0,,-27600000.0,-2900000.0,-38900000.0,-0.3,-0.3,232200000.0,232200000.0,124900000.0,,752800000.0,197900000.0,,,29500000.0,1181000000.0,,13703400000.0,46600000.0,,69000000.0,17569200000.0,,,,2041600000.0,,507600000.0,,301200000.0,,-169300000.0,48900000.0,5756300000.0,17569200000.0,237400000.0,16500000.0,-2900000.0,,60600000.0,,,,,,307600000.0,,,,,,943300000.0,,9000000.0,-1069200000.0,,,654400000.0,-107200000.0,300000.0
2019-06-30,4294700000.0,3087600000.0,,,,,175100000.0,,45600000.0,-6200000.0,-49100000.0,-0.48,-0.48,232400000.0,232400000.0,226500000.0,,637200000.0,205100000.0,,,39200000.0,1211900000.0,,14368800000.0,46600000.0,,69500000.0,18318200000.0,,,,1658000000.0,,512700000.0,,305000000.0,,-179500000.0,83000000.0,5542300000.0,18318200000.0,474600000.0,32700000.0,-6200000.0,,76700000.0,,,,,,552300000.0,,,,,,1751000000.0,,19100000.0,-1962400000.0,,,1404500000.0,-5600000.0,400000.0
2019-09-30,6197200000.0,4415700000.0,,,,,216600000.0,,46300000.0,-10000000.0,-96400000.0,-0.82,-0.82,232700000.0,232700000.0,326300000.0,,744000000.0,210900000.0,,,54700000.0,1476000000.0,,14696900000.0,46600000.0,,66100000.0,18918500000.0,,,,1669300000.0,,527700000.0,,305700000.0,,-226800000.0,140900000.0,5318400000.0,18918500000.0,718900000.0,49000000.0,-10000000.0,,89700000.0,,,,,,919000000.0,,,,,,2434100000.0,,16300000.0,-2620000000.0,,,1795200000.0,94200000.0,300000.0
2019-12-31,7397900000.0,6118500000.0,2552600000.0,,,,192900000.0,,-46700000.0,-87900000.0,-209200000.0,-1.44,-1.44,232500000.0,232500000.0,331100000.0,,855000000.0,161500000.0,1235600000.0,,69700000.0,1658300000.0,,14548500000.0,45200000.0,,53900000.0,18815100000.0,,,,1872600000.0,,434200000.0,,305600000.0,,-339600000.0,92500000.0,4920800000.0,18815100000.0,971600000.0,60300000.0,-87900000.0,,45000000.0,,,,,,1389800000.0,,,,,,2877800000.0,,15900000.0,-3071900000.0,,,1781100000.0,99000000.0,-1900000.0
2020-03-31,1619800000.0,1188300000.0,,,,,-2077500000.0,,-2115600000.0,-295300000.0,-1737800000.0,-7.6,-7.6,233000000.0,233000000.0,375200000.0,,438100000.0,100200000.0,,,101100000.0,1214300000.0,,12411800000.0,,,93700000.0,16026800000.0,,,,1196000000.0,,204400000.0,,296100000.0,,-2077400000.0,168400000.0,3026300000.0,16026800000.0,239100000.0,17000000.0,-278400000.0,,-62300000.0,,,,,,452600000.0,,,,,,341700000.0,,-3600000.0,-201900000.0,,,-206600000.0,44100000.0,-300000.0
2020-06-30,2832100000.0,2043600000.0,,,,,-1864400000.0,,-1961700000.0,-318500000.0,-1656800000.0,-7.38,-7.38,233100000.0,233800000.0,196200000.0,,547200000.0,219300000.0,,,45100000.0,1225000000.0,,12417400000.0,,,102600000.0,15965400000.0,607700000.0,134800000.0,,1319700000.0,,,,312500000.0,,-1996400000.0,21600000.0,2917600000.0,15965400000.0,443600000.0,33100000.0,-301700000.0,,56700000.0,,,,,,738900000.0,,,,,,615900000.0,,-3500000.0,-472100000.0,,,-401700000.0,-134900000.0,-44400000.0
2020-09-30,4563500000.0,3346800000.0,,,,,-1568900000.0,,-1757600000.0,-286600000.0,-1587500000.0,-7.22,-7.22,233400000.0,233800000.0,275000000.0,,609800000.0,261700000.0,,,36700000.0,1444400000.0,,12292800000.0,,,99000000.0,16052100000.0,617700000.0,69500000.0,,1380900000.0,,,,307000000.0,,-1927100000.0,-90800000.0,2835000000.0,16052100000.0,647300000.0,49500000.0,-269800000.0,,115800000.0,,,,,,1095700000.0,,,,,,803100000.0,,-4700000.0,-654000000.0,,,-497800000.0,-56100000.0,-44400000.0
2020-12-31,6874100000.0,5105100000.0,,,,,-1303700000.0,,-1573100000.0,-248100000.0,-1553900000.0,-7.26,-7.26,232200000.0,232200000.0,242800000.0,,862800000.0,181500000.0,1377000000.0,,87700000.0,1460300000.0,,12173600000.0,45200000.0,,96100000.0,15875700000.0,833800000.0,186400000.0,,1779400000.0,,,,309100000.0,,-1893500000.0,-141800000.0,2653900000.0,15875700000.0,865100000.0,66200000.0,-232700000.0,,27700000.0,,,,,,1744500000.0,,,,,,951600000.0,,-4300000.0,-738100000.0,,,-1094700000.0,-88300000.0,43700000.0
2021-03-31,3502400000.0,2836300000.0,,,,,344100000.0,,242900000.0,15000000.0,146400000.0,0.54,0.53,228500000.0,274700000.0,248500000.0,,997100000.0,51600000.0,,,28400000.0,1408800000.0,,12060700000.0,,,92300000.0,15648400000.0,947700000.0,204000000.0,,1765000000.0,,,,295700000.0,,-1747100000.0,-158400000.0,2296700000.0,15648400000.0,216200000.0,15000000.0,14500000.0,,-139900000.0,,,,,,679800000.0,,,,,,96200000.0,,-300000.0,-90000000.0,,,-584100000.0,5700000.0,800000.0
2021-06-30,6704300000.0,5545300000.0,,,,,589900000.0,,404900000.0,21600000.0,202600000.0,0.7,0.69,228600000.0,231300000.0,209000000.0,,901800000.0,65600000.0,,,64700000.0,1317900000.0,,11996600000.0,,,88700000.0,15411800000.0,1034500000.0,178900000.0,,2102100000.0,,,,295100000.0,,-1690900000.0,-294400000.0,2186200000.0,15411800000.0,428000000.0,29900000.0,20300000.0,,-126200000.0,,,,,,1303600000.0,,,,,,198900000.0,,-1000000.0,-185900000.0,,,-1151500000.0,-33800000.0,1000000.0
2021-09-30,10905900000.0,9159800000.0,,,,,956400000.0,,694800000.0,23500000.0,384800000.0,1.4,1.38,228800000.0,276400000.0,228600000.0,,1291000000.0,316800000.0,,,74200000.0,1993300000.0,,11922400000.0,,,84800000.0,15972700000.0,1652300000.0,240200000.0,,2868300000.0,,,,290800000.0,,-1508700000.0,-442100000.0,2185100000.0,15972700000.0,650900000.0,44600000.0,21500000.0,,128000000.0,,,,,,1798800000.0,,,,,,321600000.0,,-200000.0,-299600000.0,,,-1513400000.0,-14200000.0,1200000.0
2021-12-31,16093100000.0,13729500000.0,,,,,864800000.0,,436900000.0,14800000.0,71200000.0,-0.07,-0.07,228600000.0,228600000.0,158500000.0,,1331900000.0,153400000.0,1200700000.0,,82900000.0,1769800000.0,,11667700000.0,45200000.0,,81700000.0,15208200000.0,1402300000.0,272200000.0,,2298500000.0,,,,301600000.0,,-1822300000.0,-230900000.0,2011800000.0,15208200000.0,870600000.0,59200000.0,12100000.0,,-40600000.0,,,,,,2302900000.0,,,,,,505100000.0,,-100000.0,-473200000.0,,,-1914000000.0,-84300000.0,1300000.0
2022-03-31,4888900000.0,4204100000.0,,,,,295800000.0,,191500000.0,22900000.0,88000000.0,0.06,0.06,228500000.0,232400000.0,135900000.0,,1567200000.0,97500000.0,,,77900000.0,1900500000.0,,11653000000.0,,,88000000.0,15295400000.0,1803500000.0,202500000.0,,2910400000.0,,,,297900000.0,,-1734300000.0,-418400000.0,1697000000.0,15295400000.0,209100000.0,13500000.0,21100000.0,,-55900000.0,,,,,,748200000.0,,,,,,204400000.0,,,-197000000.0,,,-573800000.0,-22600000.0,-200000.0
2022-06-30,10689900000.0,9251500000.0,,,,,747700000.0,,966300000.0,110100000.0,684400000.0,1.69,1.66,228100000.0,232000000.0,154000000.0,,1612600000.0,202200000.0,,,114500000.0,2164100000.0,,11878300000.0,,,95500000.0,15334300000.0,1901000000.0,255200000.0,,3153400000.0,,,,288100000.0,,-1137900000.0,-276400000.0,2069900000.0,15334300000.0,479000000.0,27300000.0,105800000.0,,51200000.0,,,,,,1383700000.0,,,,,203700000.0,419500000.0,,,248400000.0,,,-1636600000.0,-4500000.0,1100000.0
2022-09-30,15733400000.0,13557800000.0,,,,,1177600000.0,,1257500000.0,122000000.0,877500000.0,2.54,2.5,227600000.0,231500000.0,192900000.0,,1534900000.0,471300000.0,,,112400000.0,2497300000.0,,13716400000.0,,,149900000.0,19389900000.0,1806400000.0,293700000.0,,3393700000.0,,,,367000000.0,,-944800000.0,-6700000.0,2384500000.0,19389900000.0,766200000.0,41800000.0,116400000.0,,320500000.0,,,,,,1843300000.0,,,,,3514800000.0,815400000.0,,,-3647600000.0,,,1838700000.0,34400000.0,1100000.0
2022-12-31,19820700000.0,16882100000.0,,,,,1729000000.0,,1663200000.0,131800000.0,1195500000.0,3.95,3.88,227300000.0,231100000.0,219000000.0,,1408400000.0,393800000.0,1541900000.0,,155500000.0,2356600000.0,,14214600000.0,45200000.0,,98400000.0,19560000000.0,1448800000.0,273300000.0,,3066700000.0,,,,341200000.0,,-626800000.0,54700000.0,2665700000.0,19560000000.0,1096000000.0,57500000.0,125100000.0,,236200000.0,,,,,,2380800000.0,,,,,3503900000.0,1334300000.0,,1600000.0,-4149700000.0,,,1829400000.0,60500000.0,1600000.0
2023-03-31,3801800000.0,3019000000.0,,,,,836700000.0,,665500000.0,110300000.0,497000000.0,0.03,0.03,226400000.0,229300000.0,211800000.0,,1023400000.0,156200000.0,,,100900000.0,1638800000.0,,14470000000.0,,,107200000.0,19025500000.0,1255300000.0,188600000.0,,2466600000.0,,,,346400000.0,,-129800000.0,84800000.0,2550700000.0,19025500000.0,324800000.0,15000000.0,106000000.0,,-237500000.0,,,,,,1169800000.0,,,,,,475700000.0,,300000.0,-480800000.0,,,-696200000.0,-7200000.0,100000.0
2023-06-30,6521500000.0,5088000000.0,,,,,1485800000.0,,1149400000.0,206700000.0,826300000.0,1.47,1.46,226000000.0,227300000.0,169400000.0,,988100000.0,312300000.0,,,64800000.0,1728800000.0,,14890400000.0,,,119700000.0,19461800000.0,1173300000.0,283000000.0,,2320600000.0,,,,359000000.0,,199500000.0,130800000.0,2675200000.0,19461800000.0,656900000.0,30000000.0,199000000.0,,-89200000.0,,,,,,1846600000.0,,,,,,1073700000.0,,600000.0,-1074600000.0,,,-821600000.0,-49600000.0,8700000.0
2023-09-30,9880600000.0,7777900000.0,,,,,1990900000.0,,1482400000.0,260700000.0,1046300000.0,2.44,2.43,225200000.0,226500000.0,139500000.0,,1241100000.0,536200000.0,,,138300000.0,2139300000.0,,15333500000.0,,,114200000.0,20189600000.0,1581300000.0,292000000.0,,2682100000.0,,,,358200000.0,,305500000.0,-5300000.0,2506100000.0,20189600000.0,988200000.0,45700000.0,252100000.0,,134100000.0,,,,,,2253900000.0,,,,,0.0,1665400000.0,,900000.0,-1673800000.0,,,-659600000.0,-79500000.0,9500000.0
2023-12-31,13521000000.0,10676400000.0,,,,,2626200000.0,,1942500000.0,363200000.0,1345900000.0,3.69,3.66,224600000.0,226000000.0,141700000.0,,1471000000.0,371500000.0,1355100000.0,,98500000.0,2194600000.0,,15806400000.0,45200000.0,,140600000.0,20671800000.0,1574900000.0,281700000.0,,2760900000.0,,,,415100000.0,,492000000.0,85600000.0,2739700000.0,20671800000.0,1329600000.0,62400000.0,349600000.0,,-36000000.0,,,,,,3211600000.0,,,,,,2385400000.0,,1000000.0,-2400800000.0,,,-888100000.0,-77300000.0,8500000.0
2024-03-31,3988100000.0,3218000000.0,,,,,639400000.0,,415300000.0,82700000.0,275200000.0,1.23,1.22,222800000.0,223700000.0,109900000.0,,1483700000.0,224500000.0,,,82300000.0,1973000000.0,,16282800000.0,,,163700000.0,20846100000.0,1709500000.0,295900000.0,,2814500000.0,,,,304100000.0,,654100000.0,33900000.0,2703900000.0,20846100000.0,340500000.0,14600000.0,79800000.0,,-147000000.0,,,,,,876400000.0,,,,,,669800000.0,,300000.0,-677900000.0,,,-230300000.0,-31800000.0,300000.0
2024-06-30,7036100000.0,5415400000.0,,,,,1266700000.0,,868700000.0,177100000.0,573700000.0,2.56,2.55,221900000.0,222900000.0,166400000.0,,1216900000.0,320600000.0,,,99900000.0,1866600000.0,,16891200000.0,,,165700000.0,21264200000.0,1686800000.0,243000000.0,,2890600000.0,,,,308700000.0,,783900000.0,11400000.0,2467500000.0,21264200000.0,689100000.0,29700000.0,170800000.0,,-60200000.0,,,,,,1780900000.0,,,,,,1410100000.0,,500000.0,-1427700000.0,,,-328500000.0,24700000.0,9500000.0
2024-09-30,11976200000.0,7780400000.0,,,,,1994900000.0,,1413600000.0,274100000.0,961000000.0,4.32,4.3,221000000.0,222000000.0,127200000.0,,1301200000.0,414900000.0,,,109900000.0,2028200000.0,,17425200000.0,,,167100000.0,21903800000.0,1467900000.0,320700000.0,,2627300000.0,,,,340000000.0,,1004700000.0,65100000.0,2573900000.0,21903800000.0,1044500000.0,47400000.0,264100000.0,,47200000.0,,,,,,2321800000.0,,,,,,2238900000.0,,600000.0,-2275000000.0,,,-61300000.0,-14500000.0,9700000.0
,,,,,,,,,,,,,,,,,,,,,,,,,,,,,,,,,,,,,,,,,,,,,,,,,,,,,,,,,,,,,,,,,,,
,,,,,,,,,,,,,,,,,,,,,,,,,,,,,,,,,,,,,,,,,,,,,,,,,,,,,,,,,,,,,,,,,,,
,,,,,,,,,,,,,,,,,,,,,,,,,,,,,,,,,,,,,,,,,,,,,,,,,,,,,,,,,,,,,,,,,,,
,,,,,,,,,,,,,,,,,,,,,,,,,,,,,,,,,,,,,,,,,,,,,,,,,,,,,,,,,,,,,,,,,,,
