Date,Net sales,Cost of sales,Gross margin,Research and development,"Selling, general and administrative",Total operating expenses,Operating income,"Other income/(expense), net",Income before provision for income taxes,Provision for income taxes,Net income,Earnings per share basic,Earnings per share diluted,Weighted-average basic,Weighted-average diluted,Cash and cash equivalents,Short-term marketable securities,"Accounts receivable, net",Inventories,Deferred tax assets,Vendor non-trade receivables,Other current assets,Total current assets,Long-term marketable securities,"Property, Plant and Equipment, Net",Goodwill,"Acquired intangible assets, net","Other Assets, Noncurrent",Total assets,accounts payable,Accrued expenses,Deferred revenue,Total current liabilities,Deferred revenue - non-current,deferred tax liabilities,long term taxes payable,Total other non-current liabilities,Total liabilities,Retained Earnings (Accumulated Deficit),Accumulated other comprehensive (loss)/income,Total shareholders equity,Total liabilities and shareholders' equity,"Depreciation, amortization and accretion",Stock-based compensation expense,Deferred income tax expense,"Increase (Decrease) in Accounts receivable, net",Increase (Decrease) in Inventories,Increase (Decrease) in Other Receivables,Increase (Decrease) in Other Operating Assets,Increase (Decrease) in Accounts Payable,Increase (Decrease) in Deferred Revenue,Increase (Decrease) Other liabilities,Cash generated by operating activities,Purchases of marketable securities,Proceeds from maturities of marketable securities,Proceeds from sales of marketable securities,Purchases of other long-term investments,"Business acquisitions, net of cash acquired",Cash payments for capital asset purchases,Payments for acquisition of intangible assets,Payments for (Proceeds from) Other Investing Activities,Cash used in investing activities,Proceeds from issuance of common stock,Excess tax benefits from stock-based compensation,Cash generated/used in financing activities,Increase/(decrease) in cash and cash equivalents,"Cash paid for income taxes, net"
2010-07-02,652378000.0,329955000.0,322423000.0,72442000.0,,245747000.0,76676000.0,3821000.0,80497000.0,45574000.0,34251000.0,0.28,0.28,120707000.0,124099000.0,261660000.0,,219583000.0,159179000.0,38694000.0,,19761000.0,719944000.0,,46058000.0,769438000.0,190803000.0,54290000.0,1780533000.0,70756000.0,44916000.0,68161000.0,293788000.0,13636000.0,36261000.0,,43422000.0,538125000.0,472386000.0,20670000.0,1228917000.0,1780533000.0,,10625000.0,-4461000.0,-15398000.0,-19747000.0,7647000.0,1003000.0,17315000.0,676000.0,,95309000.0,,,,,33605000.0,11030000.0,297000.0,-67000.0,-60708000.0,17867000.0,1412000.0,-41325000.0,-12188000.0,
2010-10-01,970588000.0,488417000.0,482171000.0,109339000.0,,373825000.0,108346000.0,10480000.0,118826000.0,51061000.0,67096000.0,0.56,0.54,120296000.0,123599000.0,211056000.0,,229746000.0,176853000.0,29600000.0,,20673000.0,686100000.0,,49525000.0,812564000.0,203230000.0,64661000.0,1816080000.0,73064000.0,38187000.0,74392000.0,262266000.0,12606000.0,29388000.0,,41313000.0,496753000.0,500407000.0,50689000.0,1305760000.0,1816080000.0,,16165000.0,-3827000.0,-17030000.0,-32549000.0,191000.0,366000.0,15796000.0,1982000.0,,87032000.0,,,,,90757000.0,17162000.0,625000.0,-99000.0,-109137000.0,31885000.0,1971000.0,-40464000.0,-62792000.0,
2010-12-31,,,,,,,,,,,,,,,,220788000.0,,222820000.0,192852000.0,36924000.0,,19917000.0,714370000.0,,50692000.0,828737000.0,204948000.0,68145000.0,1866892000.0,72349000.0,29741000.0,73888000.0,251815000.0,10777000.0,24598000.0,,42843000.0,481193000.0,536350000.0,48027000.0,1366156000.0,1866892000.0,,,,,,,,,,,,,,,,,,,,,,,,,
2011-04-01,384293000.0,192763000.0,191530000.0,43232000.0,,147855000.0,43675000.0,2606000.0,46281000.0,7409000.0,39703000.0,0.33,0.32,121819000.0,125856000.0,244342000.0,,265693000.0,203014000.0,36620000.0,,20279000.0,795931000.0,,51634000.0,863459000.0,215394000.0,73286000.0,1999704000.0,89357000.0,32977000.0,81501000.0,421680000.0,7736000.0,31447000.0,,49569000.0,510703000.0,575968000.0,67826000.0,1470289000.0,1999704000.0,,6798000.0,-1393000.0,40624000.0,8717000.0,-5776000.0,-4927000.0,16377000.0,-1219000.0,,27927000.0,,,,,38979000.0,4036000.0,250000.0,-44000.0,-43221000.0,27785000.0,8357000.0,35470000.0,23554000.0,
2011-07-01,791462000.0,391198000.0,400264000.0,89524000.0,,305022000.0,95242000.0,11237000.0,106479000.0,13429000.0,93381000.0,0.76,0.74,122667000.0,126192000.0,249811000.0,,257176000.0,216080000.0,35791000.0,,26245000.0,812738000.0,,53391000.0,894514000.0,230921000.0,78241000.0,2069805000.0,87608000.0,39171000.0,91033000.0,292584000.0,8612000.0,37575000.0,,45745000.0,509803000.0,629576000.0,72057000.0,1541349000.0,2069805000.0,,13927000.0,-4139000.0,30650000.0,16100000.0,-5988000.0,-1478000.0,8776000.0,8588000.0,,110716000.0,,,,,91449000.0,9322000.0,566000.0,357000.0,-94461000.0,30663000.0,10950000.0,8007000.0,29023000.0,
2011-09-30,1208895000.0,597072000.0,611823000.0,139452000.0,,484133000.0,127690000.0,8674000.0,136364000.0,16118000.0,121352000.0,0.99,0.96,122969000.0,125980000.0,138255000.0,,287670000.0,215681000.0,47165000.0,,26233000.0,740659000.0,,61562000.0,1312480000.0,516176000.0,82521000.0,2713398000.0,105766000.0,38737000.0,95884000.0,394778000.0,10574000.0,125992000.0,,47217000.0,1148941000.0,657000000.0,25804000.0,1544109000.0,2713398000.0,,21033000.0,-10175000.0,43117000.0,11344000.0,-13471000.0,-7005000.0,2039000.0,7638000.0,,161821000.0,,,,,758243000.0,16002000.0,1666000.0,168000.0,-771846000.0,40182000.0,11698000.0,528163000.0,-82533000.0,
2011-12-30,1644065000.0,814484000.0,829581000.0,197007000.0,,673179000.0,156402000.0,11052000.0,167454000.0,18545000.0,150755000.0,1.23,1.2,122725000.0,126133000.0,154621000.0,,275201000.0,232063000.0,45075000.0,,19437000.0,733057000.0,,62724000.0,1297692000.0,476791000.0,82211000.0,2652475000.0,97956000.0,50045000.0,105066000.0,411323000.0,13113000.0,95594000.0,,45025000.0,1063573000.0,685639000.0,5140000.0,1569293000.0,2652475000.0,,28451000.0,-26305000.0,31874000.0,30139000.0,-30141000.0,-10519000.0,-4310000.0,18775000.0,,241629000.0,,,,,759737000.0,23278000.0,1666000.0,-1985000.0,-773565000.0,45869000.0,14762000.0,464167000.0,-66167000.0,
2012-03-30,502267000.0,243117000.0,259150000.0,60235000.0,,199302000.0,59848000.0,479000.0,60327000.0,10255000.0,50818000.0,0.41,0.4,124370000.0,127760000.0,209146000.0,,324663000.0,224656000.0,43829000.0,,27316000.0,833719000.0,,66462000.0,1379353000.0,502013000.0,90525000.0,2872072000.0,103119000.0,49555000.0,134165000.0,465953000.0,16025000.0,102940000.0,,48394000.0,1168516000.0,736457000.0,28821000.0,1687058000.0,2872072000.0,,7789000.0,146000.0,46425000.0,-5928000.0,-2211000.0,7972000.0,4205000.0,29569000.0,1450000.0,67658000.0,,,,,101392000.0,7644000.0,755000.0,-251000.0,-109540000.0,26682000.0,7580000.0,92912000.0,54525000.0,
2012-06-29,1019827000.0,492981000.0,526846000.0,124540000.0,,408077000.0,118769000.0,4849000.0,123618000.0,20381000.0,104510000.0,0.84,0.82,125366000.0,128293000.0,121937000.0,,317280000.0,227948000.0,44689000.0,,25471000.0,751441000.0,,73597000.0,1522485000.0,,98582000.0,2972962000.0,103497000.0,48076000.0,134322000.0,459656000.0,17377000.0,107570000.0,,,1250225000.0,784240000.0,-22375000.0,1706766000.0,2972962000.0,,15944000.0,381000.0,38589000.0,-594000.0,6638000.0,8904000.0,4148000.0,32117000.0,7054000.0,155094000.0,,,,,337676000.0,21308000.0,785000.0,-79000.0,-359469000.0,27162000.0,15254000.0,174903000.0,-32684000.0,
2012-09-28,1524590000.0,734877000.0,789713000.0,185721000.0,,607474000.0,182239000.0,8201000.0,190440000.0,33403000.0,157874000.0,1.26,1.23,125871000.0,128379000.0,141840000.0,,320904000.0,234301000.0,43037000.0,,24569000.0,778025000.0,,81653000.0,1551886000.0,,98942000.0,3021493000.0,107719000.0,61425000.0,127602000.0,485066000.0,6346000.0,99412000.0,,,1196440000.0,836903000.0,6692000.0,1808630000.0,3021493000.0,,23628000.0,646000.0,39496000.0,4650000.0,7996000.0,2844000.0,7828000.0,12390000.0,18842000.0,243894000.0,,,,,355484000.0,34126000.0,795000.0,-303000.0,-387962000.0,37142000.0,16673000.0,131309000.0,-12781000.0,
2012-12-28,2040113000.0,993936000.0,1046177000.0,256458000.0,,833609000.0,212568000.0,16856000.0,229424000.0,39708000.0,191060000.0,1.52,1.49,125566000.0,128387000.0,157771000.0,,323477000.0,240529000.0,-99944000.0,,33396000.0,815973000.0,,96890000.0,1815699000.0,,96123000.0,3469104000.0,124532000.0,63996000.0,138920000.0,468670000.0,7262000.0,148260000.0,,58322000.0,1555580000.0,868026000.0,22611000.0,1897455000.0,3469104000.0,,32660000.0,-1369000.0,24388000.0,8402000.0,5017000.0,7945000.0,25985000.0,16560000.0,,340700000.0,,,,,728114000.0,54071000.0,1170000.0,-978000.0,-764286000.0,59187000.0,25345000.0,426407000.0,3150000.0,
2013-03-29,556111000.0,269197000.0,286914000.0,73608000.0,,230457000.0,56457000.0,-2088000.0,54369000.0,5437000.0,49808000.0,0.2,0.19,255181000.0,260299000.0,143552000.0,,388850000.0,260596000.0,43198000.0,,39586000.0,889950000.0,,105603000.0,1837937000.0,,95535000.0,3565721000.0,120838000.0,63851000.0,187551000.0,556454000.0,10927000.0,136308000.0,,,1599853000.0,916158000.0,-3144000.0,1949793000.0,3565721000.0,,8818000.0,-11809000.0,61956000.0,20218000.0,-5027000.0,10867000.0,-6081000.0,51964000.0,7939000.0,37388000.0,,,,,65192000.0,14927000.0,0.0,0.0,-76405000.0,14437000.0,4784000.0,28240000.0,-14219000.0,
2013-06-28,1132404000.0,543089000.0,589315000.0,150163000.0,,467953000.0,121362000.0,3786000.0,123060000.0,19175000.0,104389000.0,0.41,0.4,256186000.0,260533000.0,129072000.0,,356264000.0,258709000.0,41865000.0,,40568000.0,846640000.0,,123795000.0,1911578000.0,,103137000.0,3633760000.0,108864000.0,74554000.0,189915000.0,581753000.0,13207000.0,141057000.0,,,1592471000.0,970657000.0,-4711000.0,2023873000.0,3633760000.0,,17253000.0,-13732000.0,24071000.0,14725000.0,1558000.0,12165000.0,-18936000.0,55994000.0,14163000.0,172043000.0,,,,,178953000.0,39431000.0,,-730000.0,-215128000.0,23954000.0,7616000.0,18403000.0,-28699000.0,
2013-09-27,1688906000.0,804538000.0,884368000.0,221785000.0,,699977000.0,184391000.0,2181000.0,186572000.0,28067000.0,158858000.0,0.62,0.61,257037000.0,261137000.0,115257000.0,,361556000.0,241509000.0,44578000.0,,45454000.0,828493000.0,,136155000.0,1938870000.0,,109979000.0,3635172000.0,105808000.0,78336000.0,174407000.0,569037000.0,16541000.0,135494000.0,,,1495019000.0,1025119000.0,23944000.0,2126819000.0,3635172000.0,,26158000.0,-13520000.0,28466000.0,-2645000.0,-4047000.0,22765000.0,-22467000.0,46891000.0,10646000.0,278408000.0,,,,,200401000.0,57646000.0,,-663000.0,-256408000.0,37667000.0,8803000.0,-62395000.0,-42514000.0,
2014-01-03,2288124000.0,1084302000.0,1203822000.0,299421000.0,,952085000.0,251737000.0,1127000.0,252864000.0,34698000.0,218855000.0,0.85,0.84,256648000.0,261206000.0,147227000.0,,337932000.0,254311000.0,-92865000.0,,35807000.0,837017000.0,,142975000.0,1989470000.0,,111979000.0,3700840000.0,112522000.0,85124000.0,159295000.0,576990000.0,20431000.0,136399000.0,,80982000.0,1466858000.0,1081695000.0,33194000.0,2220906000.0,3700840000.0,,36442000.0,-14963000.0,4070000.0,11351000.0,-2302000.0,11811000.0,-15834000.0,29394000.0,,414635000.0,,,,,258797000.0,70877000.0,,2762000.0,-324764000.0,47707000.0,407678000.0,-98419000.0,-10544000.0,
2014-04-04,604721000.0,277829000.0,326892000.0,76376000.0,,251181000.0,75711000.0,12764000.0,88475000.0,20350000.0,68624000.0,0.26,0.26,259789000.0,264784000.0,165226000.0,,397740000.0,266700000.0,40186000.0,,39514000.0,930871000.0,,149609000.0,1990457000.0,,123571000.0,3777583000.0,120148000.0,82126000.0,207497000.0,562972000.0,23127000.0,138962000.0,,,1424032000.0,1150304000.0,31802000.0,2342013000.0,3777583000.0,,10112000.0,-1454000.0,61875000.0,13395000.0,1661000.0,2224000.0,10487000.0,47077000.0,19123000.0,83395000.0,,,,,10961000.0,13574000.0,,2050000.0,-14142000.0,32465000.0,10211000.0,-51129000.0,17999000.0,
2014-07-04,1246920000.0,565457000.0,681463000.0,158183000.0,,508618000.0,172845000.0,14398000.0,187243000.0,41091000.0,146458000.0,0.56,0.55,261075000.0,265957000.0,278919000.0,,379811000.0,274371000.0,42157000.0,,41667000.0,1041704000.0,,155575000.0,1997783000.0,,118764000.0,3867239000.0,110066000.0,74431000.0,207193000.0,571592000.0,26973000.0,132772000.0,,,1416444000.0,1227944000.0,30849000.0,2439064000.0,3867239000.0,,21087000.0,-1700000.0,42563000.0,21335000.0,3708000.0,8001000.0,452000.0,49042000.0,10954000.0,214588000.0,,,,,25094000.0,28425000.0,,2684000.0,-33740000.0,39322000.0,13505000.0,-49690000.0,131692000.0,
2014-10-03,1831716000.0,833480000.0,998236000.0,237137000.0,,814302000.0,183934000.0,10464000.0,194398000.0,36371000.0,158290000.0,0.61,0.6,260398000.0,265053000.0,139477000.0,,358504000.0,278027000.0,64583000.0,,45659000.0,916041000.0,,153823000.0,2051560000.0,,126027000.0,3819374000.0,104758000.0,136374000.0,205714000.0,624268000.0,25274000.0,134177000.0,,,1455705000.0,1184228000.0,-29509000.0,2351865000.0,3819374000.0,,32125000.0,-1193000.0,12742000.0,27234000.0,4709000.0,12929000.0,-6745000.0,41861000.0,37603000.0,310464000.0,,,,,170863000.0,34952000.0,7007000.0,4532000.0,-202443000.0,53601000.0,14094000.0,-108530000.0,-7750000.0,
2015-01-02,2395546000.0,1104702000.0,1290844000.0,317992000.0,,1030021000.0,260823000.0,5192000.0,266015000.0,52127000.0,214118000.0,0.82,0.81,260103000.0,264456000.0,148000000.0,,362049000.0,278099000.0,95749000.0,,39407000.0,902616000.0,,157355000.0,2101169000.0,,118654000.0,3874348000.0,103851000.0,88983000.0,211589000.0,588299000.0,26309000.0,121071000.0,,95802000.0,1505496000.0,1210977000.0,-61328000.0,2357014000.0,3874348000.0,,43398000.0,-1650000.0,10882000.0,31778000.0,2321000.0,7101000.0,-7185000.0,45865000.0,,407083000.0,,,,,307945000.0,47312000.0,7633000.0,2448000.0,-344046000.0,56094000.0,14099000.0,-51524000.0,773000.0,
2015-04-03,582600000.0,275400000.0,307200000.0,87200000.0,,267700000.0,39500000.0,4700000.0,44200000.0,10200000.0,34100000.0,0.13,0.13,259400000.0,262400000.0,145700000.0,,383000000.0,276000000.0,47100000.0,,44800000.0,917000000.0,,155200000.0,2059400000.0,,119900000.0,3797700000.0,114000000.0,95700000.0,255400000.0,698300000.0,27000000.0,110800000.0,,90700000.0,1457100000.0,1234500000.0,-128400000.0,2339400000.0,3797700000.0,,12500000.0,-1300000.0,28900000.0,6400000.0,-4900000.0,8000000.0,11200000.0,49400000.0,3600000.0,107200000.0,,,,,36900000.0,10600000.0,,-800000.0,-35400000.0,14700000.0,700000.0,-65200000.0,-2300000.0,
2015-07-03,1168400000.0,557300000.0,611100000.0,171700000.0,,535600000.0,75500000.0,4500000.0,80000000.0,20200000.0,60000000.0,0.23,0.23,258900000.0,261900000.0,129000000.0,,355500000.0,280800000.0,48200000.0,,45600000.0,885100000.0,,161700000.0,2087400000.0,,120500000.0,3780200000.0,109600000.0,89400000.0,258100000.0,696600000.0,28500000.0,104300000.0,,96200000.0,1441000000.0,1210900000.0,-108600000.0,2338100000.0,3780200000.0,,24500000.0,-800000.0,-1300000.0,11800000.0,-3700000.0,8300000.0,6100000.0,49500000.0,-14500000.0,204000000.0,,,,,59100000.0,26500000.0,,-400000.0,-67700000.0,16000000.0,900000.0,-148200000.0,-19000000.0,
2015-10-02,1730700000.0,821600000.0,909100000.0,251300000.0,,787600000.0,121500000.0,-2500000.0,123500000.0,26700000.0,97100000.0,0.38,0.37,257500000.0,260300000.0,123600000.0,,344500000.0,271400000.0,51900000.0,,46200000.0,853000000.0,,162000000.0,2083700000.0,,119100000.0,3719900000.0,97200000.0,95200000.0,243000000.0,687500000.0,32000000.0,93800000.0,,94300000.0,1516700000.0,1133200000.0,-147000000.0,2202200000.0,3719900000.0,,37300000.0,-500000.0,-12300000.0,6400000.0,-6500000.0,9500000.0,-6900000.0,38600000.0,-18700000.0,276400000.0,,,,,101700000.0,35700000.0,100000.0,-300000.0,-113400000.0,29100000.0,1400000.0,-177000000.0,-24400000.0,
2016-01-01,2290400000.0,1088200000.0,1202200000.0,336700000.0,,1047800000.0,154400000.0,-2600000.0,151800000.0,31100000.0,121100000.0,0.47,0.47,255800000.0,258500000.0,116000000.0,,361900000.0,261100000.0,0.0,,44500000.0,798400000.0,,159200000.0,2106400000.0,,129600000.0,3680700000.0,99800000.0,90800000.0,234600000.0,660900000.0,29600000.0,51700000.0,,106500000.0,1460100000.0,1148200000.0,-166800000.0,2219700000.0,3680700000.0,,50100000.0,900000.0,-300000.0,2900000.0,-8500000.0,7600000.0,-6400000.0,28100000.0,,354900000.0,,,,,156300000.0,43900000.0,100000.0,-1300000.0,-172400000.0,29700000.0,2100000.0,-202800000.0,-32000000.0,
2016-04-01,583000000.0,282400000.0,300600000.0,87700000.0,,270700000.0,29900000.0,-500000.0,29400000.0,9700000.0,19800000.0,0.08,0.08,251000000.0,254000000.0,174700000.0,,377800000.0,255500000.0,,,49300000.0,872600000.0,,155400000.0,2128400000.0,,141000000.0,3749900000.0,112600000.0,87200000.0,287200000.0,726800000.0,32300000.0,53500000.0,,111000000.0,1463200000.0,1157300000.0,-138700000.0,2285900000.0,3749900000.0,,13700000.0,-100000.0,14100000.0,-3100000.0,2200000.0,4900000.0,11900000.0,54100000.0,-1400000.0,113200000.0,,,,,15800000.0,4900000.0,,300000.0,-8300000.0,16100000.0,1200000.0,-49900000.0,58700000.0,
2016-07-01,1192600000.0,576400000.0,616200000.0,179700000.0,,545800000.0,70400000.0,-2700000.0,67700000.0,12400000.0,55500000.0,0.22,0.22,250800000.0,253900000.0,231900000.0,,377500000.0,241700000.0,,,49600000.0,936800000.0,,152000000.0,2107900000.0,,146000000.0,3751600000.0,106700000.0,84400000.0,280500000.0,721000000.0,34700000.0,48100000.0,,108400000.0,1506900000.0,1128100000.0,-159700000.0,2244800000.0,3751600000.0,,26700000.0,500000.0,18200000.0,-11200000.0,1500000.0,7800000.0,6400000.0,53800000.0,-33800000.0,192500000.0,,,,,20000000.0,12200000.0,,300000.0,-12600000.0,25000000.0,3100000.0,-65200000.0,115900000.0,
2016-09-30,1776700000.0,851500000.0,925200000.0,266600000.0,,799500000.0,125700000.0,-5800000.0,119900000.0,25400000.0,94700000.0,0.38,0.37,250500000.0,253700000.0,213500000.0,94900000.0,369200000.0,224300000.0,,,53400000.0,957900000.0,,149400000.0,2111100000.0,,141900000.0,3731400000.0,102000000.0,82700000.0,259100000.0,694000000.0,35200000.0,45400000.0,,112600000.0,1411700000.0,1159100000.0,-155200000.0,2319900000.0,3731400000.0,,40000000.0,1200000.0,9900000.0,-25700000.0,2700000.0,11100000.0,2700000.0,32800000.0,-22600000.0,282000000.0,62100000.0,,,,22300000.0,19700000.0,300000.0,-100000.0,-78600000.0,50000000.0,5000000.0,-107500000.0,97500000.0,
2016-12-30,,,,,,,,,,,,,,,,216100000.0,133300000.0,354800000.0,218800000.0,106400000.0,,42500000.0,978700000.0,,144200000.0,2077600000.0,,140000000.0,3673800000.0,109800000.0,86900000.0,246500000.0,688200000.0,37700000.0,38800000.0,,113800000.0,1368100000.0,1177100000.0,-219900000.0,2305800000.0,3673800000.0,,,,,,,,,,,,,,,,,,,,,,,,,
2017-03-31,613900000.0,287300000.0,326600000.0,88700000.0,,270000000.0,56600000.0,9000000.0,65600000.0,15100000.0,50500000.0,0.2,0.2,252000000.0,255900000.0,280800000.0,,394700000.0,221100000.0,,,46600000.0,1115500000.0,,142800000.0,2128600000.0,,148900000.0,3897400000.0,115900000.0,102600000.0,299300000.0,759300000.0,37700000.0,39200000.0,,130500000.0,1476500000.0,1216100000.0,-194800000.0,2421000000.0,3897400000.0,,13700000.0,200000.0,34800000.0,2300000.0,-3900000.0,8000000.0,3600000.0,49600000.0,11800000.0,102900000.0,59000000.0,24400000.0,3900000.0,,79200000.0,5700000.0,,-400000.0,-94500000.0,39600000.0,,51300000.0,64700000.0,
2017-06-30,1275800000.0,602700000.0,673100000.0,179500000.0,,553900000.0,119200000.0,14000000.0,133200000.0,32800000.0,100400000.0,0.4,0.39,253000000.0,257100000.0,384900000.0,,395300000.0,223300000.0,,,51900000.0,1183100000.0,,145600000.0,2183700000.0,,162400000.0,4038300000.0,136900000.0,106400000.0,301700000.0,826800000.0,39300000.0,41700000.0,,147800000.0,1520600000.0,1251800000.0,-160000000.0,2517800000.0,4038300000.0,,28900000.0,-200000.0,31000000.0,1800000.0,-2800000.0,14000000.0,22000000.0,49400000.0,12400000.0,248700000.0,137600000.0,56800000.0,90600000.0,,129800000.0,15600000.0,,-200000.0,-110300000.0,49800000.0,,19300000.0,168800000.0,
2017-09-29,1945800000.0,923200000.0,1022600000.0,272100000.0,,839400000.0,183200000.0,19600000.0,202800000.0,46700000.0,156100000.0,0.62,0.61,252600000.0,257900000.0,255000000.0,,407200000.0,254700000.0,,,55400000.0,1161900000.0,,160500000.0,2289300000.0,,163200000.0,4180700000.0,146200000.0,106900000.0,285400000.0,808400000.0,41300000.0,45200000.0,,168000000.0,1623300000.0,1236000000.0,-130800000.0,2557500000.0,4180700000.0,,45000000.0,-200000.0,34200000.0,19400000.0,-700000.0,21900000.0,27800000.0,29600000.0,10900000.0,310000000.0,220000000.0,84600000.0,92100000.0,,286700000.0,26400000.0,0.0,-500000.0,-322900000.0,73000000.0,,34200000.0,38900000.0,
2017-12-29,2654200000.0,1261600000.0,1392600000.0,370200000.0,,1146600000.0,246000000.0,13100000.0,259100000.0,137900000.0,121100000.0,0.48,0.47,252100000.0,256700000.0,358500000.0,205700000.0,414800000.0,271800000.0,70900000.0,,50300000.0,1317100000.0,,174000000.0,2287100000.0,,155200000.0,4298200000.0,146100000.0,101000000.0,272400000.0,809200000.0,41000000.0,40400000.0,94100000.0,162000000.0,1932200000.0,1035900000.0,-131200000.0,2366000000.0,4298200000.0,,64800000.0,1400000.0,41600000.0,38700000.0,-3600000.0,19100000.0,25900000.0,16400000.0,,411900000.0,288000000.0,122100000.0,97700000.0,,293100000.0,43700000.0,,-800000.0,-366000000.0,73800000.0,,79100000.0,142400000.0,
2018-03-30,742200000.0,346000000.0,396200000.0,109300000.0,,332000000.0,64200000.0,2500000.0,66700000.0,8000000.0,58500000.0,0.24,0.23,248800000.0,253200000.0,274500000.0,,475700000.0,289100000.0,,,51900000.0,1124600000.0,,184300000.0,2726400000.0,,136600000.0,4673700000.0,157400000.0,110000000.0,324200000.0,1146800000.0,36200000.0,49800000.0,80400000.0,168800000.0,2173800000.0,1103600000.0,-101100000.0,2499700000.0,4673700000.0,,17400000.0,,29400000.0,21700000.0,,10600000.0,11100000.0,69600000.0,-12100000.0,82900000.0,24000000.0,6200000.0,196800000.0,,518700000.0,18200000.0,,-4400000.0,-353500000.0,25300000.0,,180300000.0,-84000000.0,
2018-06-29,,708800000.0,818900000.0,219400000.0,,665200000.0,153700000.0,-10300000.0,145900000.0,23100000.0,122600000.0,0.49,0.49,249500000.0,252700000.0,571000000.0,,446200000.0,282400000.0,,,58000000.0,1386900000.0,,192600000.0,2682100000.0,,139200000.0,4858300000.0,159000000.0,85000000.0,319200000.0,717000000.0,37000000.0,40500000.0,77500000.0,182500000.0,2340700000.0,1153900000.0,-161200000.0,2517400000.0,4858300000.0,,34300000.0,,6000000.0,21800000.0,,16800000.0,9600000.0,71100000.0,-26800000.0,267800000.0,24000000.0,6200000.0,196800000.0,,532900000.0,36000000.0,,-5100000.0,-384800000.0,21700000.0,,337600000.0,212500000.0,
2018-09-28,2322900000.0,1077100000.0,1245800000.0,333500000.0,,1014700000.0,231100000.0,-21100000.0,210000000.0,13500000.0,196300000.0,0.79,0.78,250500000.0,253600000.0,205400000.0,,476000000.0,286300000.0,,,66300000.0,1061200000.0,,206100000.0,3548600000.0,,149100000.0,5782200000.0,155700000.0,117500000.0,326100000.0,979300000.0,38200000.0,88500000.0,72400000.0,168600000.0,3133600000.0,1227200000.0,-153900000.0,2648400000.0,5782200000.0,,53100000.0,,15800000.0,29000000.0,,15700000.0,9200000.0,53800000.0,-19300000.0,384800000.0,24000000.0,6200000.0,196800000.0,,1741400000.0,53100000.0,,-2700000.0,-1612800000.0,52300000.0,,1083000000.0,-153100000.0,
2018-12-28,3108400000.0,1427400000.0,1681000000.0,446100000.0,,1360300000.0,320700000.0,-42700000.0,278000000.0,-5300000.0,282800000.0,1.13,1.12,250000000.0,253400000.0,172500000.0,,512600000.0,298000000.0,119100000.0,,72800000.0,1089100000.0,,212900000.0,3540000000.0,,148800000.0,5776400000.0,147600000.0,118500000.0,348400000.0,1055200000.0,38800000.0,73800000.0,71300000.0,150200000.0,3101600000.0,1268300000.0,-186100000.0,2674400000.0,5776400000.0,,76900000.0,,51000000.0,45000000.0,,22600000.0,-2000000.0,76300000.0,,486700000.0,24000000.0,6200000.0,196800000.0,,1763500000.0,67600000.0,,-2500000.0,-1649600000.0,40200000.0,,989400000.0,-186000000.0,
2019-03-29,801600000.0,363300000.0,438300000.0,118200000.0,,352000000.0,86300000.0,-11100000.0,75200000.0,12800000.0,62300000.0,0.25,0.25,251500000.0,254000000.0,216700000.0,,525200000.0,303700000.0,,,78400000.0,1147800000.0,,212800000.0,3540800000.0,,158800000.0,5920100000.0,147600000.0,146500000.0,422900000.0,1090000000.0,,74700000.0,75300000.0,152700000.0,3177100000.0,1289400000.0,-182500000.0,2741700000.0,5920100000.0,,16300000.0,1100000.0,13800000.0,6800000.0,,-6100000.0,3400000.0,77100000.0,7300000.0,147600000.0,0.0,0.0,0.0,,,14500000.0,,0.0,-9600000.0,25600000.0,,-94300000.0,44200000.0,
2019-06-28,1656400000.0,757500000.0,898900000.0,237800000.0,,702900000.0,196000000.0,5700000.0,190600000.0,33600000.0,156900000.0,0.62,0.62,251700000.0,254000000.0,199600000.0,,516800000.0,287900000.0,,,87100000.0,1121400000.0,,214100000.0,3541900000.0,,169500000.0,5876100000.0,148400000.0,133700000.0,408100000.0,1075200000.0,,78700000.0,73300000.0,156600000.0,3050800000.0,1354400000.0,-180400000.0,2824000000.0,5876100000.0,,33500000.0,4700000.0,7700000.0,-7400000.0,,-1500000.0,3800000.0,64900000.0,-7400000.0,325500000.0,0.0,0.0,0.0,,,38500000.0,,-14100000.0,-19800000.0,13400000.0,,-279300000.0,27100000.0,
2019-09-27,2440300000.0,1119400000.0,1320900000.0,350100000.0,,1033200000.0,287700000.0,-18200000.0,269500000.0,34400000.0,235000000.0,0.94,0.93,251200000.0,253400000.0,184600000.0,,488900000.0,290100000.0,,,71000000.0,1061800000.0,,229000000.0,3534400000.0,,175800000.0,5803900000.0,156700000.0,161200000.0,375100000.0,1059300000.0,,75700000.0,73300000.0,140600000.0,3015800000.0,1332300000.0,-207300000.0,2786800000.0,5803900000.0,,52100000.0,4400000.0,-16800000.0,-1700000.0,,-10400000.0,13600000.0,33400000.0,-5500000.0,462800000.0,0.0,0.0,0.0,,28600000.0,54600000.0,,-14500000.0,-68700000.0,28400000.0,,-377200000.0,12100000.0,
2020-01-03,3264300000.0,1483400000.0,1780900000.0,469700000.0,,1405000000.0,375900000.0,-31100000.0,344800000.0,-169700000.0,514300000.0,2.05,2.03,250800000.0,252900000.0,189200000.0,,608200000.0,312100000.0,157300000.0,,102300000.0,1211800000.0,,241400000.0,3680600000.0,,212400000.0,6640700000.0,159300000.0,198100000.0,490400000.0,1190300000.0,51500000.0,318200000.0,69100000.0,152900000.0,3520300000.0,1602800000.0,-176800000.0,3119000000.0,6640700000.0,,75000000.0,,96000000.0,21300000.0,,-11000000.0,14500000.0,148200000.0,,585000000.0,0.0,0.0,0.0,,220800000.0,69000000.0,,-14500000.0,-275300000.0,29100000.0,,-292600000.0,16700000.0,
2020-04-03,792300000.0,351300000.0,441000000.0,118200000.0,,342700000.0,98300000.0,-18900000.0,79400000.0,17500000.0,61900000.0,0.25,0.25,249900000.0,251700000.0,216800000.0,,546600000.0,327200000.0,,,102000000.0,1192600000.0,,244800000.0,3783600000.0,,207600000.0,6705700000.0,145400000.0,192300000.0,498200000.0,1226900000.0,,,69100000.0,144400000.0,3603400000.0,1615400000.0,-230900000.0,3101300000.0,6705700000.0,,10700000.0,4800000.0,-47900000.0,20400000.0,,-16800000.0,-12800000.0,15600000.0,-15700000.0,155700000.0,,,,,198000000.0,16700000.0,,-300000.0,-214400000.0,12700000.0,,99600000.0,27600000.0,
2020-07-03,1525900000.0,679200000.0,846700000.0,232200000.0,,650800000.0,195900000.0,-25600000.0,170300000.0,45200000.0,124900000.0,0.5,0.5,250000000.0,251500000.0,196400000.0,,478800000.0,338600000.0,,,106200000.0,1120000000.0,,249800000.0,3807500000.0,,224600000.0,6645000000.0,128900000.0,157600000.0,481900000.0,1170500000.0,,,61800000.0,156000000.0,3431900000.0,1672400000.0,-198300000.0,3211900000.0,6645000000.0,,29300000.0,14900000.0,-115700000.0,33200000.0,,-9700000.0,-31100000.0,-8400000.0,-41300000.0,303200000.0,,,,,198000000.0,29600000.0,,-200000.0,-227400000.0,8700000.0,,-60900000.0,7200000.0,
2020-10-02,2318000000.0,1031600000.0,1286400000.0,350100000.0,,988500000.0,297900000.0,-31200000.0,266700000.0,56800000.0,209600000.0,0.84,0.83,250700000.0,252800000.0,184000000.0,,488900000.0,318500000.0,,,109200000.0,1100600000.0,,251600000.0,3837400000.0,,236900000.0,6624300000.0,131400000.0,182600000.0,445200000.0,1191500000.0,,,61800000.0,151800000.0,3273000000.0,1732000000.0,-161000000.0,3350000000.0,6624300000.0,,57100000.0,12100000.0,-108400000.0,19100000.0,,-12300000.0,-26700000.0,-42000000.0,-32700000.0,483700000.0,,,,,198900000.0,45100000.0,,100000.0,-244100000.0,25300000.0,,-243100000.0,-5200000.0,
2021-01-01,3147700000.0,1392800000.0,1754900000.0,475900000.0,,1335100000.0,419800000.0,-24800000.0,395000000.0,4400000.0,389900000.0,1.56,1.55,250500000.0,252300000.0,237700000.0,,620500000.0,301700000.0,209900000.0,,121500000.0,1281400000.0,,251800000.0,3876500000.0,,248000000.0,6876900000.0,143200000.0,185000000.0,560500000.0,1311300000.0,,,62200000.0,150600000.0,3278300000.0,1893400000.0,-98500000.0,3596900000.0,6876900000.0,,83000000.0,-52900000.0,14000000.0,5000000.0,,-2500000.0,-15700000.0,65700000.0,,672000000.0,0.0,0.0,0.0,,201900000.0,56800000.0,,-26900000.0,-231800000.0,10000000.0,,-400300000.0,48500000.0,59000000.0
2021-04-02,886500000.0,393200000.0,493300000.0,129400000.0,,352400000.0,140900000.0,-3500000.0,137400000.0,22800000.0,114500000.0,0.46,0.45,251100000.0,254300000.0,264600000.0,,576600000.0,298700000.0,,,120100000.0,1260000000.0,,251600000.0,3848000000.0,,254100000.0,6780500000.0,157900000.0,189600000.0,561400000.0,1151600000.0,,,61800000.0,150000000.0,3106900000.0,1961800000.0,-130000000.0,3673600000.0,6780500000.0,,27200000.0,400000.0,-40000000.0,900000.0,,-2800000.0,14500000.0,9200000.0,3100000.0,228200000.0,,,,,1200000.0,10600000.0,,-2600000.0,-9200000.0,8000000.0,,-186900000.0,26900000.0,
2021-07-02,1831700000.0,813000000.0,1018700000.0,267700000.0,,733000000.0,285700000.0,17600000.0,299800000.0,46300000.0,253400000.0,1.01,1.0,251500000.0,254200000.0,484400000.0,,583200000.0,298500000.0,,,128400000.0,1494500000.0,,229300000.0,3846800000.0,,264200000.0,6962200000.0,181400000.0,181300000.0,536500000.0,1168500000.0,,,54500000.0,153100000.0,3123600000.0,2077200000.0,-111900000.0,3838600000.0,6962200000.0,,62800000.0,-4900000.0,-35200000.0,300000.0,,22400000.0,39200000.0,3900000.0,-15700000.0,428800000.0,,,,,1200000.0,21400000.0,,1200000.0,42900000.0,-17300000.0,,-223100000.0,246700000.0,
2021-10-01,2733100000.0,1209900000.0,1523200000.0,400200000.0,,1090000000.0,433200000.0,23300000.0,456500000.0,79000000.0,377400000.0,1.5,1.48,251800000.0,254500000.0,513200000.0,,580500000.0,323400000.0,,,143400000.0,1560500000.0,,228500000.0,3823600000.0,,274200000.0,7003400000.0,193400000.0,207500000.0,511700000.0,1141200000.0,,,54500000.0,149700000.0,3121600000.0,2107700000.0,-140600000.0,3881800000.0,7003400000.0,,95100000.0,-8900000.0,-33700000.0,28400000.0,,42500000.0,50800000.0,-8400000.0,3100000.0,595200000.0,,,,,1200000.0,31400000.0,,4400000.0,51000000.0,1100000.0,,-363200000.0,275500000.0,
2021-12-31,,,,,,,,,,,,,,,,325700000.0,,624800000.0,363300000.0,238900000.0,,136800000.0,1450600000.0,,233200000.0,3981500000.0,,284700000.0,7099600000.0,207300000.0,201500000.0,548800000.0,1188600000.0,,,54500000.0,151100000.0,3154900000.0,2170500000.0,-161700000.0,3944700000.0,7099600000.0,,,,,,,,,,,,,,,,,,,,,,,,,
2022-04-01,993700000.0,444100000.0,549600000.0,140300000.0,,392700000.0,156900000.0,-18400000.0,138500000.0,28200000.0,110300000.0,0.44,0.44,250800000.0,252800000.0,357200000.0,,655700000.0,401000000.0,,,151600000.0,1565500000.0,,235000000.0,3971000000.0,,295400000.0,7177400000.0,213300000.0,266400000.0,622700000.0,1247000000.0,,,54500000.0,147700000.0,3189500000.0,2170300000.0,-163900000.0,3987900000.0,7177400000.0,,28300000.0,-16800000.0,34600000.0,42700000.0,,14600000.0,7800000.0,73300000.0,56300000.0,153000000.0,,,,,,14500000.0,,-1100000.0,-13400000.0,,,-109700000.0,31500000.0,
2022-07-01,1934900000.0,847800000.0,1087100000.0,280400000.0,,795300000.0,291800000.0,86700000.0,360100000.0,81800000.0,278300000.0,1.11,1.11,250000000.0,251700000.0,350100000.0,,589300000.0,371700000.0,,,163900000.0,1475000000.0,,228500000.0,3886000000.0,,299900000.0,6919500000.0,191700000.0,190200000.0,599200000.0,1449500000.0,,,40900000.0,141700000.0,3025000000.0,2145700000.0,-239100000.0,3894500000.0,6919500000.0,,61300000.0,-24900000.0,1500000.0,72400000.0,,25600000.0,-7900000.0,67300000.0,-28800000.0,201800000.0,,,,,,28500000.0,,9800000.0,172300000.0,,,-335300000.0,24400000.0,
2022-09-30,2819800000.0,1217300000.0,1602500000.0,407400000.0,,1188300000.0,414200000.0,63800000.0,478000000.0,113900000.0,364100000.0,1.46,1.45,249100000.0,250800000.0,308700000.0,,566100000.0,391100000.0,,,169400000.0,1435300000.0,,221000000.0,4037100000.0,,301700000.0,7077700000.0,194800000.0,205400000.0,544500000.0,1445000000.0,,,40900000.0,144000000.0,3232900000.0,2152000000.0,-334700000.0,3844800000.0,7077700000.0,,93200000.0,-41300000.0,-13200000.0,99500000.0,,31700000.0,-3800000.0,14300000.0,-18100000.0,285100000.0,,,,,318100000.0,36600000.0,,11900000.0,-152200000.0,-4800000.0,,-115000000.0,-17000000.0,
2022-12-30,3676300000.0,1570700000.0,2105600000.0,542100000.0,,1594700000.0,510900000.0,58200000.0,569100000.0,119400000.0,449700000.0,1.81,1.8,248600000.0,250200000.0,271000000.0,,643300000.0,402500000.0,280600000.0,,201400000.0,1518200000.0,,219000000.0,4137900000.0,,336200000.0,7269000000.0,175500000.0,188100000.0,639100000.0,1462100000.0,,,40900000.0,134400000.0,3218800000.0,2230000000.0,-234900000.0,4050200000.0,7269000000.0,,120400000.0,-40000000.0,55400000.0,113500000.0,,46300000.0,-24800000.0,108600000.0,,391200000.0,,,,,373500000.0,43200000.0,,25000000.0,-226300000.0,-13600000.0,,-199000000.0,-54700000.0,197300000.0
2023-03-31,915400000.0,354600000.0,560800000.0,159300000.0,,423800000.0,137000000.0,23600000.0,160600000.0,31800000.0,128800000.0,0.52,0.52,247200000.0,248700000.0,1038100000.0,,578800000.0,409400000.0,,,212600000.0,2238900000.0,,215100000.0,4176600000.0,,352400000.0,8012900000.0,166500000.0,224300000.0,659300000.0,1480900000.0,,,40900000.0,138000000.0,3767700000.0,2355900000.0,-218400000.0,4245200000.0,8012900000.0,,33500000.0,-33800000.0,-62100000.0,11100000.0,,6200000.0,-9100000.0,19500000.0,34800000.0,208700000.0,,,,,33300000.0,6400000.0,,-12000000.0,-27700000.0,14000000.0,,583400000.0,767100000.0,
2023-06-30,1909000000.0,743700000.0,1165300000.0,334100000.0,,934700000.0,230600000.0,-36100000.0,218100000.0,44700000.0,173400000.0,0.7,0.7,248100000.0,249000000.0,237300000.0,,664100000.0,371400000.0,,,189400000.0,1462200000.0,,224000000.0,5559900000.0,,357600000.0,9556300000.0,180200000.0,304100000.0,640500000.0,1301100000.0,,,22700000.0,146900000.0,5225000000.0,2381100000.0,-194200000.0,4331300000.0,9556300000.0,,73900000.0,-61800000.0,-20200000.0,-24200000.0,,19300000.0,-1700000.0,-13300000.0,48800000.0,351100000.0,,,,,2080500000.0,19000000.0,,-40100000.0,-2050200000.0,-9600000.0,,1662000000.0,-33700000.0,
2023-09-29,2866300000.0,1110800000.0,1755500000.0,496600000.0,,1403600000.0,351900000.0,-54400000.0,297500000.0,49200000.0,248300000.0,1.0,1.0,248600000.0,249700000.0,216800000.0,,641400000.0,257200000.0,,,196400000.0,1690500000.0,,203700000.0,5279700000.0,,364700000.0,9330700000.0,179500000.0,184300000.0,594200000.0,1338000000.0,,,,168200000.0,4987700000.0,2455400000.0,-314100000.0,4343000000.0,9330700000.0,,112500000.0,-104000000.0,-24000000.0,-46300000.0,,35500000.0,5000000.0,-39700000.0,-2200000.0,498200000.0,,,,,2088900000.0,32200000.0,,-41600000.0,-2064400000.0,8000000.0,,1520700000.0,-48100000.0,
2023-12-29,3798700000.0,1465900000.0,2332800000.0,664300000.0,,1884000000.0,448800000.0,-91800000.0,357000000.0,45700000.0,311300000.0,1.26,1.25,247900000.0,249100000.0,229800000.0,,706600000.0,235700000.0,124500000.0,,147800000.0,1830900000.0,,202500000.0,5350600000.0,,375500000.0,9539300000.0,165300000.0,201300000.0,663100000.0,1829300000.0,,,,165700000.0,5039200000.0,2437400000.0,-152100000.0,4500100000.0,9539300000.0,,145400000.0,-104600000.0,36400000.0,-67600000.0,,67200000.0,-12400000.0,26000000.0,-2400000.0,597100000.0,,,,,2088900000.0,42000000.0,,-45800000.0,-2068100000.0,6700000.0,,1431500000.0,-32100000.0,168000000.0
,,,,,,,,,,,,,,,,,,,,,,,,,,,,,,,,,,,,,,,,,,,,,,,,,,,,,,,,,,,,,,,,,,,
,,,,,,,,,,,,,,,,,,,,,,,,,,,,,,,,,,,,,,,,,,,,,,,,,,,,,,,,,,,,,,,,,,,
