Date,Net sales,Cost of sales,Gross margin,Research and development,"Selling, general and administrative",Total operating expenses,Operating income,"Other income/(expense), net",Income before provision for income taxes,Provision for income taxes,Net income,Earnings per share basic,Earnings per share diluted,Weighted-average basic,Weighted-average diluted,Cash and cash equivalents,Short-term marketable securities,"Accounts receivable, net",Inventories,Deferred tax assets,Vendor non-trade receivables,Other current assets,Total current assets,Long-term marketable securities,"Property, Plant and Equipment, Net",Goodwill,"Acquired intangible assets, net","Other Assets, Noncurrent",Total assets,accounts payable,Accrued expenses,Deferred revenue,Total current liabilities,Deferred revenue - non-current,deferred tax liabilities,long term taxes payable,Total other non-current liabilities,Total liabilities,Retained Earnings (Accumulated Deficit),Accumulated other comprehensive (loss)/income,Total shareholders equity,Total liabilities and shareholders' equity,"Depreciation, amortization and accretion",Stock-based compensation expense,Deferred income tax expense,"Increase (Decrease) in Accounts receivable, net",Increase (Decrease) in Inventories,Increase (Decrease) in Other Receivables,Increase (Decrease) in Other Operating Assets,Increase (Decrease) in Accounts Payable,Increase (Decrease) in Deferred Revenue,Increase (Decrease) Other liabilities,Cash generated by operating activities,Purchases of marketable securities,Proceeds from maturities of marketable securities,Proceeds from sales of marketable securities,Purchases of other long-term investments,"Business acquisitions, net of cash acquired",Cash payments for capital asset purchases,Payments for acquisition of intangible assets,Payments for (Proceeds from) Other Investing Activities,Cash used in investing activities,Proceeds from issuance of common stock,Excess tax benefits from stock-based compensation,Cash generated/used in financing activities,Increase/(decrease) in cash and cash equivalents,"Cash paid for income taxes, net"
2009-12-31,1871900000.0,,1867400000.0,,,1165800000.0,701600000.0,-12700000.0,688900000.0,255300000.0,433600000.0,1.69,1.65,255900000.0,262300000.0,743300000.0,,,,64300000.0,,,,,512800000.0,665700000.0,,,3210300000.0,,,,,,,,,328100000.0,,,,3210300000.0,,89100000.0,-35700000.0,-69300000.0,,,,,,,535600000.0,62300000.0,,,7100000.0,,133900000.0,,0.0,-166700000.0,,32000000.0,-244700000.0,124200000.0,
2010-03-31,557100000.0,,556200000.0,,,317500000.0,238700000.0,5300000.0,244000000.0,91000000.0,153000000.0,0.59,0.57,258200000.0,266200000.0,764100000.0,,,,,,,,,518900000.0,665700000.0,,,3392400000.0,,,,,,,,,385500000.0,,,,3392400000.0,,20100000.0,,,,,,,,,256700000.0,11900000.0,,,,,25000000.0,,1400000.0,-174400000.0,,11700000.0,-61500000.0,20800000.0,
2010-06-30,1135400000.0,,1133600000.0,,,641800000.0,491800000.0,9200000.0,501000000.0,189500000.0,311500000.0,1.2,1.17,258200000.0,266000000.0,735100000.0,,,,,,,,,543900000.0,665700000.0,,,3403000000.0,,,,,,,,,443700000.0,,83300000.0,,3403000000.0,,43100000.0,,,,,,,,,452200000.0,27600000.0,,,,,68000000.0,,4900000.0,-223000000.0,,20500000.0,-237400000.0,-8200000.0,
2010-09-30,1722400000.0,,1719700000.0,,,966000000.0,753700000.0,18100000.0,771800000.0,291200000.0,480600000.0,1.86,1.81,257300000.0,264600000.0,810400000.0,,,,,,,,,557400000.0,665700000.0,,,3563300000.0,,,,,,,,,498900000.0,,117200000.0,,3563300000.0,,66300000.0,,,,,,,,,711500000.0,44000000.0,,,,,101400000.0,,5600000.0,-265100000.0,,25100000.0,-379300000.0,67100000.0,
2010-12-31,2370700000.0,,2367200000.0,,,1330700000.0,1036500000.0,33500000.0,1070000000.0,397800000.0,672200000.0,2.6,2.53,257200000.0,265100000.0,813100000.0,,,,60700000.0,,,,,560300000.0,665700000.0,,,3642000000.0,,,,,,,,,345500000.0,,139100000.0,3296500000.0,3642000000.0,,89500000.0,-23200000.0,62500000.0,,,,,,,732800000.0,55700000.0,,,11300000.0,,118000000.0,,,-276900000.0,,50700000.0,-386100000.0,69800000.0,
2011-03-31,683200000.0,,682400000.0,,,370900000.0,311500000.0,3900000.0,315400000.0,120800000.0,194600000.0,0.75,0.72,258700000.0,268500000.0,1064900000.0,,,,,,,,,551800000.0,665700000.0,,,3886000000.0,,,,,,,,,430100000.0,,154400000.0,3455900000.0,3886000000.0,,21400000.0,,,,,,,,,336000000.0,20800000.0,,,,,11700000.0,,700000.0,-17000000.0,,13900000.0,-67200000.0,251800000.0,
2011-06-30,1397700000.0,,1396100000.0,,,758000000.0,638100000.0,,647600000.0,,399300000.0,1.54,1.49,258300000.0,267600000.0,1022700000.0,,,,,,,,,555700000.0,665700000.0,,,3882400000.0,,,,,,,,,469600000.0,,156900000.0,3412800000.0,3882400000.0,,,,,,,,,,,610500000.0,35000000.0,,,,,33000000.0,,3400000.0,-66400000.0,,18200000.0,-334500000.0,209600000.0,
2011-09-30,2077900000.0,,2075500000.0,,,1142200000.0,933300000.0,,944100000.0,,584800000.0,2.27,2.2,256700000.0,265000000.0,1001400000.0,,,,,,,,,555100000.0,665700000.0,,,3839600000.0,,,,,,,,,570000000.0,,95100000.0,3269600000.0,3839600000.0,,,,,,,,,,,940500000.0,52500000.0,,,,,49500000.0,,5900000.0,-131900000.0,,26900000.0,-620300000.0,188300000.0,
2011-12-31,,,2747100000.0,,,1520200000.0,1226900000.0,,1250600000.0,,773200000.0,3.01,2.92,255600000.0,263300000.0,897900000.0,,,,80600000.0,,,,,567400000.0,665700000.0,,,3770300000.0,,,,,,,,,349600000.0,,102800000.0,3420700000.0,3770300000.0,,,2900000.0,-2800000.0,,,,,,,948400000.0,65000000.0,,,9400000.0,,82300000.0,,,-165000000.0,,35300000.0,-698600000.0,84800000.0,430100000.0
2012-03-31,,,728700000.0,,,412500000.0,316200000.0,,321300000.0,,197500000.0,0.78,0.75,253100000.0,261000000.0,1103500000.0,,,,,,,,,564700000.0,665700000.0,,,4076900000.0,,,,,,,,,446800000.0,,139100000.0,3630100000.0,4076900000.0,,,,,,,,,,,265800000.0,17100000.0,,,,,18600000.0,,4400000.0,-9300000.0,,13900000.0,-50900000.0,205600000.0,
2012-06-30,,,,,,821300000.0,644200000.0,,656700000.0,,404300000.0,1.59,1.54,253400000.0,260800000.0,972300000.0,,,,,,,,,564400000.0,665700000.0,,,4116900000.0,,,,,,,,,459100000.0,,122200000.0,3657800000.0,4116900000.0,,,,,,,,,,,494500000.0,24900000.0,,,,,36600000.0,,7700000.0,-174700000.0,,25800000.0,-245400000.0,74400000.0,
2012-09-30,,,,,,1232100000.0,1003100000.0,,1057000000.0,,651600000.0,2.56,2.48,253200000.0,260700000.0,1235000000.0,,,,,,,,,561000000.0,665700000.0,,,4405600000.0,,,,,,,,,546700000.0,,120400000.0,3858900000.0,4405600000.0,,,,,,,,,,,861000000.0,31100000.0,,,,,55700000.0,,9000000.0,-202200000.0,,33700000.0,-321700000.0,337100000.0,
2012-12-31,,,,,,1658200000.0,1364300000.0,,1435100000.0,,883600000.0,3.47,3.36,253400000.0,261000000.0,879100000.0,,,,,,,,,561000000.0,665700000.0,,,4202800000.0,,,,,,,,,356700000.0,,131900000.0,3846100000.0,4202800000.0,,,9100000.0,49700000.0,,,,,,,902800000.0,31100000.0,,,18500000.0,,76900000.0,,,-310100000.0,,59300000.0,-611500000.0,-18800000.0,514900000.0
2013-03-31,,,,,,443100000.0,372600000.0,,390900000.0,,241900000.0,0.93,0.91,256900000.0,264900000.0,1285900000.0,,,,,,,,,563000000.0,665700000.0,,,4610600000.0,,,,,,,,,503600000.0,,142000000.0,4107000000.0,4610600000.0,,,,,,,,,,,459400000.0,10300000.0,,,,,22800000.0,,100000.0,-31600000.0,,12700000.0,-21000000.0,406800000.0,
2013-06-30,,,,,,898600000.0,771400000.0,,791100000.0,,489700000.0,1.89,1.83,258200000.0,266200000.0,1455900000.0,,,,,,,,,558700000.0,665700000.0,,,4798900000.0,,,,,,,,,488400000.0,,138400000.0,4310500000.0,4798900000.0,,,,,,,,,,,727900000.0,16600000.0,,,,,41500000.0,,-2700000.0,-57200000.0,,23000000.0,-93900000.0,576800000.0,
2013-09-30,,,,,,1357100000.0,1197300000.0,,1228600000.0,468600000.0,760000000.0,2.92,2.83,258700000.0,266500000.0,1693300000.0,,,,,,,,,567500000.0,,,,5126800000.0,,,,,,,,,586200000.0,,168900000.0,4540600000.0,5126800000.0,,,,,,,,,,,1158300000.0,26800000.0,,,,,74600000.0,,-2300000.0,-138600000.0,,26300000.0,-205500000.0,,
2013-12-31,,,,,,1846800000.0,1637400000.0,,1700400000.0,652700000.0,1047700000.0,4.02,3.9,258300000.0,266300000.0,1398000000.0,,,,,,,,,572900000.0,,,,5033100000.0,,,,,,,,,215000000.0,,188300000.0,4818100000.0,5033100000.0,,,15800000.0,44700000.0,,,,,,,1233200000.0,28200000.0,,,,,105800000.0,,11500000.0,-437500000.0,,45500000.0,-276800000.0,,532900000.0
2014-03-31,,,,,,505500000.0,449100000.0,,491200000.0,186900000.0,304300000.0,1.16,1.12,260400000.0,268600000.0,1739300000.0,,,,,,,,,571800000.0,,,,5462900000.0,,,,,,,,,425700000.0,,184000000.0,5037200000.0,5462900000.0,,,,,,,,,,,487100000.0,0.0,,,,,25400000.0,,3400000.0,-29800000.0,,8900000.0,-116000000.0,,
2014-06-30,,,,,,1016700000.0,922200000.0,,990400000.0,380300000.0,610100000.0,2.32,2.25,260700000.0,268700000.0,1704300000.0,,,,,,,,,576200000.0,,,,5669000000.0,,,,,,,,,395400000.0,,202900000.0,5273600000.0,5669000000.0,,,,,,,,,,,725600000.0,0.0,,,,,59700000.0,,7900000.0,-187800000.0,,17600000.0,-231500000.0,,
2014-09-30,,,,,,1548800000.0,1410900000.0,,1484300000.0,570600000.0,913700000.0,3.47,3.37,260200000.0,268200000.0,1644500000.0,,,,,,,,,572300000.0,,,,5768000000.0,,,,,,,,,540500000.0,,166000000.0,5227500000.0,5768000000.0,,,,,,,,,,,1216100000.0,0.0,0.0,,,,82600000.0,,11100000.0,-415700000.0,,24400000.0,-553900000.0,,
2014-12-31,,,,,,2091200000.0,1890900000.0,,2003100000.0,773500000.0,1229600000.0,4.68,4.55,259600000.0,267400000.0,1506100000.0,,,,,,,,,586400000.0,,,,5644400000.0,,,,,,,,,249200000.0,,136400000.0,5395200000.0,5644400000.0,,,-5400000.0,31500000.0,,,,,,,1291300000.0,0.0,0.0,,,,126200000.0,,11900000.0,-443400000.0,,52600000.0,-739800000.0,,763700000.0
2015-03-31,,,,,,549200000.0,477800000.0,,504600000.0,195100000.0,309500000.0,1.16,1.13,258700000.0,265700000.0,1810400000.0,,,,,,,,,599000000.0,,,,5962000000.0,,,,,,,,,960000000.0,,138200000.0,5002000000.0,5962000000.0,,,,,,,,,,,543800000.0,,,,,,41300000.0,,4000000.0,-34100000.0,,11100000.0,-205400000.0,,
2015-06-30,,,,,,1113800000.0,985600000.0,,1045400000.0,402700000.0,642700000.0,2.45,2.39,258200000.0,265100000.0,1269200000.0,,,,,,,,,607300000.0,,,,5415500000.0,,,,,,,,,448400000.0,,125800000.0,4967100000.0,5415500000.0,,,,,,,,,,,886700000.0,,,,,,79900000.0,,3200000.0,-33900000.0,,16600000.0,-1089700000.0,,
2015-09-30,,,,,,1704500000.0,1443900000.0,,1504000000.0,584200000.0,919800000.0,3.54,3.45,256300000.0,262900000.0,1164400000.0,,,,,,,,,603000000.0,,,,5266600000.0,,,,,,,,,593000000.0,,88900000.0,4673600000.0,5266600000.0,,,,,,,,,,,1371500000.0,,,,,,114600000.0,,6400000.0,-48600000.0,,22100000.0,-1664600000.0,,
2015-12-31,,,,,,2301700000.0,1898900000.0,,2002400000.0,779400000.0,1223000000.0,4.74,4.63,254600000.0,260900000.0,1172300000.0,,,,,,,,,607100000.0,,,,5106900000.0,,,,,,,,,344900000.0,,86600000.0,4762000000.0,5106900000.0,,,-43300000.0,3200000.0,,,,,,,1506400000.0,0.0,0.0,,,,151300000.0,,9400000.0,109000000.0,,24100000.0,-1949200000.0,,778600000.0
2016-03-31,,,,,,583200000.0,410900000.0,85100000.0,496000000.0,191600000.0,295200000.0,1.17,1.15,246700000.0,251500000.0,1400400000.0,,,,,,,,,,,,,6203900000.0,,,,,,,,,615000000.0,,29100000.0,4763800000.0,6203900000.0,,,,,,,,,,,63600000.0,,,,,,35200000.0,,,207800000.0,,8900000.0,-41900000.0,228100000.0,
2016-06-30,,,,,,1344400000.0,694400000.0,126600000.0,821000000.0,313400000.0,490500000.0,1.95,1.91,246900000.0,252100000.0,1382600000.0,,,,,,,,,,,,,6581700000.0,,,,,,,,,610400000.0,,26300000.0,4860900000.0,6581700000.0,,,,,,,,,,,-31500000.0,,,,,,79200000.0,,-83700000.0,162000000.0,,17300000.0,101100000.0,210300000.0,
2016-09-30,,,,,,1961600000.0,1170100000.0,214900000.0,1385000000.0,497800000.0,835200000.0,3.32,3.25,246400000.0,251500000.0,1401000000.0,,,,,,,,,615600000.0,665700000.0,,,6723500000.0,,,,,,,,,775900000.0,,33300000.0,4833700000.0,6723500000.0,,117900000.0,,,,,,,,,268200000.0,,,,,,112500000.0,,-79400000.0,110300000.0,,,-45300000.0,315000000.0,
2016-12-31,,,,,,2489500000.0,1733400000.0,227100000.0,1960500000.0,706500000.0,1215000000.0,4.85,4.75,245500000.0,250300000.0,1204900000.0,,,,,,,,,615100000.0,665700000.0,,,6225000000.0,,,,,,,,,529200000.0,,11500000.0,5008600000.0,6225000000.0,,161600000.0,13500000.0,9300000.0,,,,,,,170500000.0,,,,,,148300000.0,,-79500000.0,106200000.0,,,-176400000.0,98200000.0,680600000.0
2017-03-31,,,,,,591900000.0,521700000.0,115000000.0,636700000.0,236300000.0,385900000.0,1.56,1.54,242100000.0,245500000.0,1580800000.0,,,,,,,,,625200000.0,665700000.0,,,6275600000.0,,,,,,,,,816300000.0,,-5400000.0,5000200000.0,6275600000.0,,36800000.0,,,,,,,,,188500000.0,,,,,,46900000.0,,300000.0,29400000.0,,,146000000.0,360500000.0,
2017-06-30,,,,,,1255900000.0,1029300000.0,227000000.0,1256300000.0,465900000.0,759800000.0,3.08,3.04,240900000.0,244200000.0,1542200000.0,,,,,,,,,624300000.0,665700000.0,,,6532600000.0,,,,,,,,,736400000.0,,-11600000.0,5168600000.0,6532600000.0,,74200000.0,,,,,,,,,139200000.0,,,,,,82600000.0,,26900000.0,137600000.0,,,64800000.0,345400000.0,
2017-09-30,,,,,,1929100000.0,1577800000.0,294300000.0,1872100000.0,677500000.0,1150700000.0,4.67,4.6,240700000.0,244400000.0,1869400000.0,,,,,,,,,635000000.0,665700000.0,,,7379600000.0,,,,,,,,,897800000.0,,-500000.0,5528000000.0,7379600000.0,,110600000.0,,,,,,,,,352800000.0,,,,,,129100000.0,,27500000.0,75400000.0,,,270600000.0,705700000.0,
2017-12-31,,,,,,2684200000.0,2108800000.0,396300000.0,2505100000.0,923900000.0,1497800000.0,6.07,5.97,241200000.0,245100000.0,1902700000.0,,,,,,,,,652000000.0,665700000.0,,,7534700000.0,,,,,,,,,717500000.0,,-3600000.0,5824400000.0,7534700000.0,,152000000.0,71700000.0,100800000.0,,,,,,,229500000.0,,,,,,186100000.0,,28500000.0,39000000.0,,,461500000.0,735300000.0,857700000.0
2018-03-31,,,,,,744200000.0,583800000.0,16100000.0,599900000.0,144400000.0,453700000.0,1.81,1.77,244300000.0,249800000.0,1681400000.0,,,,,,,,,650200000.0,665700000.0,,,7374300000.0,,,,,,,,,925900000.0,,-6400000.0,5901900000.0,7374300000.0,,45600000.0,,,,,,,,,521000000.0,,,,,,36700000.0,,47700000.0,-519800000.0,,,-242100000.0,-239600000.0,
2018-06-30,2673000000.0,,,,,1494500000.0,1178500000.0,50200000.0,1228700000.0,313600000.0,902600000.0,3.62,3.55,243200000.0,248600000.0,1484400000.0,,,,,,,,,655200000.0,665700000.0,,,7882200000.0,,,,,,,,,1028400000.0,,-23700000.0,6114600000.0,7882200000.0,,90800000.0,,,,,,,,,929300000.0,,,,,,78600000.0,,-7200000.0,-944000000.0,,,-388200000.0,-409500000.0,
2018-09-30,4067600000.0,,,,,2248500000.0,1819100000.0,175100000.0,1994200000.0,497500000.0,1485600000.0,5.97,5.85,243100000.0,248200000.0,2090600000.0,,,,,,,,,657000000.0,665700000.0,,,8530600000.0,,,,,,,,,1209500000.0,,-31000000.0,6460500000.0,8530600000.0,,135300000.0,,,,,,,,,1486400000.0,,,,,,121500000.0,,-88700000.0,-830400000.0,,,-463100000.0,190500000.0,
2018-12-31,5372600000.0,,,,,3011200000.0,2361400000.0,23200000.0,2384600000.0,615900000.0,1837500000.0,7.41,7.27,242200000.0,246900000.0,1425200000.0,,,,,,,,,661300000.0,665700000.0,,,7689300000.0,,,,,,,,,824700000.0,,-42000000.0,6124300000.0,7689300000.0,,197100000.0,-35500000.0,-12700000.0,,,,,,,1619900000.0,,,,,,168500000.0,,-88400000.0,-875500000.0,,,-1239500000.0,-510500000.0,644200000.0
2019-03-31,1327300000.0,,,,,794800000.0,532500000.0,202800000.0,735300000.0,181300000.0,512600000.0,2.11,2.09,236600000.0,239600000.0,1657400000.0,,,,,,,,,667200000.0,665700000.0,,,8458900000.0,,,,,,,,,1261200000.0,,-41600000.0,6311000000.0,8458900000.0,,43500000.0,,,,,,,,,578700000.0,,,,,,47700000.0,,600000.0,-33800000.0,,,-306000000.0,238200000.0,
2019-06-30,2722500000.0,,,,,1574900000.0,1147600000.0,327300000.0,1474900000.0,365000000.0,1040100000.0,4.29,4.23,236200000.0,239400000.0,1802400000.0,,,,,,,,,672000000.0,665700000.0,,,8912300000.0,,,,,,,,,1320900000.0,,-38500000.0,6579100000.0,8912300000.0,,90700000.0,,,,,,,,,948800000.0,,,,,,94500000.0,,-1600000.0,-29100000.0,,,-501500000.0,417800000.0,
2019-09-30,4149200000.0,,,,,2342500000.0,1806700000.0,370300000.0,2177000000.0,522000000.0,1586000000.0,6.55,6.47,235800000.0,239000000.0,2213200000.0,,,,,,,,,678800000.0,665700000.0,,,9397800000.0,,,,,,,,,1455100000.0,,-48700000.0,6839800000.0,9397800000.0,,136100000.0,,,,,,,,,1500700000.0,,,,,,148900000.0,,-3500000.0,-76700000.0,,,-623000000.0,798800000.0,
2019-12-31,5617900000.0,,,,,3230900000.0,2387000000.0,540300000.0,2927300000.0,678400000.0,2131300000.0,8.82,8.7,235400000.0,238600000.0,1781800000.0,,,,,,,,,674400000.0,665700000.0,,,9330400000.0,,,,,,,,,1107300000.0,,-43000000.0,7102100000.0,9330400000.0,,206600000.0,33300000.0,,,,,,,,1522700000.0,,,,,,204600000.0,,-6800000.0,-324500000.0,,,-832700000.0,363000000.0,677300000.0
2020-03-31,1462600000.0,,,,,755400000.0,707200000.0,-500300000.0,206900000.0,40300000.0,343100000.0,1.43,1.41,234100000.0,236800000.0,1562400000.0,,,,,,,,,675200000.0,665700000.0,,,8636900000.0,,,,,,,,,1231900000.0,,-49100000.0,6434000000.0,8636900000.0,,58300000.0,,,,,,,,,787700000.0,,,,,,46000000.0,,-400000.0,27600000.0,,,-992300000.0,-178200000.0,
2020-06-30,2878000000.0,,,,,1617100000.0,1260900000.0,415100000.0,1175700000.0,280600000.0,946100000.0,3.99,3.95,230700000.0,233100000.0,2058100000.0,,,,,,,,,685400000.0,665700000.0,,,9477300000.0,,,,,,,,,1636500000.0,,-52200000.0,6750700000.0,9477300000.0,,111600000.0,,,,,,,,,1640700000.0,,,,,,105300000.0,,-6100000.0,2400000.0,,,-1311100000.0,324600000.0,
2020-09-30,4473800000.0,,,,,2484000000.0,1989800000.0,191600000.0,2096200000.0,502500000.0,1589300000.0,6.73,6.66,229500000.0,231900000.0,2228200000.0,,,,,,,,,681900000.0,665700000.0,,,10134600000.0,,,,,,,,,1665900000.0,,-42700000.0,7128500000.0,10134600000.0,,164500000.0,,,,,,,,,1916900000.0,,,,,,155400000.0,,-9800000.0,-53100000.0,,,-1419300000.0,447900000.0,
2020-12-31,6206700000.0,,,,,3461000000.0,2745700000.0,496500000.0,3242200000.0,718900000.0,2372700000.0,10.08,9.98,228800000.0,231200000.0,2151700000.0,,,,60600000.0,,,,,695400000.0,665700000.0,,,10659000000.0,,,,,,,,,1390300000.0,,-23000000.0,7707000000.0,10659000000.0,,246200000.0,13700000.0,,,,,,,,1918900000.0,,,,,,214600000.0,,-50500000.0,-36300000.0,,,-1486300000.0,398200000.0,643000000.0
2021-03-31,1826800000.0,,,,,933600000.0,893200000.0,102100000.0,995300000.0,230500000.0,749400000.0,3.2,3.17,227700000.0,230000000.0,2830100000.0,,,,,,,,,703900000.0,665700000.0,,,10764400000.0,,,,,,,,,1743300000.0,,-30500000.0,8008200000.0,10764400000.0,,57500000.0,,,,,,,,,994700000.0,,,,,,58800000.0,,-7500000.0,-30800000.0,,,-307500000.0,657300000.0,
2021-06-30,3756100000.0,,,,,1904800000.0,1851300000.0,246000000.0,2097300000.0,489800000.0,1565100000.0,6.7,6.63,227300000.0,229600000.0,3514900000.0,,,,,,,,,716700000.0,665700000.0,,,11279200000.0,,,,,,,,,2505800000.0,,-28700000.0,7893000000.0,11279200000.0,,113900000.0,,,,,,,,,1802000000.0,,,,,,121800000.0,,-11600000.0,5700000.0,,,-492700000.0,1314500000.0,
2021-09-30,5710200000.0,,,,,2862700000.0,2847500000.0,234500000.0,3082000000.0,717100000.0,2342300000.0,10.04,9.94,227200000.0,229400000.0,3418500000.0,,,,,,,,,719100000.0,665700000.0,,,11450700000.0,,,,,,,,,2102000000.0,,-29400000.0,8262100000.0,11450700000.0,,166300000.0,,,,,,,,,3090700000.0,,,,,,178700000.0,,-13800000.0,57600000.0,,,-1891100000.0,1253600000.0,
2021-12-31,7671900000.0,,,,,3961900000.0,3710000000.0,284600000.0,3994600000.0,896100000.0,3082900000.0,13.25,13.12,226600000.0,228800000.0,1523100000.0,,,,,,,,,736200000.0,2693200000.0,913400000.0,,12509000000.0,,,,,,,,,2255300000.0,,-26500000.0,9022700000.0,12509000000.0,,274600000.0,-56300000.0,,,,,,,,3452000000.0,,,,,2450800000.0,239100000.0,,-30900000.0,-1098100000.0,,,-2988800000.0,-632300000.0,948900000.0
2022-03-31,1863000000.0,,,,,985600000.0,877400000.0,-198500000.0,678900000.0,164500000.0,567900000.0,2.43,2.41,228200000.0,229800000.0,1997500000.0,,,,,,,,,736300000.0,2643900000.0,886300000.0,,12348000000.0,,,,,,,,,2231000000.0,,-31500000.0,9054400000.0,12348000000.0,54500000.0,63600000.0,,,,,,,,,1103400000.0,,,,,,54900000.0,,-5700000.0,3800000.0,,,-644100000.0,460400000.0,
2022-06-30,3376000000.0,,,,,1830000000.0,1546000000.0,-478400000.0,1067600000.0,265400000.0,907500000.0,3.9,3.88,227500000.0,228800000.0,2116000000.0,,,,,,,,,747300000.0,2652400000.0,859100000.0,,11768700000.0,,,,,,,,,2031100000.0,,-47400000.0,8964200000.0,11768700000.0,109200000.0,122900000.0,,,,,,,,,1727000000.0,,,,,,122800000.0,,-400000.0,-25700000.0,,,-1131000000.0,563000000.0,
2022-09-30,4964200000.0,,,,,2843600000.0,2120600000.0,-561200000.0,1559400000.0,399400000.0,1291900000.0,5.57,5.54,226700000.0,228000000.0,2366300000.0,,,,,,,,,752800000.0,2652400000.0,832000000.0,,11993200000.0,,,,,,,,,2297900000.0,,-56500000.0,8907500000.0,11993200000.0,166000000.0,185700000.0,,,,,,,,,2494600000.0,,,,,,177200000.0,,-3300000.0,-69500000.0,,,-1616700000.0,820200000.0,
2022-12-31,6488400000.0,,,,,4114700000.0,2373700000.0,-425500000.0,1948200000.0,498600000.0,1557900000.0,6.73,6.7,226000000.0,227100000.0,1755600000.0,,,,216100000.0,,,,,755700000.0,2642800000.0,629800000.0,,11643300000.0,,,,,,,,,1956400000.0,,-53000000.0,8839500000.0,11643300000.0,,285400000.0,-207000000.0,,,,,,,,2359400000.0,,,,,0.0,237600000.0,,3700000.0,-41500000.0,,,-2076900000.0,250500000.0,794200000.0
2023-03-31,1537600000.0,,,,,1053400000.0,484200000.0,135400000.0,619600000.0,177900000.0,421500000.0,1.83,1.83,224400000.0,225200000.0,2094100000.0,,,,,,,,,762200000.0,2642800000.0,603800000.0,,12156600000.0,,,,,,,,,2082700000.0,,-51700000.0,9045400000.0,12156600000.0,,58800000.0,,,,,,,,,511700000.0,,,,,,60700000.0,,600000.0,-57500000.0,,,-144200000.0,311500000.0,
2023-06-30,3147800000.0,,,,,2130100000.0,1017700000.0,241600000.0,1259300000.0,336400000.0,897900000.0,3.9,3.89,224400000.0,225200000.0,2249700000.0,,,,,,,,,771200000.0,2642800000.0,577400000.0,,12621400000.0,,,,,,,,,2170300000.0,,-47800000.0,9263800000.0,12621400000.0,,115400000.0,,,,,,,,,906500000.0,,,,,,132400000.0,,32200000.0,-135900000.0,,,-320000000.0,451500000.0,
2023-09-30,4818500000.0,,,,,3219500000.0,1599000000.0,244400000.0,1843400000.0,481300000.0,1351100000.0,5.88,5.86,224300000.0,225100000.0,2578700000.0,,,,,,,,,799100000.0,2642800000.0,542400000.0,,12556800000.0,,,,,,,,,2375200000.0,,-46200000.0,9399900000.0,12556800000.0,,169700000.0,,,,,,,,,1376500000.0,,,,,,226000000.0,,35200000.0,38100000.0,,,-617200000.0,795600000.0,
2023-12-31,6460500000.0,,,,,4474300000.0,1986200000.0,504100000.0,2490300000.0,654600000.0,1788700000.0,7.78,7.76,224100000.0,224800000.0,2066600000.0,,,,193800000.0,,,,,806600000.0,2642800000.0,507300000.0,,12278800000.0,,,,,,,,,1987600000.0,,-47500000.0,9505100000.0,12278800000.0,,265600000.0,8600000.0,,,,,,,,1219100000.0,,,,,0.0,307900000.0,,38400000.0,128200000.0,,,-1078600000.0,269100000.0,632000000.0
2024-03-31,1750200000.0,,,,,1163600000.0,586600000.0,188900000.0,775500000.0,182100000.0,573800000.0,2.5,2.49,223600000.0,224200000.0,2416500000.0,,,,,,,,,846400000.0,2642800000.0,481800000.0,,12854000000.0,,,,,,,,,2187800000.0,,-49600000.0,9784100000.0,12854000000.0,,58400000.0,,,,,,,,,637300000.0,,,,,,102500000.0,,-2800000.0,-8600000.0,,,-267800000.0,360100000.0,
2024-06-30,3483500000.0,,,,,2332200000.0,1151300000.0,269200000.0,1420500000.0,341800000.0,1057200000.0,4.61,4.6,223300000.0,223800000.0,2714900000.0,,,,,,,,,884500000.0,2642800000.0,442300000.0,,13089800000.0,,,,,,,,,2266800000.0,,-49200000.0,9928700000.0,13089800000.0,,112600000.0,,,,,,,,,1315000000.0,,,,,,205800000.0,,41900000.0,-93400000.0,,,-575500000.0,645000000.0,
2024-09-30,5269100000.0,,,,,3504200000.0,1764900000.0,481700000.0,2246600000.0,527500000.0,1660200000.0,7.25,7.23,223000000.0,223500000.0,3173500000.0,,,,,,,,,930100000.0,2642800000.0,395200000.0,,13705900000.0,,,,,,,,,2489800000.0,,-39500000.0,10249300000.0,13705900000.0,,162200000.0,,,,,,,,,1967500000.0,,,,,,310400000.0,,42600000.0,-155000000.0,,,-728200000.0,1084800000.0,
