Date,Net sales,Cost of sales,Gross margin,Research and development,"Selling, general and administrative",Total operating expenses,Operating income,"Other income/(expense), net",Income before provision for income taxes,Provision for income taxes,Net income,Earnings per share basic,Earnings per share diluted,Weighted-average basic,Weighted-average diluted,Cash and cash equivalents,Short-term marketable securities,"Accounts receivable, net",Inventories,Deferred tax assets,Vendor non-trade receivables,Other current assets,Total current assets,Long-term marketable securities,"Property, Plant and Equipment, Net",Goodwill,"Acquired intangible assets, net","Other Assets, Noncurrent",Total assets,accounts payable,Accrued expenses,Deferred revenue,Total current liabilities,Deferred revenue - non-current,deferred tax liabilities,long term taxes payable,Total other non-current liabilities,Total liabilities,Retained Earnings (Accumulated Deficit),Accumulated other comprehensive (loss)/income,Total shareholders equity,Total liabilities and shareholders' equity,"Depreciation, amortization and accretion",Stock-based compensation expense,Deferred income tax expense,"Increase (Decrease) in Accounts receivable, net",Increase (Decrease) in Inventories,Increase (Decrease) in Other Receivables,Increase (Decrease) in Other Operating Assets,Increase (Decrease) in Accounts Payable,Increase (Decrease) in Deferred Revenue,Increase (Decrease) Other liabilities,Cash generated by operating activities,Purchases of marketable securities,Proceeds from maturities of marketable securities,Proceeds from sales of marketable securities,Purchases of other long-term investments,"Business acquisitions, net of cash acquired",Cash payments for capital asset purchases,Payments for acquisition of intangible assets,Payments for (Proceeds from) Other Investing Activities,Cash used in investing activities,Proceeds from issuance of common stock,Excess tax benefits from stock-based compensation,Cash generated/used in financing activities,Increase/(decrease) in cash and cash equivalents,"Cash paid for income taxes, net"
2009-12-31,24680000000.0,,,,,,,,,1089000000.0,,6.38,6.33,563200000.0,568600000.0,,,,,672000000.0,,,,,,3365000000.0,,,109560000000.0,,,,,,,,,82145000000.0,16315000000.0,1219000000.0,,109560000000.0,,,,,,,,,,,4231000000.0,9647000000.0,,2805000000.0,349000000.0,,,,326000000.0,-899000000.0,,8000000.0,-3442000000.0,-95000000.0,
2010-03-31,6119000000.0,,,,,,,,,210000000.0,,1.26,1.25,508400000.0,515100000.0,,,,,560000000.0,,,,,,3365000000.0,,,108696000000.0,,,,,,,,,82025000000.0,16792000000.0,1271000000.0,,108696000000.0,,,,,,,,,,,531000000.0,2175000000.0,,1646000000.0,104000000.0,,,,75000000.0,952000000.0,,4000000.0,-1486000000.0,-4000000.0,
2010-06-30,12298000000.0,,,,,,,,,421000000.0,,2.63,2.6,496300000.0,502600000.0,,,,,368000000.0,,,,,,3365000000.0,,,107023000000.0,,,,,,,,,80737000000.0,17285000000.0,1690000000.0,,107023000000.0,,,,,,,,,,,1051000000.0,3940000000.0,,2781000000.0,227000000.0,,,,145000000.0,2198000000.0,,5000000.0,-3233000000.0,11000000.0,
2010-09-30,18780000000.0,,,,,,,,,787000000.0,,4.73,4.68,486100000.0,492300000.0,,,,,,,,,,,3365000000.0,,,108154000000.0,,,,,,,,,80859000000.0,18118000000.0,2372000000.0,,108154000000.0,,,,,,,,,,,2392000000.0,5167000000.0,,3281000000.0,373000000.0,,,,220000000.0,1645000000.0,,6000000.0,-3995000000.0,43000000.0,
2010-12-31,25112000000.0,,,,,,,,,1090000000.0,,6.69,6.62,476500000.0,482500000.0,,,,,493000000.0,,,,,,3365000000.0,,,105181000000.0,,,,,,,,,79706000000.0,18847000000.0,1255000000.0,,105181000000.0,,,156000000.0,,,,,,,,3054000000.0,6785000000.0,,3713000000.0,514000000.0,,,,318000000.0,2109000000.0,,8000000.0,-5221000000.0,-55000000.0,
2011-03-31,6278000000.0,,,,,,,,,130000000.0,,1.94,1.92,428200000.0,434400000.0,,,,,357000000.0,,,,,,3365000000.0,,,105252000000.0,,,,,,,,,80009000000.0,19538000000.0,1272000000.0,,105252000000.0,,,,,,,,,,,633000000.0,1824000000.0,,490000000.0,107000000.0,,,,69000000.0,530000000.0,,7000000.0,-1128000000.0,39000000.0,
2011-06-30,12666000000.0,,,,,,449000000.0,,-727000000.0,-363000000.0,,1.11,1.1,423300000.0,429100000.0,,,,,128000000.0,,,,,,3365000000.0,465000000.0,,106468000000.0,,,,,,,,,81460000000.0,18966000000.0,1711000000.0,,106468000000.0,,,,,,,,,,,901000000.0,3547000000.0,,736000000.0,629000000.0,,,,143000000.0,655000000.0,,11000000.0,-1487000000.0,73000000.0,
2011-09-30,19073000000.0,,,,,,781000000.0,,574000000.0,-234000000.0,,1.9,1.88,420400000.0,425600000.0,,,,,,,,,,,3365000000.0,449000000.0,,106933000000.0,,,,,,,,,81761000000.0,19127000000.0,2032000000.0,,106933000000.0,,,,,,,,,,,1818000000.0,6224000000.0,,842000000.0,758000000.0,,,,248000000.0,237000000.0,,17000000.0,-2022000000.0,31000000.0,277000000.0
2011-12-31,25446000000.0,,,,,,1390000000.0,,1352000000.0,-74000000.0,,3.4,3.36,415800000.0,420500000.0,,,,,7000000.0,,,,,,3365000000.0,433000000.0,,104602000000.0,,,,,,,,,80125000000.0,19579000000.0,2005000000.0,,104602000000.0,,,65000000.0,,,,,,,,2169000000.0,8704000000.0,,1161000000.0,889000000.0,,,,371000000.0,1152000000.0,,18000000.0,-3306000000.0,14000000.0,218000000.0
2012-03-31,6392000000.0,,,,,,801000000.0,,1077000000.0,271000000.0,,2.04,2.02,392000000.0,395800000.0,,,,,,,,,,,3365000000.0,417000000.0,,104866000000.0,,,,,,,,,79994000000.0,20223000000.0,2039000000.0,,104866000000.0,,,,,,,,,,,814000000.0,2604000000.0,,223000000.0,114000000.0,,,,92000000.0,-295000000.0,,12000000.0,-478000000.0,44000000.0,20000000.0
2012-06-30,12751000000.0,,,,,,1296000000.0,,1685000000.0,380000000.0,,3.32,3.29,390000000.0,393500000.0,,,,,,,,,,,3365000000.0,405000000.0,,104330000000.0,,,,,,,,,79281000000.0,20541000000.0,2130000000.0,,104330000000.0,,,,,,,,,,,1265000000.0,5200000000.0,,542000000.0,221000000.0,,,,133000000.0,-81000000.0,,19000000.0,-1169000000.0,,296000000.0
2012-09-30,19263000000.0,,,,,,2163000000.0,,2855000000.0,686000000.0,,5.55,5.5,388000000.0,391500000.0,,,,,,,,,,,3365000000.0,393000000.0,,105445000000.0,,,,,,,,,79540000000.0,21226000000.0,2536000000.0,,105445000000.0,,,,,,,,,,,2766000000.0,7677000000.0,,724000000.0,292000000.0,,,,229000000.0,-1158000000.0,,32000000.0,-1606000000.0,,310000000.0
2012-12-31,25740000000.0,,,,,,2441000000.0,,3166000000.0,693000000.0,,6.35,6.3,386200000.0,389800000.0,,,,,,,,,,,3365000000.0,381000000.0,,104938000000.0,,,,,,,,,79533000000.0,21352000000.0,2236000000.0,,104938000000.0,,,239000000.0,,,,,,,,3230000000.0,10447000000.0,,1087000000.0,534000000.0,,,,323000000.0,-972000000.0,,38000000.0,-2146000000.0,,188000000.0
2013-03-31,6328000000.0,,,,,,887000000.0,,1220000000.0,324000000.0,,2.36,2.33,377700000.0,381900000.0,,,,,,,,,,,3365000000.0,370000000.0,,103897000000.0,,,,,,,,,78301000000.0,22072000000.0,1926000000.0,,103897000000.0,,,,,,,,,,,530000000.0,2339000000.0,,234000000.0,95000000.0,,,,100000000.0,303000000.0,,21000000.0,-914000000.0,,27000000.0
2013-06-30,13002000000.0,,,,,,1703000000.0,,2397000000.0,576000000.0,,4.8,4.75,376800000.0,380800000.0,,,,,257000000.0,,,,,,3365000000.0,358000000.0,,101900000000.0,,,,,,,,,77010000000.0,22806000000.0,720000000.0,,101900000000.0,,,,,,,,,,,1252000000.0,4488000000.0,3901000000.0,572000000.0,209000000.0,,,,157000000.0,92000000.0,,29000000.0,-1357000000.0,,495000000.0
2013-09-30,19454000000.0,,,,,,2586000000.0,,3574000000.0,889000000.0,,7.12,7.05,374100000.0,378100000.0,,,,,321000000.0,,,,,,3365000000.0,347000000.0,,102685000000.0,,,,,,,,,77874000000.0,23485000000.0,705000000.0,,102685000000.0,,,,,,,,,,,2889000000.0,6492000000.0,5917000000.0,1160000000.0,312000000.0,,,,254000000.0,-1107000000.0,,43000000.0,-1814000000.0,,724000000.0
2013-12-31,26191000000.0,,,,,,3567000000.0,,4945000000.0,1272000000.0,,9.84,9.74,370300000.0,374300000.0,,,,,303000000.0,,,,,,3634000000.0,351000000.0,,103812000000.0,,,,,,,,,79016000000.0,24291000000.0,810000000.0,,103812000000.0,,,177000000.0,,,,,,,,3816000000.0,9467000000.0,7904000000.0,1635000000.0,446000000.0,997000000.0,,,373000000.0,-910000000.0,,51000000.0,-2939000000.0,,1057000000.0
2014-03-31,6708000000.0,,,,,,1052000000.0,,1470000000.0,418000000.0,,2.98,2.95,350900000.0,354600000.0,,,,,,,,,,,3624000000.0,339000000.0,,104134000000.0,,,,,,,,,78747000000.0,25167000000.0,1127000000.0,,104134000000.0,,,,,,,,,,,703000000.0,2715000000.0,2312000000.0,406000000.0,113000000.0,12000000.0,,,60000000.0,75000000.0,,13000000.0,-810000000.0,,93000000.0
2014-06-30,13493000000.0,,,,,,1725000000.0,,2371000000.0,636000000.0,,4.97,4.91,346900000.0,350500000.0,,,,,,,,,,,3634000000.0,328000000.0,,104811000000.0,,,,,,,,,79279000000.0,25662000000.0,1562000000.0,,104811000000.0,,,,,,,,,,,1328000000.0,5449000000.0,4915000000.0,785000000.0,226000000.0,12000000.0,,,152000000.0,487000000.0,,24000000.0,-1799000000.0,,727000000.0
2014-09-30,20379000000.0,,,,,,2618000000.0,,3629000000.0,975000000.0,,7.68,7.6,342900000.0,346500000.0,,,,,,,,,,,3621000000.0,316000000.0,,104522000000.0,,,,,,,,,79201000000.0,26394000000.0,1300000000.0,,104522000000.0,,,,,,,,,,,3168000000.0,8237000000.0,7975000000.0,927000000.0,406000000.0,12000000.0,,,262000000.0,-402000000.0,,38000000.0,-2688000000.0,,785000000.0
2014-12-31,27162000000.0,,,,,,3641000000.0,,5089000000.0,1397000000.0,,10.82,10.7,338800000.0,342500000.0,,,,,33000000.0,,,,,,3611000000.0,304000000.0,,103078000000.0,,,,,,,,,78242000000.0,27251000000.0,880000000.0,,103078000000.0,,,143000000.0,,,,,,,,3693000000.0,11325000000.0,10894000000.0,1049000000.0,554000000.0,12000000.0,,,358000000.0,206000000.0,,57000000.0,-3809000000.0,,1147000000.0
2015-03-31,6626000000.0,,,,,,827000000.0,,1148000000.0,315000000.0,,2.58,2.55,320800000.0,324500000.0,,,,,,,,,,,3590000000.0,292000000.0,,102691000000.0,,,,,,,,,77844000000.0,27906000000.0,769000000.0,,102691000000.0,,,,,,,,,,,199000000.0,3325000000.0,2830000000.0,906000000.0,168000000.0,,,,90000000.0,474000000.0,,27000000.0,-731000000.0,,126000000.0
2015-06-30,13332000000.0,,,,,,1633000000.0,,2224000000.0,579000000.0,,5.14,5.08,317700000.0,321200000.0,,,,,216000000.0,,,,,,3594000000.0,284000000.0,,101664000000.0,,,,,,,,,77543000000.0,28524000000.0,169000000.0,,101664000000.0,,,,,,,,,,,875000000.0,6239000000.0,5314000000.0,1226000000.0,275000000.0,,,,178000000.0,765000000.0,,31000000.0,-1693000000.0,,597000000.0
2015-09-30,20126000000.0,,,,,,2551000000.0,,3531000000.0,958000000.0,,8.13,8.04,314300000.0,317700000.0,,,,,241000000.0,,,,,,3579000000.0,280000000.0,,102110000000.0,,,,,,,,,78077000000.0,29263000000.0,32000000.0,,102110000000.0,,,,,,,,,,,2674000000.0,9972000000.0,8805000000.0,1555000000.0,389000000.0,,,,222000000.0,-491000000.0,,42000000.0,-2204000000.0,,882000000.0
2015-12-31,26800000000.0,,,,4079000000.0,,,,4740000000.0,1301000000.0,3439000000.0,10.99,10.88,310600000.0,313900000.0,,,,,,,,,,,3573000000.0,279000000.0,,100184000000.0,,,,,,,,,76586000000.0,29945000000.0,-157000000.0,23598000000.0,100184000000.0,,,119000000.0,,,,,,,,3434000000.0,12090000000.0,11116000000.0,1950000000.0,534000000.0,13000000.0,,,304000000.0,317000000.0,,55000000.0,-3733000000.0,,1207000000.0
2016-03-31,6686000000.0,,,,995000000.0,,,,917000000.0,226000000.0,691000000.0,2.33,2.3,294200000.0,297900000.0,,,,,,,,,,,3588000000.0,275000000.0,,101680000000.0,,,,,,,,,77514000000.0,30454000000.0,414000000.0,24166000000.0,101680000000.0,,,,,,,,,,,850000000.0,2700000000.0,1748000000.0,421000000.0,162000000.0,,,,79000000.0,-146000000.0,,,-725000000.0,,63000000.0
2016-06-30,13471000000.0,,,,2049000000.0,,,,1804000000.0,449000000.0,1355000000.0,4.6,4.55,292100000.0,295600000.0,,,,,,,,,,,3588000000.0,274000000.0,,102446000000.0,,,,,,,,,77732000000.0,30921000000.0,965000000.0,24714000000.0,102446000000.0,,,,,,,,,,,1293000000.0,5705000000.0,3773000000.0,739000000.0,290000000.0,,,,154000000.0,-91000000.0,,,-1314000000.0,,467000000.0
2016-09-30,20432000000.0,,,,3106000000.0,,,,2751000000.0,680000000.0,2071000000.0,7.09,7.0,290000000.0,293600000.0,,,,,,,,,,,3585000000.0,271000000.0,,102787000000.0,,,,,,,,,78348000000.0,31443000000.0,660000000.0,24439000000.0,102787000000.0,,,,,,,,,,,3063000000.0,9004000000.0,6648000000.0,865000000.0,422000000.0,,,,240000000.0,-1134000000.0,,,-2035000000.0,,648000000.0
2016-12-31,27625000000.0,,,,4154000000.0,,,,4053000000.0,1039000000.0,3014000000.0,10.39,10.28,288100000.0,291000000.0,,,,,1961000000.0,,,,,,3580000000.0,268000000.0,,100245000000.0,,,,,,,,,77024000000.0,32196000000.0,-755000000.0,23221000000.0,100245000000.0,,,111000000.0,,,,,,,,4202000000.0,11609000000.0,8975000000.0,1417000000.0,580000000.0,,,,344000000.0,-1460000000.0,,,-2806000000.0,,892000000.0
2017-03-31,6942000000.0,,,,996000000.0,,,,760000000.0,143000000.0,617000000.0,2.19,2.17,279700000.0,282400000.0,,,,,,,,,,,3584000000.0,266000000.0,,101246000000.0,,,,,,,,,77634000000.0,32623000000.0,-615000000.0,23612000000.0,101246000000.0,,,,,,,,,,,775000000.0,3056000000.0,2218000000.0,188000000.0,124000000.0,,,,63000000.0,-442000000.0,,,-393000000.0,,2000000.0
2017-06-30,14126000000.0,,,,2041000000.0,,,,1550000000.0,338000000.0,1212000000.0,4.32,4.28,278600000.0,281200000.0,,,,,,,,,,,3589000000.0,264000000.0,,102669000000.0,,,,,,,,,78811000000.0,33016000000.0,-344000000.0,23858000000.0,102669000000.0,,,,,,,,,,,1585000000.0,5673000000.0,4300000000.0,563000000.0,259000000.0,,,,129000000.0,-1021000000.0,,,-550000000.0,,323000000.0
2017-09-30,21451000000.0,,,,3086000000.0,,,,1870000000.0,365000000.0,1505000000.0,5.39,5.34,277100000.0,279600000.0,,,,,,,,,,,3946000000.0,345000000.0,,104311000000.0,,,,,,,,,80573000000.0,33110000000.0,-285000000.0,23738000000.0,104311000000.0,,,,,,,,,,,3224000000.0,8403000000.0,6581000000.0,860000000.0,392000000.0,439000000.0,,,187000000.0,-2115000000.0,,,-1048000000.0,,467000000.0
2017-12-31,28902000000.0,,,,4170000000.0,,,,2730000000.0,674000000.0,2056000000.0,7.39,7.33,276000000.0,278600000.0,,,,,1654000000.0,,,,,,3951000000.0,342000000.0,,103483000000.0,,,,,,,,,79752000000.0,33462000000.0,-343000000.0,23731000000.0,103483000000.0,813000000.0,,279000000.0,,,,,,,,3762000000.0,12250000000.0,8750000000.0,1854000000.0,541000000.0,439000000.0,,,244000000.0,-1816000000.0,,,-1920000000.0,,514000000.0
2018-03-31,7286000000.0,,,,1062000000.0,,,,778000000.0,109000000.0,669000000.0,2.45,2.42,271000000.0,273900000.0,,,,,,,,,,,3959000000.0,341000000.0,,103676000000.0,,,,,,,,,80697000000.0,33981000000.0,-1322000000.0,22979000000.0,103676000000.0,212000000.0,,,,,,,,,,554000000.0,3920000000.0,1950000000.0,1085000000.0,142000000.0,,,,53000000.0,-381000000.0,,,-122000000.0,,56000000.0
2018-06-30,14763000000.0,,,,2175000000.0,,,,1409000000.0,216000000.0,1193000000.0,4.39,4.35,269800000.0,272500000.0,,,,,,,,,,,3931000000.0,356000000.0,,103523000000.0,,,,,,,,,80900000000.0,34296000000.0,-1688000000.0,22623000000.0,103523000000.0,411000000.0,,,,,,,,,,1698000000.0,7952000000.0,3657000000.0,2610000000.0,275000000.0,,,,152000000.0,-457000000.0,,,-1166000000.0,,238000000.0
2018-09-30,22486000000.0,,,,3234000000.0,,,,2215000000.0,313000000.0,1902000000.0,7.03,6.97,268600000.0,271100000.0,,,,,,,,,,,3958000000.0,351000000.0,,104390000000.0,,,,,,,,,81930000000.0,34799000000.0,-2003000000.0,22460000000.0,104390000000.0,609000000.0,,,,,,,,,,3432000000.0,10862000000.0,5655000000.0,3190000000.0,392000000.0,4000000.0,,,232000000.0,-1759000000.0,,,-1654000000.0,,244000000.0
2018-12-31,30282000000.0,,,,4297000000.0,,,,2961000000.0,438000000.0,2523000000.0,9.37,9.28,267400000.0,269800000.0,,,,,1358000000.0,,,,,,3937000000.0,345000000.0,,104233000000.0,,,,,,,,,81339000000.0,35204000000.0,-1859000000.0,22894000000.0,104233000000.0,803000000.0,,-35000000.0,,,,,,,,4380000000.0,13526000000.0,7086000000.0,3550000000.0,537000000.0,4000000.0,,,318000000.0,-2329000000.0,,,-2012000000.0,,408000000.0
2019-03-31,7671000000.0,,,,1057000000.0,,,,967000000.0,171000000.0,796000000.0,3.01,2.99,262900000.0,264800000.0,,,,,,,,,,,3949000000.0,341000000.0,,107246000000.0,,,,,,,,,82906000000.0,35795000000.0,-682000000.0,24340000000.0,107246000000.0,211000000.0,,,,,,,,,,639000000.0,2914000000.0,1556000000.0,769000000.0,146000000.0,,,,82000000.0,-586000000.0,,,-71000000.0,,5000000.0
2019-06-30,15505000000.0,,,,2182000000.0,,,,1632000000.0,279000000.0,1353000000.0,5.12,5.08,262100000.0,264200000.0,,,,,,,,,,,3943000000.0,335000000.0,,108572000000.0,,,,,,,,,83251000000.0,36135000000.0,206000000.0,25321000000.0,108572000000.0,401000000.0,,,,,,,,,,1792000000.0,5708000000.0,3038000000.0,1500000000.0,262000000.0,,,,169000000.0,-701000000.0,,,-1050000000.0,,325000000.0
2019-09-30,23518000000.0,,,,3280000000.0,,,,2064000000.0,315000000.0,1749000000.0,6.65,6.59,261100000.0,263400000.0,,,,,,,,,,,3929000000.0,329000000.0,,110241000000.0,,,,,,,,,84634000000.0,36317000000.0,625000000.0,25607000000.0,110241000000.0,581000000.0,,,,,,,,,,3793000000.0,8234000000.0,4895000000.0,1801000000.0,369000000.0,0.0,,,243000000.0,-2047000000.0,,,-1607000000.0,135000000.0,367000000.0
2019-12-31,31581000000.0,,,,4365000000.0,,,,3138000000.0,516000000.0,2622000000.0,10.01,9.92,260000000.0,262300000.0,,,,,1403000000.0,,,,,,3961000000.0,330000000.0,,110122000000.0,,,,,,,,,84179000000.0,36977000000.0,640000000.0,25943000000.0,110122000000.0,763000000.0,,-43000000.0,,,,,,,,5205000000.0,10711000000.0,6845000000.0,2190000000.0,497000000.0,0.0,,,325000000.0,-2902000000.0,,,-2187000000.0,121000000.0,428000000.0
2020-03-31,7908000000.0,,,,1137000000.0,,,,720000000.0,120000000.0,600000000.0,2.34,2.33,254400000.0,255900000.0,,,,,,,,,,,3915000000.0,322000000.0,,109436000000.0,,,,,,,,,84232000000.0,37325000000.0,-49000000.0,25204000000.0,109436000000.0,203000000.0,,,,,,,,,,628000000.0,2630000000.0,1461000000.0,388000000.0,103000000.0,,,,69000000.0,84000000.0,,,-650000000.0,50000000.0,15000000.0
2020-06-30,15309000000.0,,,,2258000000.0,,,,635000000.0,75000000.0,560000000.0,2.19,2.19,253600000.0,254700000.0,,,,,,,,,,,3925000000.0,319000000.0,,113337000000.0,,,,,,,,,86394000000.0,37069000000.0,1882000000.0,26943000000.0,113337000000.0,391000000.0,,,,,,,,,,2292000000.0,4790000000.0,3071000000.0,1220000000.0,228000000.0,,,,144000000.0,-1814000000.0,,,-342000000.0,129000000.0,17000000.0
2020-09-30,23584000000.0,,,,3367000000.0,,,,1621000000.0,234000000.0,1387000000.0,5.44,5.41,253500000.0,254500000.0,,,,,,,,,,,3945000000.0,318000000.0,,116384000000.0,,,,,,,,,88535000000.0,37679000000.0,2138000000.0,27849000000.0,116384000000.0,577000000.0,,,,,,,,,,4618000000.0,9951000000.0,5241000000.0,1994000000.0,321000000.0,,,,222000000.0,-3977000000.0,,,-552000000.0,89000000.0,413000000.0
2020-12-31,31981000000.0,,,,4509000000.0,,,,3237000000.0,540000000.0,2697000000.0,10.56,10.52,253500000.0,254600000.0,,,,,1491000000.0,,,,,,3976000000.0,317000000.0,,116764000000.0,,,,,,,,,87563000000.0,38771000000.0,2502000000.0,29201000000.0,116764000000.0,789000000.0,,-31000000.0,,,,,,,,6519000000.0,14073000000.0,7387000000.0,3060000000.0,487000000.0,,,,330000000.0,-4892000000.0,,,-1416000000.0,227000000.0,578000000.0
2021-03-31,8313000000.0,,,,1163000000.0,,,,891000000.0,158000000.0,733000000.0,2.89,2.87,252100000.0,254100000.0,,,,,,,,,,,4017000000.0,318000000.0,,117032000000.0,,,,,,,,,88763000000.0,39285000000.0,1291000000.0,28269000000.0,117032000000.0,235000000.0,,,,,,,,,,1190000000.0,4754000000.0,2064000000.0,1240000000.0,97000000.0,38000000.0,,,60000000.0,-774000000.0,,,-477000000.0,-58000000.0,58000000.0
2021-06-30,17000000000.0,,,,2337000000.0,,,,2022000000.0,355000000.0,1667000000.0,6.58,6.53,251400000.0,253600000.0,,,,,,,,,,,4020000000.0,314000000.0,,119759000000.0,,,,,,,,,90603000000.0,39998000000.0,1769000000.0,29156000000.0,119759000000.0,450000000.0,,,,,,,,,,3039000000.0,9462000000.0,4347000000.0,2482000000.0,221000000.0,38000000.0,,,113000000.0,-2785000000.0,,,-289000000.0,-32000000.0,342000000.0
2021-09-30,25805000000.0,,,,3524000000.0,,,,2808000000.0,479000000.0,2329000000.0,9.24,9.16,250100000.0,252400000.0,,,,,,,,,,,4005000000.0,309000000.0,,120706000000.0,,,,,,,,,92232000000.0,40438000000.0,1166000000.0,28474000000.0,120706000000.0,662000000.0,,,,,,,,,,5582000000.0,14356000000.0,6523000000.0,2864000000.0,643000000.0,38000000.0,,,199000000.0,-4422000000.0,,,-1059000000.0,97000000.0,543000000.0
2021-12-31,34816000000.0,,,,4677000000.0,,,,4458000000.0,796000000.0,3662000000.0,14.63,14.49,248500000.0,250800000.0,,,,,1469000000.0,,,,,,4008000000.0,306000000.0,,120466000000.0,,,,,,,,,91579000000.0,41555000000.0,1193000000.0,28887000000.0,120466000000.0,870000000.0,,64000000.0,,,,,,,,7274000000.0,18153000000.0,8852000000.0,3170000000.0,520000000.0,38000000.0,,,279000000.0,-5196000000.0,,,-2037000000.0,40000000.0,707000000.0
2022-03-31,8809000000.0,,,,1191000000.0,,,,1182000000.0,164000000.0,1018000000.0,4.2,4.15,240900000.0,243700000.0,,,,,,,,,,,4001000000.0,301000000.0,,118592000000.0,,,,,,,,,93061000000.0,42359000000.0,-2602000000.0,25531000000.0,118592000000.0,234000000.0,,,,,,,,,,1266000000.0,4409000000.0,1879000000.0,1044000000.0,135000000.0,4000000.0,,,84000000.0,-657000000.0,,,-613000000.0,-9000000.0,10000000.0
2022-06-30,17945000000.0,,,,2414000000.0,,,,1839000000.0,270000000.0,1569000000.0,6.5,6.43,239700000.0,242400000.0,,,,,,,,,,,3967000000.0,294000000.0,,116587000000.0,,,,,,,,,93713000000.0,42684000000.0,-5155000000.0,22874000000.0,116587000000.0,444000000.0,,,,,,,,,,2641000000.0,7998000000.0,3697000000.0,2701000000.0,252000000.0,4000000.0,,,159000000.0,-1367000000.0,,,-1301000000.0,-51000000.0,552000000.0
2022-09-30,27248000000.0,,,,3607000000.0,,,,2367000000.0,344000000.0,2023000000.0,8.43,8.34,238300000.0,240900000.0,,,,,,,,,,,3922000000.0,287000000.0,,114317000000.0,,,,,,,,,94411000000.0,42917000000.0,-7908000000.0,19906000000.0,114317000000.0,639000000.0,,,,,,,,,,5125000000.0,12100000000.0,5481000000.0,3951000000.0,414000000.0,4000000.0,,,291000000.0,-3054000000.0,,,-2011000000.0,12000000.0,663000000.0
2022-12-31,36884000000.0,,,,4810000000.0,,,,3354000000.0,512000000.0,2842000000.0,11.91,11.77,237000000.0,239700000.0,,,,,1877000000.0,,,,,,3952000000.0,287000000.0,,115717000000.0,,,,,,,,,94157000000.0,43516000000.0,-6445000000.0,21560000000.0,115717000000.0,826000000.0,,-229000000.0,,,,,,,,6465000000.0,15908000000.0,6837000000.0,5660000000.0,574000000.0,4000000.0,,,385000000.0,-3728000000.0,,,-2669000000.0,38000000.0,817000000.0
2023-03-31,9704000000.0,,,,1267000000.0,,,,928000000.0,-47000000.0,975000000.0,4.18,4.13,231700000.0,234400000.0,,,,,,,,,,,3959000000.0,285000000.0,,118352000000.0,,,,,,,,,95300000000.0,44273000000.0,-5386000000.0,23052000000.0,118352000000.0,204000000.0,,,,,,,,,,1012000000.0,4335000000.0,1538000000.0,2364000000.0,139000000.0,0.0,,,120000000.0,-455000000.0,,,-593000000.0,-32000000.0,-16000000.0
2023-06-30,19802000000.0,,,,2575000000.0,,,,880000000.0,-81000000.0,961000000.0,4.14,4.09,230600000.0,233300000.0,,,,,,,,,,,3975000000.0,283000000.0,,120573000000.0,,,,,,,,,98718000000.0,44026000000.0,-6009000000.0,21855000000.0,120573000000.0,383000000.0,,,,,,,,,,2561000000.0,7663000000.0,3031000000.0,3120000000.0,255000000.0,0.0,,,251000000.0,-2312000000.0,,,-455000000.0,-194000000.0,139000000.0
2023-09-30,30437000000.0,,,,3887000000.0,,,,1352000000.0,68000000.0,1365000000.0,5.89,5.83,230000000.0,232500000.0,,,,,,,,,,,3955000000.0,278000000.0,,121384000000.0,,,,,,,,,101406000000.0,44198000000.0,-8012000000.0,19978000000.0,121384000000.0,552000000.0,,,,,,,,,,5607000000.0,13054000000.0,4909000000.0,4620000000.0,375000000.0,0.0,,,335000000.0,-5037000000.0,,,-778000000.0,-206000000.0,152000000.0
2023-12-31,41364000000.0,,,,5176000000.0,,,,3371000000.0,380000000.0,2991000000.0,12.93,12.79,229700000.0,232200000.0,,,,,1504000000.0,,,,,,3976000000.0,277000000.0,,125978000000.0,,,,,,,,,101057000000.0,45591000000.0,-4471000000.0,24921000000.0,125978000000.0,722000000.0,,-124000000.0,,,,,,,,7711000000.0,15690000000.0,6371000000.0,4981000000.0,495000000.0,0.0,,,462000000.0,-6821000000.0,,,-1051000000.0,-149000000.0,201000000.0
2024-03-31,11228000000.0,,,,1406000000.0,,,,1370000000.0,247000000.0,1123000000.0,4.87,4.8,229000000.0,232000000.0,,,,,,,,,,,4251000000.0,376000000.0,,127410000000.0,,,,,,,,,102388000000.0,46483000000.0,-5131000000.0,25022000000.0,127410000000.0,196000000.0,,,,,,,,,,1458000000.0,3738000000.0,1709000000.0,942000000.0,90000000.0,381000000.0,,,81000000.0,-1037000000.0,,,-399000000.0,17000000.0,24000000.0
2024-06-30,22511000000.0,,,,2884000000.0,,,,2026000000.0,369000000.0,1657000000.0,7.19,7.09,228800000.0,231800000.0,,,,,,,,,,,4250000000.0,371000000.0,,129315000000.0,,,,,,,,,104453000000.0,46773000000.0,-5410000000.0,24862000000.0,129315000000.0,378000000.0,,,,,,,,,,3135000000.0,8087000000.0,4173000000.0,1250000000.0,185000000.0,382000000.0,,,192000000.0,-2180000000.0,,,-871000000.0,79000000.0,855000000.0
2024-09-30,34415000000.0,,,,4344000000.0,,,,3586000000.0,669000000.0,2917000000.0,12.68,12.51,228300000.0,231300000.0,,,,,,,,,,,4273000000.0,368000000.0,,134588000000.0,,,,,,,,,106892000000.0,47789000000.0,-3433000000.0,27696000000.0,134588000000.0,552000000.0,,,,,,,,,,7010000000.0,12360000000.0,5990000000.0,1480000000.0,283000000.0,382000000.0,,,305000000.0,-5571000000.0,,,-1325000000.0,122000000.0,947000000.0
