Date,Net sales,Cost of sales,Gross margin,Research and development,"Selling, general and administrative",Total operating expenses,Operating income,"Other income/(expense), net",Income before provision for income taxes,Provision for income taxes,Net income,Earnings per share basic,Earnings per share diluted,Weighted-average basic,Weighted-average diluted,Cash and cash equivalents,Short-term marketable securities,"Accounts receivable, net",Inventories,Deferred tax assets,Vendor non-trade receivables,Other current assets,Total current assets,Long-term marketable securities,"Property, Plant and Equipment, Net",Goodwill,"Acquired intangible assets, net","Other Assets, Noncurrent",Total assets,accounts payable,Accrued expenses,Deferred revenue,Total current liabilities,Deferred revenue - non-current,deferred tax liabilities,long term taxes payable,Total other non-current liabilities,Total liabilities,Retained Earnings (Accumulated Deficit),Accumulated other comprehensive (loss)/income,Total shareholders equity,Total liabilities and shareholders' equity,"Depreciation, amortization and accretion",Stock-based compensation expense,Deferred income tax expense,"Increase (Decrease) in Accounts receivable, net",Increase (Decrease) in Inventories,Increase (Decrease) in Other Receivables,Increase (Decrease) in Other Operating Assets,Increase (Decrease) in Accounts Payable,Increase (Decrease) in Deferred Revenue,Increase (Decrease) Other liabilities,Cash generated by operating activities,Purchases of marketable securities,Proceeds from maturities of marketable securities,Proceeds from sales of marketable securities,Purchases of other long-term investments,"Business acquisitions, net of cash acquired",Cash payments for capital asset purchases,Payments for acquisition of intangible assets,Payments for (Proceeds from) Other Investing Activities,Cash used in investing activities,Proceeds from issuance of common stock,Excess tax benefits from stock-based compensation,Cash generated/used in financing activities,Increase/(decrease) in cash and cash equivalents,"Cash paid for income taxes, net"
2010-06-26,,,587687000.0,,417134000.0,,136742000.0,,136183000.0,50388000.0,85795000.0,2.37,2.31,36333000.0,37339000.0,181079000.0,,,702405000.0,17569000.0,,,957219000.0,,372542000.0,10258000.0,,5391000.0,1363243000.0,289538000.0,110397000.0,,451880000.0,,,,27355000.0,546858000.0,836767000.0,,816385000.0,1363243000.0,,6226000.0,-6402000.0,,-101156000.0,,,16330000.0,,2740000.0,70981000.0,,,,,,36927000.0,,,-52550000.0,,2597000.0,-10203000.0,8228000.0,8260000.0
2010-09-25,,,866826000.0,,627913000.0,,187600000.0,,187003000.0,69191000.0,117812000.0,1.62,1.58,72600.0,74932.0,170920000.0,,,758683000.0,15584000.0,,,1011670000.0,,385223000.0,10258000.0,,7697000.0,1428058000.0,348610000.0,104164000.0,,483159000.0,,,,29838000.0,581715000.0,863698000.0,,846343000.0,1428058000.0,,8754000.0,206000.0,,-157434000.0,,,75402000.0,,2905000.0,94517000.0,,,,,,67086000.0,,,-82707000.0,,6993000.0,-13741000.0,-1931000.0,76381000.0
2012-06-30,,,784261000.0,,505852000.0,,234237000.0,,233623000.0,86674000.0,146949000.0,2.05,2.0,71814000.0,73491000.0,179100000.0,,,946934000.0,7084000.0,,,1198249000.0,,501029000.0,10258000.0,,12876000.0,1722412000.0,314757000.0,126445000.0,,534722000.0,,,,36464000.0,655273000.0,1270497000.0,,1067139000.0,1722412000.0,,9309000.0,-5887000.0,,116115000.0,,,48348000.0,,,152170000.0,,,,,,65566000.0,,,-52496000.0,,16497000.0,-97539000.0,2135000.0,22616000.0
2012-09-29,,,1141432000.0,,763036000.0,,312016000.0,,311161000.0,114191000.0,196970000.0,2.76,2.69,71383000.0,73098000.0,70185000.0,,,1020140000.0,12307000.0,,,1161924000.0,,528999000.0,10258000.0,,15122000.0,1716303000.0,362059000.0,125884000.0,,542033000.0,,,,38910000.0,662090000.0,1306328000.0,,1054213000.0,1716303000.0,,14051000.0,-14789000.0,,189321000.0,,,95650000.0,,,155841000.0,,,,,,111176000.0,,,-97385000.0,,19738000.0,-165236000.0,-106780000.0,95577000.0
2012-12-29,,,1566054000.0,,1040287000.0,,436792000.0,,435737000.0,159280000.0,276457000.0,3.89,3.8,71092000.0,72757000.0,138630000.0,,,908116000.0,21621000.0,,,1130052000.0,,549998000.0,10258000.0,,16500000.0,1706808000.0,320392000.0,148316000.0,,560505000.0,,49423000.0,,42374000.0,681834000.0,1371733000.0,,1024974000.0,1706808000.0,,17641000.0,-26581000.0,,77297000.0,,,53983000.0,,,378302000.0,,,,,,152924000.0,,,-139075000.0,,25836000.0,-277562000.0,-38335000.0,128306000.0
2013-03-30,,,352091000.0,,261469000.0,,67923000.0,,67744000.0,23738000.0,44006000.0,0.63,0.62,69448000.0,70805000.0,57022000.0,,,1142900000.0,7214000.0,,,1267391000.0,,583294000.0,10258000.0,,16689000.0,1881328000.0,476043000.0,135192000.0,,624130000.0,,0.0,,44534000.0,851102000.0,1401810000.0,,1030226000.0,1881328000.0,,3397000.0,10711000.0,,234784000.0,,,155651000.0,,,-95299000.0,,,,,,49335000.0,,,-49150000.0,,11993000.0,62841000.0,-81608000.0,41650000.0
2013-06-29,,,858231000.0,,545410000.0,,265902000.0,,265167000.0,97581000.0,167586000.0,2.41,2.37,69672000.0,70790000.0,55698000.0,,,1082861000.0,14446000.0,,,1205681000.0,,611476000.0,10258000.0,,16363000.0,1846424000.0,360811000.0,138417000.0,,579532000.0,,0.0,,45447000.0,702677000.0,1507206000.0,,1143747000.0,1846424000.0,,6934000.0,4529000.0,,174745000.0,,,40419000.0,,,62823000.0,,,,,,98626000.0,,,-89991000.0,,24804000.0,-55764000.0,-82932000.0,59003000.0
2013-09-28,,,1273897000.0,,833269000.0,,367572000.0,,366487000.0,134134000.0,232353000.0,1.67,1.64,139524000.0,141726000.0,45988000.0,,,1142013000.0,19823000.0,,,1253618000.0,,634396000.0,10258000.0,,15751000.0,1919306000.0,403521000.0,136234000.0,,570515000.0,,0.0,,46152000.0,734795000.0,1553814000.0,,1184511000.0,1919306000.0,,10349000.0,-3485000.0,,233897000.0,,,83129000.0,,,98610000.0,,,,,,156791000.0,,,-148060000.0,,31626000.0,-43192000.0,-92642000.0,148519000.0
2015-03-28,,,444605000.0,,321476000.0,,92847000.0,,91981000.0,33941000.0,58040000.0,0.43,0.42,136347000.0,137735000.0,57133000.0,,,1370965000.0,33850000.0,,,1526915000.0,,749752000.0,10258000.0,,19550000.0,2322010000.0,585551000.0,180829000.0,,804988000.0,,,,52437000.0,1007132000.0,1954519000.0,,1314878000.0,2322010000.0,,4999000.0,359000.0,,255515000.0,,,214728000.0,,,36313000.0,,,,,,48767000.0,,,-48502000.0,,8181000.0,18188000.0,5999000.0,8979000.0
2015-06-27,,,1069925000.0,,671318000.0,,338012000.0,,336314000.0,124943000.0,211371000.0,1.55,1.54,136233000.0,137567000.0,56317000.0,,,1293146000.0,38005000.0,,,1449507000.0,,768903000.0,10258000.0,,19627000.0,2271270000.0,452669000.0,185631000.0,,745601000.0,,,,52124000.0,887823000.0,2080627000.0,,1383447000.0,2271270000.0,,9835000.0,-11236000.0,,177696000.0,,,81846000.0,,,233415000.0,,,,,,97014000.0,,,-96713000.0,,12900000.0,-131519000.0,5183000.0,57367000.0
2015-09-26,,,1582173000.0,,1014209000.0,,477220000.0,,474740000.0,176057000.0,298683000.0,2.2,2.18,135997000.0,137292000.0,51352000.0,,,1414562000.0,42628000.0,,,1573364000.0,,808657000.0,10258000.0,,18392000.0,2440586000.0,527143000.0,192335000.0,,765722000.0,,,,53953000.0,1103326000.0,2140775000.0,,1337260000.0,2440586000.0,,14837000.0,-22799000.0,,299112000.0,,,156320000.0,,,243454000.0,,,,,,163468000.0,,,-163097000.0,,16994000.0,-80139000.0,218000.0,175485000.0
2015-12-26,,,2143174000.0,,1369097000.0,,650508000.0,,647617000.0,237222000.0,410395000.0,3.03,3.0,135582000.0,136845000.0,63813000.0,,,1284375000.0,55194000.0,,,1485431000.0,,847576000.0,10258000.0,,18337000.0,2370826000.0,427249000.0,195024000.0,,671284000.0,,59436000.0,,54463000.0,977532000.0,2225601000.0,,1393294000.0,2370826000.0,,19420000.0,-5450000.0,,168925000.0,,,56426000.0,,,429180000.0,,,,,,236496000.0,,,-235912000.0,,27032000.0,-180589000.0,12679000.0,226968000.0
2016-03-26,,,494444000.0,,352672000.0,,108195000.0,,107070000.0,39402000.0,67668000.0,0.51,0.5,133630000.0,134709000.0,74501000.0,,,1470691000.0,,,,1626050000.0,,855501000.0,10258000.0,,16921000.0,2564528000.0,582745000.0,178747000.0,,813397000.0,,,,51066000.0,1211825000.0,2266555000.0,,1352703000.0,2564528000.0,,5300000.0,-604000.0,,186316000.0,,,155496000.0,,,62554000.0,,,,,,36732000.0,,,-36712000.0,,3090000.0,-15154000.0,10688000.0,8642000.0
2016-06-25,,,1143666000.0,,718588000.0,,357444000.0,,354409000.0,130316000.0,224093000.0,1.68,1.66,133597000.0,134635000.0,151112000.0,,,1366499000.0,,,,1588535000.0,,901962000.0,10258000.0,,19199000.0,2578766000.0,430394000.0,201077000.0,,724435000.0,,,,55379000.0,1076837000.0,2390909000.0,-1362000.0,1501929000.0,2578766000.0,,11212000.0,-3618000.0,,82124000.0,,,3145000.0,,,267916000.0,,,,,,100956000.0,,,-100916000.0,,10282000.0,-79701000.0,87299000.0,73205000.0
2016-09-24,,,1678940000.0,,1076180000.0,,499464000.0,,495319000.0,181782000.0,313537000.0,2.35,2.33,133529000.0,134509000.0,55507000.0,,,1489934000.0,,,,1629756000.0,,923165000.0,10258000.0,,19362000.0,2635733000.0,484014000.0,199327000.0,,712260000.0,,,,57025000.0,1170993000.0,2448309000.0,-1111000.0,1464740000.0,2635733000.0,,17326000.0,2002000.0,,205559000.0,,,56765000.0,,,273998000.0,,,,,,167161000.0,,,-166795000.0,,11637000.0,-115509000.0,-8306000.0,184817000.0
2016-12-31,,,2325202000.0,,1488164000.0,,694080000.0,,688270000.0,251150000.0,437120000.0,3.29,3.27,132905000.0,133813000.0,53916000.0,,,1369656000.0,45218000.0,,,1517809000.0,,962308000.0,94417000.0,,23890000.0,2674942000.0,519522000.0,215650000.0,,777194000.0,,85391000.0,,54683000.0,1221724000.0,2540449000.0,1392000.0,1453218000.0,2674942000.0,,23554000.0,9976000.0,,67650000.0,,,82477000.0,,,639040000.0,,,,,143610000.0,226017000.0,,,-369265000.0,,11671000.0,-279672000.0,-9897000.0,232258000.0
2017-04-01,,,518203000.0,,382114000.0,,96362000.0,,93585000.0,33274000.0,60311000.0,0.46,0.46,130276000.0,131090000.0,72701000.0,,,1657761000.0,,,,1824260000.0,,957037000.0,,,22559000.0,2976402000.0,563525000.0,187247000.0,,817084000.0,,,,54375000.0,1596904000.0,2569497000.0,1673000.0,1379498000.0,2976402000.0,,7600000.0,-1611000.0,,288105000.0,,,44003000.0,,,-141658000.0,,,,,,34883000.0,,,-34855000.0,,,195298000.0,18785000.0,12739000.0
2017-07-01,,,1222911000.0,,787850000.0,,354287000.0,,348418000.0,127458000.0,220960000.0,1.71,1.7,129231000.0,129906000.0,67793000.0,,,1468254000.0,,,,1630522000.0,,982358000.0,,,24015000.0,2815572000.0,510820000.0,184829000.0,,806488000.0,,,,56457000.0,1433006000.0,2695554000.0,1521000.0,1382566000.0,2815572000.0,,15079000.0,-7742000.0,,98598000.0,,,-8702000.0,,,227508000.0,,,,,,96610000.0,,,-85829000.0,,,-127802000.0,13877000.0,67752000.0
2017-09-30,,,1823367000.0,,1198126000.0,,502540000.0,,492919000.0,180063000.0,312856000.0,2.44,2.43,128293000.0,128910000.0,70046000.0,,,1591555000.0,,,,1741995000.0,,996837000.0,,,24435000.0,2928351000.0,609883000.0,186037000.0,,872194000.0,,,,59402000.0,1556950000.0,2753335000.0,1557000.0,1371401000.0,2928351000.0,,22931000.0,4626000.0,,221899000.0,,,90361000.0,,,340962000.0,,,,,,152040000.0,,,-141160000.0,,,-183672000.0,16130000.0,166027000.0
2017-12-30,,,2491965000.0,,1639749000.0,,686382000.0,,672523000.0,249924000.0,422599000.0,3.31,3.3,127588000.0,128204000.0,109148000.0,,,1453208000.0,18494000.0,,,1655368000.0,,1044503000.0,93192000.0,,25912000.0,2868769000.0,576568000.0,201656000.0,,849214000.0,,76583000.0,,61290000.0,1450096000.0,2829220000.0,2763000.0,1418673000.0,2868769000.0,,29202000.0,26724000.0,,83552000.0,,,57046000.0,,,631450000.0,,,,,,250401000.0,,,-237956000.0,,,-338262000.0,55232000.0,219081000.0
2018-03-31,,,563649000.0,,426113000.0,,94749000.0,,90281000.0,18848000.0,71433000.0,0.57,0.57,124477000.0,125174000.0,132398000.0,,,1760065000.0,,,,1984093000.0,,1050399000.0,,,30218000.0,3207787000.0,732524000.0,200053000.0,,1013935000.0,,,,62783000.0,1894542000.0,2866467000.0,5190000.0,1313245000.0,3207787000.0,,8567000.0,-91000.0,,306857000.0,,,155956000.0,,,-21863000.0,,,,,,45144000.0,,,-45131000.0,,,90244000.0,23250000.0,789000.0
2018-06-30,,,1333063000.0,,878459000.0,,368207000.0,,358761000.0,80039000.0,278722000.0,2.26,2.25,123288000.0,123975000.0,69954000.0,,,1632280000.0,,,,1810728000.0,,1081543000.0,,,29902000.0,3067406000.0,649665000.0,205352000.0,,941486000.0,,,,65002000.0,1661364000.0,3035970000.0,5742000.0,1406042000.0,3067406000.0,,16409000.0,-2247000.0,,179072000.0,,,73097000.0,,,274014000.0,,,,,,116695000.0,,,-116407000.0,,,-196801000.0,-39194000.0,58949000.0
2018-09-29,,,1986195000.0,,1333457000.0,,521355000.0,,507449000.0,111943000.0,395506000.0,3.22,3.2,122818000.0,123570000.0,71302000.0,,,1737273000.0,,,,1941708000.0,,1112049000.0,,,29200000.0,3220934000.0,683672000.0,209199000.0,,974541000.0,,,,65414000.0,1725637000.0,3114972000.0,5969000.0,1495297000.0,3220934000.0,,22787000.0,5009000.0,,284065000.0,,,107104000.0,,,353419000.0,,,,,,193693000.0,,,-191664000.0,,,-199601000.0,-37846000.0,137041000.0
2018-12-29,,,2702528000.0,,1823440000.0,,701737000.0,,683385000.0,151028000.0,532357000.0,4.34,4.31,122651000.0,123471000.0,86299000.0,,,1589542000.0,6607000.0,,,1794399000.0,,1134464000.0,93192000.0,,25300000.0,3085262000.0,619981000.0,232416000.0,,938107000.0,,102041000.0,,67927000.0,1523442000.0,3213895000.0,3814000.0,1561820000.0,3085262000.0,,28921000.0,11887000.0,,136334000.0,,,43413000.0,,,694394000.0,,,,,0.0,278530000.0,,,-276314000.0,,,-440929000.0,-22849000.0,146918000.0
2019-03-30,1822220000.0,1207236000.0,614984000.0,,465809000.0,,103408000.0,,98478000.0,21646000.0,76832000.0,0.63,0.63,121211000.0,122152000.0,102215000.0,,,1881332000.0,,,,2079085000.0,,1120869000.0,,,25805000.0,5437201000.0,785068000.0,204797000.0,,1311934000.0,,6878000.0,,69262000.0,3951625000.0,3252387000.0,3067000.0,1485576000.0,5437201000.0,,9624000.0,13485000.0,,291790000.0,,,165087000.0,,,-13024000.0,,,,,,28785000.0,,,-28427000.0,,,57367000.0,15916000.0,2080000.0
2019-06-29,4176002000.0,2740273000.0,1435729000.0,,949999000.0,,390965000.0,,380859000.0,84817000.0,296042000.0,2.45,2.43,120791000.0,121830000.0,104018000.0,,,1733150000.0,,,,1937808000.0,,1135310000.0,,,23670000.0,5312719000.0,681529000.0,222919000.0,,1271386000.0,,3592000.0,,70748000.0,3767777000.0,3429492000.0,,1544942000.0,5312719000.0,,18400000.0,10199000.0,,143608000.0,,,61548000.0,,,348874000.0,,,,,,83540000.0,,,-82929000.0,,,-248226000.0,17719000.0,27196000.0
2019-09-28,6160146000.0,4030177000.0,2129969000.0,,1432603000.0,,552782000.0,,537776000.0,119601000.0,418175000.0,3.48,3.45,120180000.0,121239000.0,82640000.0,,,1812772000.0,,,,2005498000.0,,1143071000.0,,,22997000.0,5429296000.0,679791000.0,218774000.0,,1251723000.0,,1888000.0,,74441000.0,3937474000.0,3510107000.0,,1491822000.0,5429296000.0,,25800000.0,8495000.0,,223230000.0,,,59810000.0,,,414327000.0,,,,,,144342000.0,,,-142025000.0,,,-275961000.0,-3659000.0,112693000.0
2019-12-28,8351931000.0,5480161000.0,2871770000.0,,1932572000.0,,743220000.0,,723377000.0,161023000.0,562354000.0,4.7,4.66,119727000.0,120743000.0,84241000.0,,,1602781000.0,109073000.0,,,1787887000.0,,1163956000.0,93200000.0,,24131000.0,5289268000.0,643036000.0,247690000.0,,1247600000.0,,109226000.0,,76361000.0,3722145000.0,3612833000.0,199000.0,1567123000.0,5289268000.0,,31136000.0,6760000.0,,13239000.0,,,23055000.0,,,811716000.0,,,,,0.0,217450000.0,,,-214961000.0,,,-598813000.0,-2058000.0,144377000.0
2020-03-28,1959188000.0,1297939000.0,661249000.0,,497275000.0,,112538000.0,,107489000.0,23712000.0,83777000.0,0.72,0.71,116738000.0,117432000.0,461473000.0,,,1905913000.0,,,,2480239000.0,,1143189000.0,,,25888000.0,6002405000.0,887938000.0,234460000.0,,1494125000.0,,,,80645000.0,4648682000.0,3655761000.0,,1353723000.0,6002405000.0,,6945000.0,1643000.0,,303132000.0,,,244902000.0,,,83932000.0,,,,,,29648000.0,,,-29328000.0,,,322628000.0,377232000.0,1358000.0
2020-06-27,5135515000.0,3317453000.0,1818062000.0,,1153795000.0,,560284000.0,,546797000.0,124342000.0,422455000.0,3.63,3.61,116325000.0,117122000.0,1206366000.0,,,1688508000.0,,,,3030112000.0,,1148225000.0,,,26757000.0,6611075000.0,1003697000.0,270463000.0,,2157054000.0,,,,102213000.0,4915345000.0,3953795000.0,,1695730000.0,6611075000.0,,14449000.0,-13019000.0,,85727000.0,,,360661000.0,,,993138000.0,,,,,,86624000.0,,,-85978000.0,,,214965000.0,1122125000.0,6825000.0
2020-09-26,7742087000.0,4976068000.0,2766019000.0,,1794924000.0,,812461000.0,,791766000.0,178701000.0,613065000.0,5.27,5.23,116339000.0,117745000.0,1111986000.0,,,1915040000.0,,,,3170962000.0,,1178625000.0,,,28941000.0,6860797000.0,1056911000.0,274244000.0,,2132663000.0,,,,118283000.0,4984931000.0,4097863000.0,,1875866000.0,6860797000.0,,27000000.0,-3734000.0,,312259000.0,,,413875000.0,,,1004975000.0,,,,,,161292000.0,,,-160162000.0,,,182932000.0,1027745000.0,191743000.0
2020-12-26,10620352000.0,6858803000.0,3761549000.0,,2478524000.0,,996928000.0,,968147000.0,219189000.0,748958000.0,6.44,6.38,116370000.0,117436000.0,1341756000.0,,,1783270000.0,783643000.0,,,3258685000.0,,1248960000.0,,,30484000.0,7049116000.0,976096000.0,324813000.0,,1743798000.0,,752057000.0,,143154000.0,5125276000.0,4187135000.0,-3243000.0,1923840000.0,7049116000.0,,37273000.0,-31739000.0,,180489000.0,,,333060000.0,,,1394515000.0,,,,,,294002000.0,,,-292210000.0,,,155210000.0,1257515000.0,235319000.0
2021-03-27,2792336000.0,1808556000.0,983780000.0,,693190000.0,,230536000.0,,223315000.0,41961000.0,181354000.0,1.56,1.55,116153000.0,117227000.0,1149930000.0,,,2084677000.0,,,,3380834000.0,,1287004000.0,,,35475000.0,7359679000.0,1181924000.0,377777000.0,,1975925000.0,,,,115481000.0,5507380000.0,4307919000.0,-1118000.0,1852299000.0,7359679000.0,,12318000.0,20158000.0,,301407000.0,,,205828000.0,,,177117000.0,,,,,,100741000.0,,,-100519000.0,,,-268424000.0,,2071000.0
2021-06-26,6393895000.0,4122630000.0,2271265000.0,,1429939000.0,,716419000.0,,702497000.0,151121000.0,551376000.0,4.77,4.73,115643000.0,116659000.0,1412001000.0,,,1992824000.0,,,,3567143000.0,,1333852000.0,,,37571000.0,7687888000.0,1221911000.0,381836000.0,,2083531000.0,,,,120131000.0,5707775000.0,4618045000.0,-798000.0,1980113000.0,7687888000.0,,23200000.0,12814000.0,,209554000.0,,,245815000.0,,,808907000.0,,,,,,216029000.0,,,-215713000.0,,,-522949000.0,,74457000.0
2021-09-25,9411821000.0,6055246000.0,3356575000.0,,2148200000.0,,1013644000.0,,993576000.0,217800000.0,775776000.0,6.74,6.68,115170000.0,116170000.0,1111711000.0,,,2199773000.0,,,,3467861000.0,,1441704000.0,,,38009000.0,7745194000.0,1197813000.0,408887000.0,,2046007000.0,,,,125651000.0,5724441000.0,4783076000.0,-592000.0,2020753000.0,7745194000.0,,35737000.0,14996000.0,,416503000.0,,,221717000.0,,,871837000.0,,,,,,382358000.0,,,-381264000.0,,,-720618000.0,,229122000.0
2021-12-25,12731105000.0,8253952000.0,4477153000.0,,2900297000.0,,1306698000.0,,1280088000.0,282974000.0,997114000.0,8.69,8.61,114794000.0,115824000.0,878030000.0,,,2191192000.0,2437000.0,,,3250440000.0,,1617806000.0,,,55406000.0,7767467000.0,1155630000.0,474412000.0,,2064842000.0,,878735000.0,,105848000.0,5764802000.0,4945243000.0,,2002665000.0,7767467000.0,,47649000.0,29149000.0,,407922000.0,,,179534000.0,,,1138720000.0,,,,,,628431000.0,,,-627340000.0,,,-975106000.0,-463726000.0,291665000.0
2022-03-26,3024132000.0,1967623000.0,1056509000.0,,734577000.0,,244286000.0,,237217000.0,49990000.0,187227000.0,1.66,1.65,112531000.0,113504000.0,405432000.0,,,2568179000.0,,,,3168275000.0,,1655750000.0,,,63168000.0,7686808000.0,1341645000.0,445079000.0,,2199664000.0,,,,106485000.0,5896786000.0,5029003000.0,7338000.0,1790022000.0,7686808000.0,,12316000.0,39924000.0,,376987000.0,,,186015000.0,,,59066000.0,,,,,,112387000.0,,,-112288000.0,,,-419376000.0,,3897000.0
2022-06-25,6927538000.0,4484774000.0,2442764000.0,,1512437000.0,,769321000.0,,755155000.0,171450000.0,583705000.0,5.21,5.17,112060000.0,112911000.0,530822000.0,,,2485138000.0,,,,3230396000.0,,1744556000.0,,,78574000.0,7869194000.0,1280518000.0,470082000.0,,2242178000.0,,,,110490000.0,5955327000.0,5322859000.0,9148000.0,1913867000.0,7869194000.0,,24900000.0,38693000.0,,293946000.0,,,124888000.0,,,625605000.0,,,,,,265308000.0,,,-265130000.0,,,-707683000.0,,36820000.0
2022-09-24,10198342000.0,6589763000.0,3608579000.0,,2284604000.0,,1075733000.0,,1055341000.0,237499000.0,817842000.0,7.32,7.27,111660000.0,112461000.0,211241000.0,,,2678193000.0,,,,3109805000.0,,1843324000.0,,,99281000.0,7911728000.0,1219593000.0,453747000.0,,2095200000.0,,,,113625000.0,5970583000.0,5455134000.0,12298000.0,1941145000.0,7911728000.0,,38531000.0,41977000.0,,487001000.0,,,63963000.0,,,626330000.0,,,,,,451154000.0,,,-450985000.0,,,-842134000.0,,184887000.0
2022-12-31,14204717000.0,9232513000.0,4972204000.0,,3194199000.0,,1434943000.0,,1404310000.0,315598000.0,1088712000.0,9.78,9.71,111336000.0,112149000.0,202502000.0,,,2709597000.0,944331000.0,,,3157775000.0,,2083616000.0,,23100000.0,41536000.0,8489990000.0,1398288000.0,498575000.0,,2376212000.0,,,,120003000.0,6447574000.0,5624352000.0,11275000.0,2042416000.0,8489990000.0,343062000.0,53832000.0,51693000.0,,349742000.0,,,162335000.0,,,1356979000.0,,,,,390765000.0,773369000.0,,,-1093726000.0,,,-938781000.0,-675528000.0,239129000.0
2023-04-01,3299225000.0,2129317000.0,1169908000.0,,828235000.0,,244440000.0,,231760000.0,48672000.0,183088000.0,1.66,1.65,110045000.0,110781000.0,190078000.0,,,3030712000.0,,,,3458921000.0,,2144769000.0,,,41253000.0,8848815000.0,1526540000.0,472742000.0,,2349700000.0,,,,120969000.0,6934269000.0,5693993000.0,9438000.0,1914546000.0,8848815000.0,,14514000.0,45675000.0,,321115000.0,,,128252000.0,,,19554000.0,,,,,,157943000.0,,,-157684000.0,,,125706000.0,,1955000.0
2023-07-01,7483920000.0,4799243000.0,2684677000.0,,1681393000.0,,803772000.0,,778749000.0,174427000.0,604322000.0,5.51,5.47,109735000.0,110411000.0,620031000.0,,,2660052000.0,,,,3577274000.0,,2185476000.0,,,45193000.0,9032823000.0,1272232000.0,464267000.0,,2237464000.0,,,,125670000.0,6945671000.0,6002453000.0,10216000.0,2087152000.0,9032823000.0,,30200000.0,30916000.0,,-34626000.0,,,-126400000.0,,,782321000.0,,,,,,349586000.0,,,-344515000.0,,,-20277000.0,,36226000.0
2023-09-30,10895900000.0,6960744000.0,3935156000.0,,2500704000.0,,1144677000.0,,1110115000.0,250792000.0,859323000.0,7.85,7.81,109415000.0,110055000.0,421693000.0,,,2834247000.0,,,,3534114000.0,,2273646000.0,,,44978000.0,9205014000.0,1412186000.0,454513000.0,,2318796000.0,,,,136285000.0,7093883000.0,6145455000.0,9292000.0,2111131000.0,9205014000.0,,45200000.0,8082000.0,,147521000.0,,,13554000.0,,,937926000.0,,,,,,526723000.0,,,-454612000.0,,,-264123000.0,,215637000.0
2023-12-30,14555741000.0,9327522000.0,5228219000.0,,3356258000.0,,1478912000.0,,1432402000.0,325176000.0,1107226000.0,10.15,10.09,109096000.0,109746000.0,397071000.0,,,2645854000.0,1001753000.0,,,3263939000.0,,2437184000.0,246419000.0,23100000.0,75537000.0,9188151000.0,1179803000.0,533029000.0,,2177082000.0,,,,138065000.0,7038389000.0,6281959000.0,6793000.0,2149762000.0,9188151000.0,393049000.0,57015000.0,6172000.0,,-40872000.0,,,-218829000.0,,,1334033000.0,,,,,0.0,753883000.0,,,-653069000.0,,,-486395000.0,194569000.0,325222000.0
2024-03-30,3394834000.0,2173980000.0,1220854000.0,,853436000.0,,263125000.0,,251223000.0,53056000.0,198167000.0,1.84,1.83,107946000.0,108528000.0,264085000.0,,,3048719000.0,,,,3519484000.0,,2496948000.0,,,80029000.0,9554954000.0,1515681000.0,559688000.0,,2517755000.0,,,,140452000.0,7430943000.0,6361317000.0,6062000.0,2124011000.0,9554954000.0,,14448000.0,9137000.0,,402865000.0,,,335878000.0,,,257408000.0,,,,,,157199000.0,,,-152256000.0,,,-238138000.0,,1775000.0
2024-06-29,7641456000.0,4864976000.0,2776480000.0,,1738338000.0,,824584000.0,,801070000.0,177707000.0,623363000.0,5.78,5.75,107838000.0,108381000.0,394748000.0,,,3000033000.0,,,,3639625000.0,,2566723000.0,,,83500000.0,9784524000.0,1436520000.0,557721000.0,,2544535000.0,,,,139235000.0,7479192000.0,6667975000.0,4680000.0,2305332000.0,9784524000.0,,25124000.0,-10712000.0,,354179000.0,,,256717000.0,,,817343000.0,,,,,,349818000.0,,,-331331000.0,,,-488335000.0,,89875000.0
2024-09-28,11109700000.0,7042773000.0,4066927000.0,,2590637000.0,,1149183000.0,,1111794000.0,246960000.0,864834000.0,8.04,8.0,107614000.0,108147000.0,186294000.0,,,3082519000.0,,,,3483161000.0,,2632895000.0,,,86643000.0,9767897000.0,1349817000.0,551847000.0,,2345709000.0,,,,141926000.0,7479137000.0,6791610000.0,2550000.0,2288760000.0,9767897000.0,,35124000.0,-21212000.0,,436665000.0,,,170014000.0,,,903610000.0,,,,,,538018000.0,,,-460123000.0,,,-654264000.0,,278273000.0
,,,,,,,,,,,,,,,,,,,,,,,,,,,,,,,,,,,,,,,,,,,,,,,,,,,,,,,,,,,,,,,,,,,
,,,,,,,,,,,,,,,,,,,,,,,,,,,,,,,,,,,,,,,,,,,,,,,,,,,,,,,,,,,,,,,,,,,
