Date,Net sales,Cost of sales,Gross margin,Research and development,"Selling, general and administrative",Total operating expenses,Operating income,"Other income/(expense), net",Income before provision for income taxes,Provision for income taxes,Net income,Earnings per share basic,Earnings per share diluted,Weighted-average basic,Weighted-average diluted,Cash and cash equivalents,Short-term marketable securities,"Accounts receivable, net",Inventories,Deferred tax assets,Vendor non-trade receivables,Other current assets,Total current assets,Long-term marketable securities,"Property, Plant and Equipment, Net",Goodwill,"Acquired intangible assets, net","Other Assets, Noncurrent",Total assets,accounts payable,Accrued expenses,Deferred revenue,Total current liabilities,Deferred revenue - non-current,deferred tax liabilities,long term taxes payable,Total other non-current liabilities,Total liabilities,Retained Earnings (Accumulated Deficit),Accumulated other comprehensive (loss)/income,Total shareholders equity,Total liabilities and shareholders' equity,"Depreciation, amortization and accretion",Stock-based compensation expense,Deferred income tax expense,"Increase (Decrease) in Accounts receivable, net",Increase (Decrease) in Inventories,Increase (Decrease) in Other Receivables,Increase (Decrease) in Other Operating Assets,Increase (Decrease) in Accounts Payable,Increase (Decrease) in Deferred Revenue,Increase (Decrease) Other liabilities,Cash generated by operating activities,Purchases of marketable securities,Proceeds from maturities of marketable securities,Proceeds from sales of marketable securities,Purchases of other long-term investments,"Business acquisitions, net of cash acquired",Cash payments for capital asset purchases,Payments for acquisition of intangible assets,Payments for (Proceeds from) Other Investing Activities,Cash used in investing activities,Proceeds from issuance of common stock,Excess tax benefits from stock-based compensation,Cash generated/used in financing activities,Increase/(decrease) in cash and cash equivalents,"Cash paid for income taxes, net"
2009-12-31,13195300000.0,,,,2708600000.0,,841600000.0,,,71300000.0,451300000.0,1.41,1.37,,,876700000.0,,,1193200000.0,,,637200000.0,4827300000.0,,1912800000.0,6606000000.0,5042800000.0,1602100000.0,19991000000.0,1079000000.0,,,3978200000.0,,,,1699700000.0,12785300000.0,4837900000.0,-434300000.0,7101800000.0,19991000000.0,,68300000.0,-32000000.0,,-430800000.0,,-271700000.0,28100000.0,,-530500000.0,1751500000.0,,,,,0.0,204200000.0,,700000.0,-182700000.0,,700000.0,-1208100000.0,326500000.0,71500000.0
2010-03-31,2953400000.0,,,,646600000.0,,133500000.0,,,54000000.0,1400000.0,,,322700000.0,336600000.0,599100000.0,,,1364000000.0,,,684000000.0,4820000000.0,,1855800000.0,6544000000.0,4987300000.0,1509600000.0,19716700000.0,1193900000.0,,,4206400000.0,,,,1663600000.0,12565700000.0,4816900000.0,-500800000.0,7017400000.0,19716700000.0,,19400000.0,,,,,,,,,-52400000.0,,,,,3300000.0,34300000.0,,,-35900000.0,,,-183200000.0,-277600000.0,
2010-09-30,10367400000.0,,,,1975800000.0,,933900000.0,,,189400000.0,430100000.0,1.33,1.27,324700000.0,339000000.0,810700000.0,12000000.0,,1539000000.0,,,666500000.0,5514900000.0,,1786000000.0,6560500000.0,4916100000.0,1457800000.0,20235300000.0,1401300000.0,,,4338100000.0,,,,1645900000.0,12541800000.0,5200300000.0,-393700000.0,7573800000.0,20235300000.0,,46500000.0,,,,,,,,,582500000.0,,,,,5500000.0,117300000.0,,,-110600000.0,,,-490700000.0,-66000000.0,
2010-12-31,14079100000.0,,,244000000.0,2673100000.0,,1247500000.0,,,224800000.0,642200000.0,1.98,1.89,324700000.0,339800000.0,1014300000.0,15500000.0,,1400800000.0,-318600000.0,,610200000.0,5370700000.0,,1776500000.0,6560200000.0,4872900000.0,1410600000.0,19990900000.0,1318600000.0,,,4224900000.0,,,,1601700000.0,11915100000.0,5389400000.0,-325000000.0,7964300000.0,19990900000.0,,46900000.0,81000000.0,,219000000.0,,-169700000.0,251500000.0,,-685600000.0,756300000.0,,,,,14000000.0,179500000.0,,,-179000000.0,,-4200000.0,-403700000.0,137600000.0,117400000.0
2011-03-31,3138000000.0,,,,656300000.0,,231900000.0,,,41500000.0,-77600000.0,-0.23,-0.22,331100000.0,348500000.0,918100000.0,14600000.0,,1578300000.0,,,612500000.0,6355900000.0,,1661900000.0,6236200000.0,4465100000.0,1405400000.0,20124500000.0,1382900000.0,,,4346600000.0,,,,1573600000.0,11905400000.0,5288700000.0,-133900000.0,8108500000.0,20124500000.0,,9700000.0,,,,,,,,,-41700000.0,,,,,2500000.0,40800000.0,,,-39900000.0,,,600000.0,-96200000.0,
2011-12-31,14782000000.0,10493600000.0,,257300000.0,2781200000.0,,860300000.0,,613300000.0,187200000.0,343200000.0,1.06,1.01,324800000.0,339300000.0,1160700000.0,,,1282000000.0,-144300000.0,,593200000.0,5182600000.0,,1640600000.0,6105100000.0,4337100000.0,1488800000.0,18754200000.0,1225200000.0,1607800000.0,,4124500000.0,,,,1494500000.0,11738500000.0,5547800000.0,-553600000.0,6924300000.0,18754200000.0,402700000.0,42600000.0,-74600000.0,,14300000.0,,55000000.0,-29000000.0,,-121700000.0,1230200000.0,,,,,1900000.0,242900000.0,,0.0,163100000.0,,24600000.0,-1246400000.0,146400000.0,189700000.0
2012-03-31,3150700000.0,2249400000.0,,,689600000.0,,212000000.0,,142400000.0,38000000.0,95600000.0,0.32,0.31,299200000.0,312400000.0,1089500000.0,,,1432600000.0,,,615200000.0,5367800000.0,,1640100000.0,6147200000.0,4309300000.0,1446100000.0,18910500000.0,1344200000.0,1548900000.0,,4100400000.0,,,,1454300000.0,11611400000.0,5643200000.0,-388600000.0,7207300000.0,18910500000.0,98000000.0,6900000.0,,,,,,,,,82200000.0,,,,,0.0,52900000.0,,,-49700000.0,,,-41900000.0,-71200000.0,
2012-06-30,6972000000.0,4893400000.0,,,1393200000.0,,689900000.0,,562300000.0,92800000.0,461400000.0,1.52,1.47,309200000.0,314400000.0,903400000.0,,,1475000000.0,,,564800000.0,5371100000.0,,1609100000.0,6051100000.0,4258700000.0,1448700000.0,18738700000.0,1489800000.0,1508800000.0,,3909200000.0,,,,1447000000.0,11352000000.0,5959400000.0,-601900000.0,7295600000.0,18738700000.0,193100000.0,19300000.0,,,,,,,,,305600000.0,,,,,0.0,113800000.0,,,-65800000.0,,,-480300000.0,-257300000.0,
2012-09-30,10564700000.0,7347700000.0,,,2083800000.0,,1137700000.0,,966800000.0,157900000.0,783000000.0,2.56,2.5,307700000.0,312900000.0,929600000.0,,,1462100000.0,,,517000000.0,5229600000.0,,1618600000.0,6112500000.0,4230900000.0,1468700000.0,18660300000.0,1300500000.0,1468800000.0,,4326100000.0,,,,1425400000.0,11130300000.0,6232300000.0,-431700000.0,7445800000.0,18660300000.0,285400000.0,34700000.0,,,,,,,,,735500000.0,,,,,0.0,170900000.0,,,-122100000.0,,,-837400000.0,-231100000.0,
2012-12-31,14034900000.0,9758200000.0,,273600000.0,2776000000.0,,1505200000.0,,1276700000.0,227000000.0,1018600000.0,3.35,3.28,303900000.0,310600000.0,882100000.0,,,1308800000.0,-171900000.0,,284700000.0,4942700000.0,,1652600000.0,6138900000.0,4200900000.0,1557800000.0,18492900000.0,1230200000.0,1460600000.0,,4161300000.0,,,,1417000000.0,11263600000.0,6358700000.0,-521000000.0,7147800000.0,18492900000.0,375500000.0,49800000.0,73900000.0,,29500000.0,,61600000.0,-2500000.0,,-267000000.0,1180900000.0,,,,,0.0,262600000.0,,,-146400000.0,,19600000.0,-1303900000.0,-278600000.0,251300000.0
2013-03-31,3112400000.0,2192100000.0,,,726800000.0,,193500000.0,,125500000.0,23700000.0,88000000.0,0.29,0.29,298900000.0,302500000.0,832900000.0,,,1466300000.0,,,599400000.0,5117400000.0,,1653000000.0,6098300000.0,4163600000.0,1561000000.0,18593300000.0,1330600000.0,1459500000.0,,4170900000.0,,,,1382700000.0,11245800000.0,6445900000.0,-607200000.0,7261000000.0,18593300000.0,94700000.0,21500000.0,,,,,,,,,-8000000.0,,,,,,71400000.0,,,-67200000.0,,,26600000.0,-49200000.0,
2013-06-30,7045100000.0,4870900000.0,,,1497700000.0,,676500000.0,,544300000.0,123400000.0,405200000.0,1.36,1.34,298100000.0,301900000.0,2200500000.0,,,1435000000.0,,,621700000.0,6828500000.0,,1663000000.0,6112600000.0,4127700000.0,1541900000.0,20273700000.0,1475000000.0,1563200000.0,,5146900000.0,,,,1367300000.0,13097500000.0,6701500000.0,-598600000.0,7094100000.0,20273700000.0,188600000.0,40100000.0,,,,,,,,,428800000.0,,,,,,139200000.0,,,-130500000.0,,,1045200000.0,1318400000.0,
2013-09-30,10794500000.0,7375500000.0,,,2254600000.0,,1053000000.0,,823500000.0,219200000.0,571100000.0,1.93,1.91,295900000.0,299800000.0,1083900000.0,,,1447500000.0,,,655200000.0,5629700000.0,,1651700000.0,6061800000.0,4099100000.0,1559700000.0,19002000000.0,1400600000.0,1532900000.0,,3848600000.0,,,,1350600000.0,11815400000.0,6806700000.0,-473000000.0,7094700000.0,19002000000.0,282100000.0,53800000.0,,,,,,,,,951100000.0,,,,,,187600000.0,,,-150500000.0,,,-522300000.0,201800000.0,
2013-12-31,12350500000.0,8675500000.0,,218200000.0,2570000000.0,,1105000000.0,,829600000.0,189000000.0,618800000.0,2.11,2.07,294100000.0,298300000.0,1937200000.0,,,1166100000.0,-517900000.0,,182400000.0,5716700000.0,,1468400000.0,5540600000.0,3922000000.0,1010400000.0,17658100000.0,1163000000.0,1311300000.0,,3408600000.0,,,,1341100000.0,10526800000.0,6794500000.0,-166700000.0,7068900000.0,17658100000.0,333700000.0,71800000.0,29400000.0,,39400000.0,,-68300000.0,141000000.0,,-357200000.0,1170400000.0,,,,,0.0,242200000.0,,,-215400000.0,,19500000.0,346600000.0,1228800000.0,162300000.0
2014-03-31,2722900000.0,1954800000.0,,,613100000.0,,155000000.0,,105200000.0,24500000.0,79000000.0,0.28,0.28,278300000.0,282300000.0,897900000.0,,,1348400000.0,,,198600000.0,4886400000.0,,1468300000.0,5533300000.0,3888700000.0,997300000.0,16774000000.0,1240100000.0,1331600000.0,,3402600000.0,,,,1322900000.0,10424300000.0,6216500000.0,-202500000.0,6285200000.0,16774000000.0,82300000.0,25800000.0,,,,,,,,,-126000000.0,,,,,7000000.0,50500000.0,,,-52200000.0,,,-851600000.0,-1039300000.0,
2014-06-30,6265900000.0,4394800000.0,,,1252800000.0,,618300000.0,,524000000.0,128300000.0,384900000.0,1.4,1.38,274400000.0,278200000.0,929800000.0,,,1388900000.0,,,228600000.0,5326500000.0,,1472700000.0,5527600000.0,3856300000.0,976300000.0,17159400000.0,1478800000.0,1379100000.0,,4254100000.0,,,,1302600000.0,10719300000.0,6266900000.0,-197400000.0,6382300000.0,17159400000.0,168200000.0,38700000.0,,,,,,,,,120100000.0,,,,,6800000.0,92600000.0,,,-64200000.0,,,-1055200000.0,-1007400000.0,
2014-09-30,9650900000.0,6721700000.0,,,1870800000.0,,1058400000.0,,921300000.0,222500000.0,676200000.0,2.48,2.45,272200000.0,275900000.0,936700000.0,,,1419000000.0,,,208800000.0,5170100000.0,,1465700000.0,5447000000.0,3819400000.0,963400000.0,16865600000.0,1380500000.0,1348300000.0,,4130000000.0,,,,1269800000.0,10531900000.0,6351200000.0,-413700000.0,6274100000.0,16865600000.0,250500000.0,51600000.0,,,,,,,,,497600000.0,,,,,9300000.0,150700000.0,,,-121000000.0,,,-1288000000.0,-1000500000.0,
2014-12-31,12891400000.0,8982800000.0,,212300000.0,2503900000.0,,1404700000.0,,1209400000.0,293700000.0,931700000.0,3.44,3.4,270500000.0,274300000.0,1705200000.0,,,1358900000.0,-595800000.0,,225000000.0,5707900000.0,,1477000000.0,5389800000.0,3783900000.0,939900000.0,17298500000.0,1290000000.0,1421900000.0,,3666100000.0,,,,1233000000.0,11253100000.0,6540800000.0,-714300000.0,5987400000.0,17298500000.0,332400000.0,,-23400000.0,,230000000.0,,-83000000.0,157200000.0,,-111600000.0,973200000.0,,,,,10200000.0,233500000.0,,,-197000000.0,,,-859500000.0,-232000000.0,159800000.0
2015-03-31,2887800000.0,2086700000.0,,,630000000.0,,171100000.0,,89600000.0,26900000.0,51300000.0,0.19,0.19,265400000.0,268500000.0,733900000.0,,,1613000000.0,,,271100000.0,5104800000.0,,1564100000.0,5734900000.0,4031300000.0,973900000.0,17409000000.0,1356100000.0,1469500000.0,,3977500000.0,,,,1242800000.0,11622500000.0,6515600000.0,-994600000.0,5724200000.0,17409000000.0,87900000.0,,,,,,,,,,-125200000.0,,,,,941700000.0,55700000.0,,,-993400000.0,,,256800000.0,-971300000.0,
2015-06-30,6488000000.0,4581200000.0,,,1283500000.0,,623300000.0,,508000000.0,358300000.0,130200000.0,0.48,0.48,266500000.0,269400000.0,779600000.0,,,1634500000.0,,,291100000.0,5528600000.0,,1586000000.0,5772500000.0,4008600000.0,991100000.0,17886800000.0,1470900000.0,1947600000.0,,4457700000.0,,,,1234200000.0,11999300000.0,6517600000.0,-933100000.0,5827600000.0,17886800000.0,180700000.0,,,,,,,,,,170000000.0,,,,,941700000.0,115300000.0,,,-1051300000.0,,,49800000.0,-925600000.0,
2015-09-30,9974900000.0,6960600000.0,,,1915600000.0,,1098700000.0,,939800000.0,472100000.0,431100000.0,1.62,1.6,265800000.0,268700000.0,651500000.0,,,1577900000.0,,,684100000.0,5534800000.0,,1579600000.0,5762900000.0,3968900000.0,977900000.0,17824100000.0,1340800000.0,1929500000.0,,4536000000.0,,,,1212600000.0,12027400000.0,6741700000.0,-1035400000.0,5738400000.0,17824100000.0,269200000.0,,,,,,,,,,253000000.0,,,,,952000000.0,173300000.0,,,-1110500000.0,,,-76100000.0,-1053700000.0,
2015-12-31,13300700000.0,9301600000.0,,205900000.0,2541100000.0,,1458000000.0,,1247900000.0,540800000.0,664600000.0,2.51,2.48,265100000.0,267800000.0,736800000.0,,,1410700000.0,1482500000.0,,252700000.0,4609400000.0,,1575100000.0,5730200000.0,3926100000.0,898000000.0,16738800000.0,1249300000.0,1457500000.0,,3648400000.0,,,,1170400000.0,10859600000.0,6897900000.0,-1120900000.0,5816700000.0,16738800000.0,364100000.0,,107800000.0,,6300000.0,,-248800000.0,-41000000.0,,-464400000.0,851100000.0,,,,,961800000.0,249600000.0,,,-1192900000.0,,,-490300000.0,-968400000.0,408600000.0
2016-03-31,2894100000.0,2047000000.0,,,629800000.0,,217300000.0,,170600000.0,41900000.0,152400000.0,0.58,0.58,259400000.0,261300000.0,612900000.0,,,1612700000.0,,,432200000.0,4812900000.0,,1582200000.0,5784400000.0,3903100000.0,869900000.0,16952500000.0,1345800000.0,1476200000.0,,3930100000.0,,,,1142800000.0,11099800000.0,6967300000.0,-978900000.0,5792800000.0,16952500000.0,88000000.0,,,,,,,,,,-12000000.0,,,,,0.0,40100000.0,,,-40100000.0,,,-93800000.0,-123900000.0,
2016-06-30,6582300000.0,4559300000.0,,,1300500000.0,,722500000.0,,1022300000.0,134400000.0,900000000.0,3.47,3.44,259300000.0,261600000.0,928800000.0,,,1601300000.0,,,364900000.0,5393000000.0,,1560800000.0,5763700000.0,3866200000.0,846800000.0,17430500000.0,1500100000.0,1501100000.0,,3767100000.0,,,,1126500000.0,10952500000.0,7631800000.0,-1053900000.0,6414400000.0,17430500000.0,176000000.0,,,,,,,,,,419700000.0,,,,,9200000.0,83000000.0,,,332700000.0,,,-562800000.0,192000000.0,
2016-09-30,10150100000.0,6978000000.0,,,1945900000.0,,1226200000.0,,1473200000.0,217600000.0,1277400000.0,4.93,4.89,259200000.0,261800000.0,1504600000.0,,,1556000000.0,,,222500000.0,5714500000.0,,1548900000.0,5769100000.0,3835200000.0,852200000.0,17719900000.0,1392400000.0,1511100000.0,,3703400000.0,,,,1146300000.0,10888800000.0,7926200000.0,-1033400000.0,6764100000.0,17719900000.0,264700000.0,,,,,,,,,,1102400000.0,,,,,9200000.0,127500000.0,,,288400000.0,,,-631600000.0,767800000.0,
2016-12-31,13508900000.0,9329300000.0,,207900000.0,2606500000.0,,1573100000.0,,1741300000.0,281500000.0,1476200000.0,5.7,5.65,259200000.0,261700000.0,1714700000.0,,,1385800000.0,1413600000.0,,255800000.0,5579300000.0,,1511000000.0,5658400000.0,3785100000.0,863600000.0,17397400000.0,1334000000.0,1425700000.0,,3590300000.0,,,,1138000000.0,10679100000.0,8018800000.0,-1290500000.0,6643800000.0,17397400000.0,352200000.0,,-33800000.0,,-26800000.0,,24500000.0,103600000.0,,-43100000.0,1500200000.0,,,,,9200000.0,182700000.0,,,240100000.0,,,-705200000.0,977900000.0,334300000.0
2017-03-31,3000600000.0,2126100000.0,,,659500000.0,,215000000.0,,156300000.0,28700000.0,117100000.0,0.45,0.45,259400000.0,262600000.0,1322500000.0,,,1599700000.0,,,,5414000000.0,,1497700000.0,5694100000.0,3758000000.0,895700000.0,17259500000.0,1378500000.0,1456200000.0,,3534100000.0,,,,1129400000.0,10605600000.0,8047500000.0,-1169900000.0,6583800000.0,17259500000.0,86700000.0,,,,,,,,,,-43400000.0,,,,,9800000.0,35200000.0,,,-44600000.0,,,-341500000.0,-392200000.0,
2017-06-30,6909000000.0,4779200000.0,,,1357200000.0,,772600000.0,,648300000.0,166800000.0,475700000.0,1.84,1.82,257900000.0,261100000.0,1310100000.0,,,1604500000.0,,,,5855000000.0,,1509600000.0,5779400000.0,3750600000.0,878900000.0,17773500000.0,1599200000.0,1533500000.0,,3903500000.0,,,,1124200000.0,10979500000.0,8303200000.0,-993700000.0,6721600000.0,17773500000.0,174100000.0,,,,,,,,,,405500000.0,,,,,39900000.0,79500000.0,,,-118900000.0,,,-766900000.0,-404600000.0,
2017-09-30,10579500000.0,7269100000.0,,,2031700000.0,,1278700000.0,,1092900000.0,243200000.0,842700000.0,3.29,3.24,256400000.0,259700000.0,1259000000.0,,,1661100000.0,,,,5813900000.0,,1529000000.0,5851200000.0,3740900000.0,787800000.0,17722800000.0,1487900000.0,1622000000.0,,4688600000.0,,,,1022700000.0,10878400000.0,8556300000.0,-876900000.0,6776200000.0,17722800000.0,261900000.0,,,,,,,,,,873200000.0,,,,,60300000.0,149900000.0,,,-206400000.0,,,-1222500000.0,-455700000.0,
2017-12-31,14197600000.0,9811600000.0,,210800000.0,2720700000.0,,1665300000.0,,1417900000.0,80200000.0,1302600000.0,5.11,5.05,254900000.0,258100000.0,1549400000.0,,,1555400000.0,921600000.0,,536900000.0,6119100000.0,,1551300000.0,5935700000.0,3742900000.0,824300000.0,18173300000.0,1556100000.0,1655200000.0,,4828000000.0,,,,1138600000.0,10966400000.0,8903200000.0,-778800000.0,7140300000.0,18173300000.0,353300000.0,,-117400000.0,,112400000.0,,206800000.0,167200000.0,,228200000.0,1523500000.0,,,,,157600000.0,221300000.0,,,-374700000.0,,,-1432500000.0,-165300000.0,286700000.0
2018-03-31,3384500000.0,2420200000.0,,,720900000.0,,243400000.0,,166500000.0,33000000.0,120400000.0,0.48,0.48,250400000.0,253000000.0,1175100000.0,,,1778800000.0,,,601600000.0,6071500000.0,,1611300000.0,6118900000.0,3756300000.0,807100000.0,18365100000.0,1666100000.0,1685000000.0,,4320700000.0,,,,1125300000.0,11224700000.0,8904400000.0,-626700000.0,7080700000.0,18365100000.0,93400000.0,,,,,,,,,,-66200000.0,,,,,201600000.0,52800000.0,,,-257700000.0,,,-96400000.0,-374300000.0,
2018-06-30,7742200000.0,5384300000.0,,,1474200000.0,,883700000.0,,753000000.0,161000000.0,568500000.0,2.28,2.26,248900000.0,251600000.0,969500000.0,,,1733300000.0,,,512000000.0,6161700000.0,,1646800000.0,6001100000.0,3704900000.0,863400000.0,18377900000.0,1832100000.0,1892600000.0,,4752700000.0,,,,1079500000.0,11554200000.0,9109900000.0,-904600000.0,6787100000.0,18377900000.0,187800000.0,,,,,,,,,,377700000.0,,,,,281500000.0,163400000.0,,,-444900000.0,,,-491400000.0,-579900000.0,
2018-09-30,11773100000.0,8102600000.0,,,2199800000.0,,1470700000.0,,1283000000.0,159900000.0,1083600000.0,4.37,4.32,248100000.0,250900000.0,1022500000.0,,,1821400000.0,,,486600000.0,6082600000.0,,1673400000.0,5989000000.0,3679700000.0,879800000.0,18304500000.0,1748700000.0,1720300000.0,,4324000000.0,,,,1079900000.0,10961300000.0,9624800000.0,-919800000.0,7308100000.0,18304500000.0,273000000.0,,,,,,,,,,897400000.0,,,,,281500000.0,251200000.0,,,-520600000.0,,,-868900000.0,-526900000.0,
2018-12-31,15668200000.0,10847600000.0,,,2903200000.0,,1917400000.0,,1660300000.0,281300000.0,1337600000.0,5.41,5.35,247200000.0,250100000.0,903400000.0,,,1677800000.0,980900000.0,,471600000.0,5732000000.0,,1730800000.0,5959500000.0,3634700000.0,857900000.0,17914900000.0,1705300000.0,1728200000.0,,4315700000.0,,,,1062400000.0,10850100000.0,9439800000.0,-964100000.0,7022700000.0,17914900000.0,361500000.0,,-143800000.0,,169900000.0,,-35300000.0,120700000.0,,62400000.0,1407800000.0,,,,,285200000.0,365600000.0,,,-629400000.0,,,-1378800000.0,-646000000.0,375400000.0
2019-03-31,3575900000.0,2517300000.0,,,740100000.0,,318500000.0,,248800000.0,43000000.0,199900000.0,0.82,0.82,242500000.0,245200000.0,1907400000.0,,,1983700000.0,,,,7084700000.0,,1738400000.0,5968600000.0,3608500000.0,1380800000.0,19781000000.0,1800100000.0,1950600000.0,,4488500000.0,,,,1424600000.0,12858200000.0,9298300000.0,-958600000.0,6885800000.0,19781000000.0,89300000.0,,,,,,,,,,-52600000.0,,,,,22000000.0,60800000.0,,-6400000.0,-76400000.0,,,1130100000.0,1004000000.0,
2019-06-30,8103700000.0,5611400000.0,,,1523300000.0,,969000000.0,,838000000.0,-166300000.0,656000000.0,2.71,2.68,242300000.0,245000000.0,875600000.0,,,1950500000.0,,,417100000.0,6351500000.0,,1794100000.0,6859600000.0,4230300000.0,1432100000.0,20667600000.0,1889900000.0,2028800000.0,,5180200000.0,,,,1471900000.0,13494700000.0,9497200000.0,-939200000.0,7130500000.0,20667600000.0,186900000.0,,,,,,,,,,393700000.0,,,,,1477600000.0,116700000.0,,-7000000.0,-1587300000.0,,,1159300000.0,-27800000.0,
2019-09-30,12448000000.0,8547200000.0,,,2308600000.0,,1592200000.0,,1389900000.0,-279200000.0,1114800000.0,4.6,4.55,242100000.0,244800000.0,830900000.0,,,1890600000.0,,,412700000.0,6103100000.0,,1779100000.0,6712800000.0,4174400000.0,1537500000.0,20306900000.0,1758800000.0,1881000000.0,,4776100000.0,,,,1484700000.0,13027800000.0,9762700000.0,-1069800000.0,7237600000.0,20306900000.0,291800000.0,,,,,,,,,,1053100000.0,,,,,1536800000.0,186200000.0,,-9000000.0,-1714000000.0,,,614600000.0,-72500000.0,
2019-12-31,16598900000.0,11451500000.0,,237000000.0,3129800000.0,,2017600000.0,,1741600000.0,353700000.0,1410900000.0,5.84,5.77,241600000.0,244400000.0,1303600000.0,,,1712200000.0,1138900000.0,,403300000.0,6217200000.0,,1806200000.0,6783100000.0,4148800000.0,1537000000.0,20492300000.0,1809200000.0,1853000000.0,,4861900000.0,,,,1491200000.0,13179900000.0,9730800000.0,-1006600000.0,7267600000.0,20492300000.0,397400000.0,66400000.0,16800000.0,,-18400000.0,,229500000.0,80600000.0,,124100000.0,1919500000.0,,,,,1539700000.0,254100000.0,,10000000.0,-1780000000.0,,,270500000.0,400200000.0,425300000.0
2020-03-31,2641300000.0,1898800000.0,,,588100000.0,,154400000.0,,103800000.0,51000000.0,-29200000.0,-0.12,-0.12,239500000.0,242300000.0,2647700000.0,,,1463700000.0,,,356600000.0,6559800000.0,,1326200000.0,5082300000.0,3289000000.0,1378300000.0,17635600000.0,1446700000.0,1528400000.0,,4240800000.0,,,,1410800000.0,11845800000.0,8127900000.0,-926000000.0,5772600000.0,17635600000.0,75000000.0,29000000.0,,,,,,,,,-327600000.0,,,,,,34700000.0,,0.0,-40500000.0,,,1769400000.0,1369100000.0,
2020-06-30,5780100000.0,4059300000.0,,,1142900000.0,,577900000.0,12100000.0,465600000.0,134500000.0,238800000.0,1.0,0.99,240000000.0,242300000.0,2366800000.0,,,1353000000.0,,,308500000.0,6344700000.0,,1314700000.0,5090700000.0,3257300000.0,1216200000.0,17223600000.0,1368200000.0,1449600000.0,,3829200000.0,,,,1226800000.0,11264100000.0,8222100000.0,-876100000.0,5936900000.0,17223600000.0,149200000.0,45500000.0,,,,,,,,,-122400000.0,,,,,2500000.0,59600000.0,,-1800000.0,-108800000.0,,,1334600000.0,1088200000.0,
2020-09-30,9275600000.0,6420100000.0,,,1710700000.0,,1144800000.0,7600000.0,965600000.0,224400000.0,610200000.0,2.54,2.51,240400000.0,243700000.0,3190100000.0,,,1229200000.0,,,241600000.0,6973500000.0,,1314100000.0,5144300000.0,3233000000.0,1274500000.0,17939400000.0,1458800000.0,1515200000.0,,4170100000.0,,,,1281400000.0,11558400000.0,8489300000.0,-761000000.0,6366700000.0,17939400000.0,223700000.0,57500000.0,,,,,,,,,808100000.0,,,,,2500000.0,89100000.0,,-1300000.0,-138800000.0,,,1230900000.0,1911500000.0,
2020-12-31,12454700000.0,8651300000.0,,165000000.0,2270600000.0,,1532800000.0,4100000.0,1288200000.0,296800000.0,854900000.0,3.56,3.52,240100000.0,243100000.0,3289900000.0,,,1189200000.0,934100000.0,,224400000.0,6905600000.0,,1349500000.0,5342800000.0,3286400000.0,1272400000.0,18156700000.0,1520200000.0,1592000000.0,,4338900000.0,,,,1291100000.0,11729600000.0,8495300000.0,-631500000.0,6407700000.0,18156700000.0,294300000.0,69500000.0,22200000.0,,-109000000.0,,-29700000.0,75800000.0,,123300000.0,1435000000.0,,,,,182800000.0,146200000.0,,-1200000.0,-376200000.0,,,884300000.0,2011300000.0,151600000.0
2021-03-31,3017600000.0,2064400000.0,,,600000000.0,,353200000.0,-7200000.0,285300000.0,48400000.0,235200000.0,0.98,0.97,239400000.0,243100000.0,2838000000.0,,,1373100000.0,,,251600000.0,6622100000.0,,1327700000.0,5311200000.0,3256900000.0,1306900000.0,17824800000.0,1608900000.0,1721500000.0,,4174600000.0,,,,1269900000.0,11512000000.0,8452300000.0,-699800000.0,6296700000.0,17824800000.0,76000000.0,24700000.0,,,,,,,,,260100000.0,,,,,12800000.0,43900000.0,,57000000.0,-113700000.0,,,-554900000.0,-451900000.0,
2021-06-30,6847300000.0,4623400000.0,,,1219700000.0,,1004200000.0,-6900000.0,877300000.0,171200000.0,699900000.0,2.92,2.88,239900000.0,243400000.0,2912400000.0,,,1386300000.0,,,294300000.0,7125100000.0,,1324900000.0,5334100000.0,3227400000.0,1357900000.0,18369400000.0,1833200000.0,1793500000.0,,4512900000.0,,,,1295300000.0,11896700000.0,8566200000.0,-652200000.0,6457300000.0,18369400000.0,150800000.0,39500000.0,,,,,,,,,750600000.0,,,,,12800000.0,77500000.0,,71800000.0,-162100000.0,,,-937600000.0,-377500000.0,
2021-09-30,10567100000.0,7139000000.0,,,1840500000.0,,1587600000.0,-13800000.0,1396100000.0,268000000.0,1105600000.0,4.62,4.55,239200000.0,242800000.0,2738800000.0,,,1482800000.0,,,337500000.0,6991400000.0,,1336700000.0,5310100000.0,3198400000.0,1365600000.0,18202200000.0,1757800000.0,1742900000.0,,4313500000.0,,,,1334300000.0,11714500000.0,8626500000.0,-709200000.0,6475100000.0,18202200000.0,223000000.0,52200000.0,,,,,,,,,1161200000.0,,,,,18000000.0,121600000.0,,69200000.0,-208800000.0,,,-1465000000.0,-551100000.0,
2021-12-31,14136400000.0,,,193500000.0,2446300000.0,,2023300000.0,1100000.0,1790700000.0,333500000.0,1423400000.0,5.96,5.87,238700000.0,242300000.0,2159200000.0,,,1530800000.0,881500000.0,,351500000.0,6470900000.0,,1398800000.0,5504800000.0,3305600000.0,1379700000.0,18059800000.0,1787300000.0,2069900000.0,,4752400000.0,,,,1150200000.0,11786700000.0,8353200000.0,-637600000.0,6255900000.0,18059800000.0,299400000.0,66500000.0,-25200000.0,,348800000.0,,153800000.0,275300000.0,,249600000.0,1588300000.0,,,,,269200000.0,223000000.0,,68600000.0,-545700000.0,,,-2127600000.0,-1130700000.0,356900000.0
2022-03-31,3355500000.0,2366500000.0,,,600800000.0,,388200000.0,-700000.0,331500000.0,61100000.0,260200000.0,1.11,1.1,234600000.0,237100000.0,,,,1872300000.0,,,380000000.0,6030500000.0,,1422200000.0,5496400000.0,3271300000.0,1416500000.0,17636900000.0,1931600000.0,1907300000.0,,4594400000.0,,,,1165800000.0,11620400000.0,8098700000.0,-639000000.0,5998600000.0,17636900000.0,77300000.0,21400000.0,,,,,,,,,-188200000.0,,,,,,74800000.0,,8300000.0,-83300000.0,,,-534600000.0,-810800000.0,
2022-06-30,7545900000.0,5233500000.0,,,1213600000.0,,1098800000.0,-2300000.0,984600000.0,197700000.0,769500000.0,3.29,3.26,234200000.0,236400000.0,,,,1886900000.0,,,389900000.0,6125200000.0,,1425900000.0,5456600000.0,3282500000.0,1390600000.0,17680800000.0,2000200000.0,2121400000.0,,5630300000.0,,,,1150800000.0,11941500000.0,8003700000.0,-829100000.0,5723500000.0,17680800000.0,157100000.0,35300000.0,,,,,,,,,233500000.0,,,,,109600000.0,143900000.0,,4600000.0,-258700000.0,,,-1001600000.0,-1069000000.0,
2022-09-30,11917900000.0,8172600000.0,,,1907000000.0,,1838300000.0,-21000000.0,1649700000.0,302400000.0,1317400000.0,5.64,5.59,233400000.0,235700000.0,,,,1949200000.0,,,402300000.0,6299100000.0,,1432100000.0,5370300000.0,3241100000.0,1397200000.0,17739800000.0,2061300000.0,1956400000.0,,5545500000.0,,,,1168400000.0,11871400000.0,8320400000.0,-997500000.0,5858300000.0,17739800000.0,241000000.0,46000000.0,,,,,,,,,743700000.0,,,,,109600000.0,202800000.0,,12800000.0,-325800000.0,,,-1413000000.0,-1079000000.0,
2022-12-31,15991700000.0,,,211200000.0,2545900000.0,,2418900000.0,-23300000.0,2172100000.0,375900000.0,1756500000.0,7.55,7.48,232600000.0,234900000.0,1220500000.0,,,1993800000.0,754300000.0,,384800000.0,6379200000.0,,1536100000.0,5503700000.0,3264000000.0,1398600000.0,18081600000.0,2091600000.0,2006000000.0,,5686800000.0,,,,1154200000.0,11976400000.0,8320900000.0,-766200000.0,6088600000.0,18081600000.0,323600000.0,56300000.0,67800000.0,,466700000.0,,116800000.0,317900000.0,,60900000.0,1504000000.0,,,,,234700000.0,291800000.0,,23000000.0,-540400000.0,,,-1852200000.0,-938700000.0,321300000.0
2023-03-31,3665800000.0,2522300000.0,,,686700000.0,,456800000.0,-9400000.0,389800000.0,73200000.0,307100000.0,1.34,1.33,229300000.0,231500000.0,,,,2343700000.0,,,432200000.0,6074800000.0,,1582300000.0,5522600000.0,3231400000.0,1486300000.0,17897400000.0,1962600000.0,2165600000.0,,4831400000.0,,,,1218700000.0,11843100000.0,8202300000.0,-699300000.0,6036100000.0,17897400000.0,79800000.0,24400000.0,,,,,,,,,8500000.0,,,,,,77100000.0,,13900000.0,-91000000.0,,,-459200000.0,-527600000.0,
2023-06-30,8370600000.0,5642700000.0,,,1385700000.0,,1342200000.0,-66800000.0,1156200000.0,242800000.0,893300000.0,3.9,3.87,228900000.0,230900000.0,,,,2355800000.0,,,455800000.0,6675000000.0,,1654700000.0,5747500000.0,3388900000.0,1440400000.0,18906500000.0,2176900000.0,2442300000.0,,5593200000.0,,,,1185500000.0,12629300000.0,8445400000.0,-743400000.0,6258800000.0,18906500000.0,168200000.0,40500000.0,,,,,,,,,532500000.0,,,,,506200000.0,134000000.0,,6800000.0,-647000000.0,,,-436400000.0,-556900000.0,
2023-09-30,13253500000.0,8867600000.0,,,2179500000.0,,2206400000.0,-76800000.0,1952500000.0,400200000.0,1519600000.0,6.64,6.58,228800000.0,230900000.0,,,,2191800000.0,,,432600000.0,6726900000.0,,1683800000.0,5719100000.0,3337700000.0,1435700000.0,18903200000.0,2093300000.0,2258000000.0,,5214200000.0,,,,1191100000.0,12202800000.0,8970900000.0,-822000000.0,6681800000.0,18903200000.0,260200000.0,53900000.0,,,,,,,,,1454800000.0,,,,,510200000.0,217200000.0,,8700000.0,-736100000.0,,,-952100000.0,-260500000.0,
2023-12-31,17677600000.0,,,252300000.0,2963200000.0,,2894000000.0,-92200000.0,2567300000.0,498400000.0,2023900000.0,8.85,8.77,228600000.0,230700000.0,1095300000.0,,,2152100000.0,745500000.0,,665700000.0,6869900000.0,,1772200000.0,6095300000.0,3439800000.0,1214700000.0,19391900000.0,2025200000.0,2634700000.0,,6053500000.0,,,,1042900000.0,12374900000.0,9133700000.0,-670800000.0,6995200000.0,19391900000.0,348100000.0,64300000.0,-53500000.0,,96400000.0,,152300000.0,-125300000.0,,411300000.0,2389600000.0,,,,,862800000.0,300700000.0,,17900000.0,-1172200000.0,,,-1350300000.0,-125200000.0,523600000.0
2024-03-31,4215500000.0,2755600000.0,,,826100000.0,,633800000.0,-25000000.0,550700000.0,105500000.0,436300000.0,1.92,1.9,227400000.0,229500000.0,,,,2382700000.0,,,714800000.0,6887200000.0,,1788300000.0,6059700000.0,3390900000.0,1215100000.0,19341200000.0,2008300000.0,2758800000.0,,6101900000.0,,,,1069700000.0,12430400000.0,9104200000.0,-746300000.0,6889700000.0,19341200000.0,91500000.0,19800000.0,,,,,,,,,247200000.0,,,,,,83800000.0,,-2100000.0,-81700000.0,,,-386700000.0,-245400000.0,
2024-06-30,9523000000.0,6127600000.0,,,1727400000.0,,1668000000.0,-29200000.0,1523300000.0,311300000.0,1191600000.0,5.25,5.2,227000000.0,229100000.0,,,,2203500000.0,,,751400000.0,7714000000.0,,1827800000.0,6057700000.0,3351600000.0,1248100000.0,20199200000.0,2180100000.0,2964700000.0,,6592400000.0,,,,1033700000.0,13231600000.0,9194700000.0,-778400000.0,6947300000.0,20199200000.0,187700000.0,43300000.0,,,,,,,,,943100000.0,,,,,5200000.0,156700000.0,,14700000.0,-626600000.0,,,-504300000.0,-220700000.0,
2024-09-30,14964200000.0,9594500000.0,,,2677200000.0,,2692500000.0,-22800000.0,2491200000.0,492300000.0,1963600000.0,8.67,8.59,226600000.0,228800000.0,,,,2033400000.0,,,745300000.0,8099700000.0,,1906600000.0,6214300000.0,3364600000.0,1318500000.0,20903700000.0,2194800000.0,2863700000.0,,6628900000.0,,,,1089600000.0,13289400000.0,9697600000.0,-636400000.0,7591500000.0,20903700000.0,282700000.0,63600000.0,,,,,,,,,2245700000.0,,,,,179600000.0,245000000.0,,12000000.0,-886600000.0,,,-990200000.0,374700000.0,
