Date,Net sales,Cost of sales,Gross margin,Research and development,"Selling, general and administrative",Total operating expenses,Operating income,"Other income/(expense), net",Income before provision for income taxes,Provision for income taxes,Net income,Earnings per share basic,Earnings per share diluted,Weighted-average basic,Weighted-average diluted,Cash and cash equivalents,Short-term marketable securities,"Accounts receivable, net",Inventories,Deferred tax assets,Vendor non-trade receivables,Other current assets,Total current assets,Long-term marketable securities,"Property, Plant and Equipment, Net",Goodwill,"Acquired intangible assets, net","Other Assets, Noncurrent",Total assets,accounts payable,Accrued expenses,Deferred revenue,Total current liabilities,Deferred revenue - non-current,deferred tax liabilities,long term taxes payable,Total other non-current liabilities,Total liabilities,Retained Earnings (Accumulated Deficit),Accumulated other comprehensive (loss)/income,Total shareholders equity,Total liabilities and shareholders' equity,"Depreciation, amortization and accretion",Stock-based compensation expense,Deferred income tax expense,"Increase (Decrease) in Accounts receivable, net",Increase (Decrease) in Inventories,Increase (Decrease) in Other Receivables,Increase (Decrease) in Other Operating Assets,Increase (Decrease) in Accounts Payable,Increase (Decrease) in Deferred Revenue,Increase (Decrease) Other liabilities,Cash generated by operating activities,Purchases of marketable securities,Proceeds from maturities of marketable securities,Proceeds from sales of marketable securities,Purchases of other long-term investments,"Business acquisitions, net of cash acquired",Cash payments for capital asset purchases,Payments for acquisition of intangible assets,Payments for (Proceeds from) Other Investing Activities,Cash used in investing activities,Proceeds from issuance of common stock,Excess tax benefits from stock-based compensation,Cash generated/used in financing activities,Increase/(decrease) in cash and cash equivalents,"Cash paid for income taxes, net"
2009-12-31,10427000000.0,5428000000.0,4999000000.0,1476000000.0,1320000000.0,,1991000000.0,,2017000000.0,547000000.0,1470000000.0,1.16,1.15,1260000000.0,1269000000.0,1182000000.0,,1277000000.0,1202000000.0,546000000.0,,,6114000000.0,,3158000000.0,926000000.0,124000000.0,51000000.0,12119000000.0,503000000.0,841000000.0,,1587000000.0,,67000000.0,,,2397000000.0,22066000000.0,-621000000.0,9722000000.0,12119000000.0,,186000000.0,146000000.0,-364000000.0,177000000.0,,,,,,2643000000.0,9000000.0,,64000000.0,,155000000.0,753000000.0,,,-1096000000.0,,1000000.0,-1411000000.0,136000000.0,
2010-03-31,3205000000.0,1516000000.0,1689000000.0,370000000.0,359000000.0,,950000000.0,,957000000.0,299000000.0,658000000.0,0.53,0.52,1233000000.0,1246000000.0,1217000000.0,,1526000000.0,1276000000.0,556000000.0,,,6323000000.0,,3162000000.0,926000000.0,111000000.0,41000000.0,12370000000.0,556000000.0,756000000.0,,1719000000.0,,68000000.0,,,2565000000.0,22573000000.0,-627000000.0,9805000000.0,12370000000.0,,47000000.0,-11000000.0,-251000000.0,-74000000.0,,,,,,710000000.0,2000000.0,,1000000.0,,0.0,219000000.0,,,-51000000.0,,,-624000000.0,35000000.0,
2010-09-30,10441000000.0,4819000000.0,5622000000.0,1178000000.0,1129000000.0,,3284000000.0,,3303000000.0,1017000000.0,2286000000.0,1.87,1.85,1208.0,1221.0,1093000000.0,,1754000000.0,1424000000.0,601000000.0,,,6468000000.0,,3456000000.0,926000000.0,86000000.0,47000000.0,12649000000.0,623000000.0,965000000.0,,1838000000.0,,82000000.0,,,2687000000.0,23907000000.0,-644000000.0,9962000000.0,12649000000.0,,143000000.0,-45000000.0,-468000000.0,-213000000.0,,,,,,2590000000.0,6000000.0,,90000000.0,,59000000.0,898000000.0,,,-509000000.0,,3000000.0,-2170000000.0,-89000000.0,
2010-12-31,13966000000.0,6474000000.0,7492000000.0,1570000000.0,1519000000.0,,4514000000.0,,4551000000.0,1323000000.0,3228000000.0,2.66,2.62,1199000000.0,1213000000.0,1319000000.0,,1518000000.0,1520000000.0,1611000000.0,,,7060000000.0,,3680000000.0,924000000.0,76000000.0,45000000.0,13401000000.0,621000000.0,622000000.0,,1981000000.0,,86000000.0,,,2964000000.0,24695000000.0,-701000000.0,10437000000.0,13401000000.0,,190000000.0,-188000000.0,-231000000.0,-304000000.0,,,,,,3820000000.0,8000000.0,,147000000.0,,199000000.0,1199000000.0,,,-1057000000.0,,13000000.0,-2626000000.0,137000000.0,1470000000.0
2011-03-31,3392000000.0,1664000000.0,1728000000.0,422000000.0,396000000.0,,908000000.0,,918000000.0,252000000.0,666000000.0,0.56,0.55,1167.0,1194.0,1343000000.0,,1568000000.0,1678000000.0,771000000.0,,,7044000000.0,,3657000000.0,924000000.0,69000000.0,47000000.0,13310000000.0,605000000.0,593000000.0,,1793000000.0,,82000000.0,,,2736000000.0,25206000000.0,-702000000.0,10574000000.0,13310000000.0,,57000000.0,31000000.0,-44000000.0,-158000000.0,,,,,,516000000.0,1000000.0,,19000000.0,,,194000000.0,,,63000000.0,,19000000.0,-555000000.0,24000000.0,
2011-12-31,13735000000.0,6963000000.0,6772000000.0,1715000000.0,1638000000.0,,2992000000.0,,2955000000.0,719000000.0,2236000000.0,1.91,1.88,1151000000.0,1171000000.0,992000000.0,,1545000000.0,1788000000.0,888000000.0,,,7828000000.0,,4428000000.0,4452000000.0,2900000000.0,57000000.0,20497000000.0,625000000.0,795000000.0,,3499000000.0,,607000000.0,,,9545000000.0,26278000000.0,-776000000.0,10952000000.0,20497000000.0,,269000000.0,-119000000.0,-112000000.0,17000000.0,,,,,,3256000000.0,6000000.0,,157000000.0,,5425000000.0,816000000.0,,,-6172000000.0,,31000000.0,2589000000.0,-327000000.0,902000000.0
2012-03-31,3121000000.0,1590000000.0,1531000000.0,509000000.0,462000000.0,,397000000.0,,362000000.0,97000000.0,265000000.0,0.23,0.22,1143000000.0,1165000000.0,1193000000.0,,1478000000.0,1853000000.0,1192000000.0,,,7591000000.0,,4278000000.0,4452000000.0,2815000000.0,94000000.0,20009000000.0,589000000.0,754000000.0,,2909000000.0,,622000000.0,,,8938000000.0,26345000000.0,-742000000.0,11071000000.0,20009000000.0,,69000000.0,-4000000.0,-63000000.0,91000000.0,,,,,,449000000.0,,,,,,103000000.0,,,270000000.0,,18000000.0,-518000000.0,201000000.0,
2012-06-30,6456000000.0,3274000000.0,3182000000.0,989000000.0,918000000.0,,995000000.0,,937000000.0,226000000.0,711000000.0,0.61,0.6,1142000000.0,1159000000.0,1192000000.0,,1629000000.0,1885000000.0,1155000000.0,,,7353000000.0,,4174000000.0,4452000000.0,2729000000.0,93000000.0,19521000000.0,555000000.0,711000000.0,,3821000000.0,,596000000.0,,,8363000000.0,26592000000.0,-741000000.0,11158000000.0,19521000000.0,,133000000.0,17000000.0,88000000.0,123000000.0,,,,,,1124000000.0,,,,,,249000000.0,,,591000000.0,,23000000.0,-1515000000.0,200000000.0,
2012-09-30,9846000000.0,4924000000.0,4922000000.0,1452000000.0,1372000000.0,,1834000000.0,,1780000000.0,285000000.0,1495000000.0,1.29,1.27,1138000000.0,1153000000.0,1210000000.0,,1623000000.0,1848000000.0,1043000000.0,,,8584000000.0,,4055000000.0,4452000000.0,2643000000.0,161000000.0,20514000000.0,501000000.0,766000000.0,,3425000000.0,,596000000.0,,,9111000000.0,27179000000.0,-617000000.0,11403000000.0,20514000000.0,,199000000.0,136000000.0,70000000.0,86000000.0,,,,,,2326000000.0,,,,,0.0,399000000.0,,,-850000000.0,,26000000.0,-1258000000.0,218000000.0,
2012-12-31,12825000000.0,6457000000.0,6368000000.0,1877000000.0,1804000000.0,,1973000000.0,,1935000000.0,176000000.0,1759000000.0,1.53,1.51,1132000000.0,1146000000.0,1416000000.0,,1230000000.0,1757000000.0,750000000.0,,,8230000000.0,,3912000000.0,4362000000.0,2558000000.0,254000000.0,20021000000.0,444000000.0,881000000.0,,3430000000.0,,572000000.0,,,9060000000.0,27205000000.0,-699000000.0,10961000000.0,20021000000.0,,263000000.0,65000000.0,-311000000.0,-5000000.0,,,,,,3414000000.0,,,,,0.0,495000000.0,,,-1039000000.0,,38000000.0,-1951000000.0,424000000.0,171000000.0
2013-03-31,2885000000.0,1511000000.0,1374000000.0,419000000.0,459000000.0,,395000000.0,,374000000.0,12000000.0,362000000.0,0.32,0.32,1107000000.0,1123000000.0,1393000000.0,,1333000000.0,1700000000.0,1051000000.0,,,8205000000.0,,3739000000.0,4362000000.0,2473000000.0,223000000.0,19701000000.0,440000000.0,694000000.0,,3110000000.0,,598000000.0,,,8749000000.0,27330000000.0,-650000000.0,10952000000.0,19701000000.0,,75000000.0,15000000.0,112000000.0,-57000000.0,,,,,,360000000.0,,,,,,84000000.0,,,22000000.0,,52000000.0,-405000000.0,-23000000.0,
2013-06-30,5932000000.0,2988000000.0,2944000000.0,808000000.0,931000000.0,,1301000000.0,,1256000000.0,234000000.0,1022000000.0,0.91,0.9,1105000000.0,1120000000.0,1180000000.0,,1491000000.0,1720000000.0,1070000000.0,,,8038000000.0,,3611000000.0,4362000000.0,2388000000.0,278000000.0,19398000000.0,437000000.0,682000000.0,,2802000000.0,,584000000.0,,,8330000000.0,27677000000.0,-590000000.0,11068000000.0,19398000000.0,,150000000.0,-39000000.0,272000000.0,-37000000.0,,,,,,1035000000.0,,,,,,182000000.0,,,331000000.0,,63000000.0,-1602000000.0,-236000000.0,
2013-09-30,9177000000.0,4453000000.0,4724000000.0,1176000000.0,1397000000.0,,2145000000.0,,2072000000.0,421000000.0,1651000000.0,1.47,1.45,1102000000.0,1117000000.0,1435000000.0,,1524000000.0,1726000000.0,1039000000.0,,,8101000000.0,,3509000000.0,4362000000.0,2305000000.0,272000000.0,19244000000.0,426000000.0,691000000.0,,2723000000.0,,564000000.0,,,8193000000.0,27993000000.0,-572000000.0,11051000000.0,19244000000.0,,221000000.0,-9000000.0,302000000.0,-31000000.0,,,,,,2185000000.0,,,,,,305000000.0,,,120000000.0,,72000000.0,-2286000000.0,19000000.0,
2013-12-31,12205000000.0,5841000000.0,6364000000.0,1522000000.0,1858000000.0,,2832000000.0,,2754000000.0,592000000.0,2162000000.0,1.94,1.91,1098000000.0,1113000000.0,1627000000.0,,1203000000.0,1731000000.0,51000000.0,,,8019000000.0,,3399000000.0,4362000000.0,2223000000.0,264000000.0,18938000000.0,422000000.0,651000000.0,,2747000000.0,,548000000.0,,,8131000000.0,28173000000.0,-528000000.0,10807000000.0,18938000000.0,,287000000.0,50000000.0,-16000000.0,-26000000.0,,,,,,3384000000.0,,,,,0.0,412000000.0,,-46000000.0,-3000000.0,,80000000.0,-3170000000.0,211000000.0,569000000.0
2014-03-31,2983000000.0,1376000000.0,1607000000.0,366000000.0,479000000.0,,690000000.0,,671000000.0,184000000.0,487000000.0,0.44,0.44,1081000000.0,1096000000.0,1565000000.0,,1355000000.0,1714000000.0,383000000.0,,,8360000000.0,,3179000000.0,4362000000.0,2142000000.0,240000000.0,18935000000.0,405000000.0,600000000.0,,2471000000.0,,536000000.0,,,8315000000.0,28331000000.0,-520000000.0,10620000000.0,18935000000.0,,78000000.0,0.0,149000000.0,-17000000.0,,,,,,462000000.0,,,,,,77000000.0,,-1000000.0,-305000000.0,,49000000.0,-219000000.0,-62000000.0,
2014-06-30,6275000000.0,2787000000.0,3488000000.0,715000000.0,951000000.0,,1672000000.0,,1632000000.0,462000000.0,1170000000.0,1.07,1.06,1076000000.0,1091000000.0,1216000000.0,,1527000000.0,1744000000.0,389000000.0,,,7456000000.0,,3044000000.0,4362000000.0,2062000000.0,246000000.0,17810000000.0,402000000.0,552000000.0,,1803000000.0,,484000000.0,,,7344000000.0,28686000000.0,-512000000.0,10466000000.0,17810000000.0,,155000000.0,-57000000.0,314000000.0,13000000.0,,,,,,1237000000.0,,,,,,157000000.0,,-1000000.0,497000000.0,,64000000.0,-2145000000.0,-411000000.0,
2014-09-30,9776000000.0,4244000000.0,5532000000.0,1047000000.0,1414000000.0,,2847000000.0,,2787000000.0,791000000.0,1996000000.0,1.84,1.81,1070000000.0,1085000000.0,1306000000.0,,1477000000.0,1751000000.0,378000000.0,,,7756000000.0,,2930000000.0,4362000000.0,1982000000.0,246000000.0,17900000000.0,393000000.0,527000000.0,,2643000000.0,,450000000.0,,,7429000000.0,29189000000.0,-468000000.0,10471000000.0,17900000000.0,,217000000.0,-84000000.0,272000000.0,20000000.0,,,,,,2620000000.0,,,,,,260000000.0,,-7000000.0,114000000.0,,75000000.0,-3055000000.0,-321000000.0,
2014-12-31,13045000000.0,5618000000.0,7427000000.0,1358000000.0,1843000000.0,,3947000000.0,,3874000000.0,1053000000.0,2821000000.0,2.61,2.57,1065000000.0,1080000000.0,1199000000.0,,1246000000.0,1784000000.0,116000000.0,,,7768000000.0,,2840000000.0,4362000000.0,1902000000.0,244000000.0,17722000000.0,437000000.0,498000000.0,,2662000000.0,,399000000.0,,,7332000000.0,29653000000.0,-532000000.0,10390000000.0,17722000000.0,,277000000.0,-61000000.0,49000000.0,53000000.0,,,,,,3892000000.0,,,,,,385000000.0,,-7000000.0,-377000000.0,,100000000.0,-3943000000.0,-428000000.0,1104000000.0
2015-03-31,3150000000.0,1334000000.0,1816000000.0,338000000.0,439000000.0,,958000000.0,,940000000.0,284000000.0,656000000.0,0.62,0.61,1046000000.0,1061000000.0,1242000000.0,,1394000000.0,1844000000.0,340000000.0,,,7692000000.0,,2758000000.0,4362000000.0,,105000000.0,17346000000.0,432000000.0,426000000.0,,2286000000.0,,403000000.0,,,6977000000.0,29948000000.0,-531000000.0,10369000000.0,17346000000.0,,78000000.0,1000000.0,154000000.0,60000000.0,,,,,,609000000.0,,,,,,123000000.0,,0.0,158000000.0,,56000000.0,-724000000.0,43000000.0,
2015-06-30,6382000000.0,2685000000.0,3697000000.0,658000000.0,909000000.0,,1968000000.0,,1929000000.0,577000000.0,1352000000.0,1.28,1.26,1042000000.0,1056000000.0,1184000000.0,,1434000000.0,1885000000.0,347000000.0,,,8060000000.0,,2685000000.0,4362000000.0,,96000000.0,17532000000.0,417000000.0,425000000.0,,3193000000.0,,355000000.0,,,7327000000.0,30286000000.0,-514000000.0,10205000000.0,17532000000.0,,162000000.0,-56000000.0,194000000.0,101000000.0,,,,,,1429000000.0,,,,,,248000000.0,,-1000000.0,-16000000.0,,64000000.0,-1428000000.0,-15000000.0,
2015-09-30,9811000000.0,4117000000.0,5694000000.0,974000000.0,1343000000.0,,3132000000.0,,3077000000.0,927000000.0,2150000000.0,2.05,2.02,1036000000.0,1049000000.0,1133000000.0,,1481000000.0,1771000000.0,357000000.0,,,7289000000.0,,2629000000.0,4362000000.0,,92000000.0,16540000000.0,367000000.0,431000000.0,,2500000000.0,,308000000.0,,,6570000000.0,30731000000.0,-513000000.0,9970000000.0,16540000000.0,,228000000.0,-106000000.0,241000000.0,-13000000.0,,,,,,2838000000.0,,,,,,387000000.0,,-8000000.0,373000000.0,,68000000.0,-3277000000.0,-66000000.0,
2015-12-31,13000000000.0,5440000000.0,7560000000.0,1280000000.0,1748000000.0,,4274000000.0,,4216000000.0,1230000000.0,2986000000.0,2.86,2.82,1030000000.0,1043000000.0,1000000000.0,,1165000000.0,1691000000.0,164000000.0,,,7074000000.0,,2596000000.0,4362000000.0,,62000000.0,16230000000.0,386000000.0,410000000.0,,2555000000.0,,37000000.0,,,6284000000.0,31176000000.0,-532000000.0,9946000000.0,16230000000.0,,286000000.0,-55000000.0,-77000000.0,-93000000.0,,,,,,4268000000.0,,,,,,551000000.0,,-14000000.0,-302000000.0,,83000000.0,-4165000000.0,-199000000.0,1167000000.0
2016-03-31,3008000000.0,1184000000.0,1824000000.0,326000000.0,448000000.0,,968000000.0,,950000000.0,282000000.0,668000000.0,0.65,0.65,1007000000.0,1018000000.0,1281000000.0,,1269000000.0,1805000000.0,,,,6659000000.0,,2554000000.0,4362000000.0,,76000000.0,15686000000.0,387000000.0,377000000.0,,2420000000.0,,38000000.0,,,5904000000.0,31457000000.0,-531000000.0,9782000000.0,15686000000.0,,72000000.0,24000000.0,100000000.0,114000000.0,,,,,,547000000.0,,,,,,124000000.0,,3000000.0,573000000.0,,43000000.0,-839000000.0,281000000.0,
2016-06-30,6281000000.0,2454000000.0,3827000000.0,671000000.0,908000000.0,,2085000000.0,,2052000000.0,605000000.0,1447000000.0,1.42,1.4,1005000000.0,1017000000.0,1235000000.0,,1348000000.0,1876000000.0,,,,6689000000.0,,2557000000.0,4362000000.0,,69000000.0,15693000000.0,416000000.0,387000000.0,,1991000000.0,,40000000.0,,,5731000000.0,31850000000.0,-536000000.0,9962000000.0,15693000000.0,,148000000.0,-35000000.0,176000000.0,185000000.0,,,,,,1616000000.0,,,,,,282000000.0,,-3000000.0,638000000.0,,82000000.0,-2019000000.0,235000000.0,
2016-09-30,9956000000.0,3849000000.0,6107000000.0,1027000000.0,1356000000.0,,3480000000.0,,3433000000.0,1018000000.0,2415000000.0,2.37,2.34,1004000000.0,1017000000.0,1369000000.0,,1447000000.0,1808000000.0,,,,7181000000.0,,2545000000.0,4362000000.0,,82000000.0,16216000000.0,428000000.0,393000000.0,,2170000000.0,,35000000.0,,,5930000000.0,32432000000.0,-542000000.0,10286000000.0,16216000000.0,,204000000.0,-160000000.0,274000000.0,117000000.0,,,,,,3029000000.0,,,,,,421000000.0,,-2000000.0,35000000.0,,129000000.0,-2695000000.0,369000000.0,
2016-12-31,13370000000.0,5130000000.0,8240000000.0,1370000000.0,1767000000.0,,4799000000.0,,4930000000.0,1335000000.0,3595000000.0,3.54,3.48,1003000000.0,1021000000.0,1154000000.0,,1267000000.0,1790000000.0,341000000.0,,,7457000000.0,,2512000000.0,4362000000.0,,79000000.0,16431000000.0,396000000.0,444000000.0,,2264000000.0,,33000000.0,,,5958000000.0,33107000000.0,-526000000.0,10473000000.0,16431000000.0,,252000000.0,-202000000.0,108000000.0,99000000.0,,,,,,4614000000.0,,,,,,531000000.0,,6000000.0,-650000000.0,,150000000.0,-3810000000.0,154000000.0,1150000000.0
2017-03-31,3402000000.0,1258000000.0,2144000000.0,369000000.0,439000000.0,,1252000000.0,,1255000000.0,258000000.0,997000000.0,0.99,0.97,998000000.0,1019000000.0,1073000000.0,,1337000000.0,1843000000.0,,,,7040000000.0,,2501000000.0,4362000000.0,,71000000.0,15978000000.0,429000000.0,366000000.0,,1602000000.0,,36000000.0,,,5339000000.0,33595000000.0,-527000000.0,10639000000.0,15978000000.0,,68000000.0,9000000.0,68000000.0,53000000.0,,,,,,795000000.0,,,,,,127000000.0,,9000000.0,267000000.0,,,-1143000000.0,-81000000.0,
2017-06-30,7095000000.0,2577000000.0,4518000000.0,747000000.0,873000000.0,,2732000000.0,,2741000000.0,688000000.0,2053000000.0,2.04,2.0,996000000.0,1017000000.0,1140000000.0,,1469000000.0,1947000000.0,,,,7511000000.0,,2514000000.0,4362000000.0,,71000000.0,16438000000.0,450000000.0,353000000.0,,1877000000.0,,33000000.0,,,5730000000.0,34149000000.0,-520000000.0,10708000000.0,16438000000.0,,143000000.0,-45000000.0,200000000.0,157000000.0,,,,,,1712000000.0,,,,,,278000000.0,,1000000.0,259000000.0,,,-1985000000.0,-14000000.0,
2017-09-30,11211000000.0,4037000000.0,7174000000.0,1122000000.0,1285000000.0,,4520000000.0,,4530000000.0,1192000000.0,3338000000.0,3.33,3.26,993000000.0,1014000000.0,1296000000.0,,1576000000.0,1908000000.0,,,,7991000000.0,,2567000000.0,4362000000.0,,89000000.0,16929000000.0,430000000.0,417000000.0,,2055000000.0,,38000000.0,,,5941000000.0,34935000000.0,-505000000.0,10988000000.0,16929000000.0,,197000000.0,-47000000.0,306000000.0,118000000.0,,,,,,3434000000.0,,,,,,464000000.0,,5000000.0,-229000000.0,,,-3063000000.0,142000000.0,
2017-12-31,14961000000.0,5347000000.0,9614000000.0,1508000000.0,1694000000.0,,6083000000.0,,6080000000.0,2398000000.0,3682000000.0,3.68,3.61,991000000.0,1012000000.0,1656000000.0,,1278000000.0,1957000000.0,186000000.0,,,8734000000.0,,2664000000.0,4362000000.0,,86000000.0,17642000000.0,466000000.0,442000000.0,,2258000000.0,,78000000.0,,1303000000.0,7305000000.0,34662000000.0,-384000000.0,10337000000.0,17642000000.0,,242000000.0,112000000.0,7000000.0,167000000.0,,,,,,5363000000.0,,,,,,695000000.0,,12000000.0,-1127000000.0,,,-3734000000.0,502000000.0,1800000000.0
2018-03-31,3789000000.0,1342000000.0,2447000000.0,385000000.0,433000000.0,,1548000000.0,,1553000000.0,187000000.0,1366000000.0,1.38,1.35,983000000.0,1005000000.0,1717000000.0,,1454000000.0,2032000000.0,,,,8590000000.0,,2736000000.0,4362000000.0,,147000000.0,17507000000.0,488000000.0,395000000.0,,1860000000.0,,53000000.0,,1282000000.0,6865000000.0,35619000000.0,-392000000.0,10642000000.0,17507000000.0,,70000000.0,-31000000.0,176000000.0,97000000.0,,,,,,1112000000.0,,,,,,189000000.0,,4000000.0,266000000.0,,,-1317000000.0,61000000.0,
2018-06-30,7806000000.0,2740000000.0,5066000000.0,769000000.0,874000000.0,,3260000000.0,,3259000000.0,488000000.0,2771000000.0,2.8,2.75,980000000.0,1001000000.0,2919000000.0,,1551000000.0,2090000000.0,,,,9592000000.0,,2855000000.0,4362000000.0,,149000000.0,18527000000.0,492000000.0,382000000.0,,1466000000.0,,50000000.0,,1229000000.0,7893000000.0,36413000000.0,-371000000.0,10634000000.0,18527000000.0,,144000000.0,-30000000.0,273000000.0,155000000.0,,,,,,2938000000.0,,,,,,438000000.0,,-2000000.0,185000000.0,,,-1860000000.0,1263000000.0,
2018-09-30,12067000000.0,4197000000.0,7870000000.0,1159000000.0,1270000000.0,,5197000000.0,,5183000000.0,842000000.0,4341000000.0,4.41,4.32,976000000.0,997000000.0,1502000000.0,,1585000000.0,2116000000.0,,,,9468000000.0,,3051000000.0,4362000000.0,,150000000.0,18573000000.0,492000000.0,424000000.0,,2382000000.0,,43000000.0,,1228000000.0,8057000000.0,37378000000.0,-354000000.0,10516000000.0,18573000000.0,,190000000.0,-82000000.0,307000000.0,181000000.0,,,,,,5044000000.0,,,,,,808000000.0,,12000000.0,-1583000000.0,,,-3615000000.0,-154000000.0,
2018-12-31,15784000000.0,5507000000.0,10277000000.0,1559000000.0,1684000000.0,,6713000000.0,,6686000000.0,1106000000.0,5580000000.0,5.71,5.59,970000000.0,990000000.0,2438000000.0,,1207000000.0,2217000000.0,253000000.0,,,8097000000.0,,3183000000.0,4362000000.0,,140000000.0,17137000000.0,478000000.0,420000000.0,,2474000000.0,,42000000.0,,1190000000.0,8143000000.0,37906000000.0,-473000000.0,8994000000.0,17137000000.0,,232000000.0,-105000000.0,-71000000.0,282000000.0,,,,,,7189000000.0,,,,,,1131000000.0,,23000000.0,-78000000.0,,,-6329000000.0,782000000.0,705000000.0
2019-03-31,3594000000.0,1333000000.0,2261000000.0,389000000.0,414000000.0,,1379000000.0,,1377000000.0,160000000.0,1217000000.0,1.29,1.26,939000000.0,956000000.0,3720000000.0,,1440000000.0,2131000000.0,,,,7951000000.0,,3318000000.0,4362000000.0,,498000000.0,17443000000.0,477000000.0,477000000.0,,2159000000.0,,43000000.0,,1545000000.0,8924000000.0,38396000000.0,-465000000.0,8519000000.0,17443000000.0,,61000000.0,4000000.0,233000000.0,-86000000.0,,,,,,1107000000.0,,,,,,251000000.0,,13000000.0,1173000000.0,,,-998000000.0,1282000000.0,
2019-06-30,7262000000.0,2641000000.0,4621000000.0,779000000.0,834000000.0,,2885000000.0,,2891000000.0,369000000.0,2522000000.0,2.67,2.63,938000000.0,954000000.0,3813000000.0,,1419000000.0,2079000000.0,,,,7956000000.0,,3365000000.0,4362000000.0,,479000000.0,17384000000.0,412000000.0,422000000.0,,2646000000.0,,49000000.0,,1524000000.0,8898000000.0,38974000000.0,-457000000.0,8486000000.0,17384000000.0,,128000000.0,35000000.0,212000000.0,-138000000.0,,,,,,2903000000.0,,,,,,535000000.0,,-24000000.0,915000000.0,,,-2443000000.0,1375000000.0,
2019-09-30,11033000000.0,3966000000.0,7067000000.0,1158000000.0,1233000000.0,,4474000000.0,,4471000000.0,524000000.0,3947000000.0,4.19,4.12,937000000.0,953000000.0,3893000000.0,,1342000000.0,2040000000.0,,,,8713000000.0,,3318000000.0,4362000000.0,,471000000.0,17992000000.0,397000000.0,444000000.0,,2007000000.0,,,,1526000000.0,9007000000.0,39674000000.0,-443000000.0,8985000000.0,17992000000.0,,176000000.0,31000000.0,135000000.0,-177000000.0,,,,,,4895000000.0,,,,,,684000000.0,,-25000000.0,1000000.0,,,-3441000000.0,1455000000.0,
2019-12-31,14383000000.0,5219000000.0,9164000000.0,1544000000.0,1645000000.0,,5723000000.0,,5728000000.0,711000000.0,5017000000.0,5.33,5.24,936000000.0,952000000.0,2437000000.0,,1074000000.0,2001000000.0,119000000.0,,,8761000000.0,,3303000000.0,4362000000.0,,468000000.0,18018000000.0,388000000.0,475000000.0,,2123000000.0,,78000000.0,,1514000000.0,9111000000.0,39898000000.0,-347000000.0,8907000000.0,18018000000.0,,217000000.0,81000000.0,-133000000.0,-216000000.0,,,,,,6649000000.0,,,,,,847000000.0,,-32000000.0,-1920000000.0,,,-4730000000.0,-1000000.0,570000000.0
2020-03-31,3329000000.0,1241000000.0,2088000000.0,377000000.0,417000000.0,,1244000000.0,,1224000000.0,50000000.0,1174000000.0,1.25,1.24,931000000.0,943000000.0,2518000000.0,,1316000000.0,2003000000.0,,,,8310000000.0,,3233000000.0,4362000000.0,,493000000.0,17283000000.0,363000000.0,552000000.0,,2381000000.0,,,,1510000000.0,9549000000.0,40227000000.0,-328000000.0,7734000000.0,17283000000.0,,63000000.0,-34000000.0,242000000.0,2000000.0,,,,,,851000000.0,,,,,,161000000.0,,5000000.0,826000000.0,,,-1596000000.0,81000000.0,
2020-06-30,6568000000.0,2398000000.0,4170000000.0,756000000.0,818000000.0,,2472000000.0,,2503000000.0,-101000000.0,2554000000.0,2.75,2.72,923000000.0,935000000.0,4294000000.0,,1176000000.0,2136000000.0,,,,8488000000.0,,3201000000.0,4362000000.0,,518000000.0,17445000000.0,409000000.0,519000000.0,,2163000000.0,,,,1234000000.0,9801000000.0,40780000000.0,-334000000.0,7644000000.0,17445000000.0,,132000000.0,-64000000.0,102000000.0,135000000.0,,,,,,2571000000.0,,,,,,291000000.0,,0.0,2263000000.0,,,-2977000000.0,1857000000.0,
2020-09-30,10385000000.0,3762000000.0,6623000000.0,1142000000.0,1225000000.0,,4081000000.0,,4090000000.0,234000000.0,3907000000.0,4.22,4.17,921000000.0,933000000.0,2822000000.0,,1392000000.0,2072000000.0,,,,9259000000.0,,3190000000.0,4362000000.0,,501000000.0,18207000000.0,411000000.0,524000000.0,,2185000000.0,,,,1278000000.0,9882000000.0,41305000000.0,-335000000.0,8325000000.0,18207000000.0,,182000000.0,-115000000.0,318000000.0,71000000.0,,,,,,4014000000.0,,,,,,437000000.0,,15000000.0,74000000.0,,,-3703000000.0,385000000.0,
2020-12-31,14461000000.0,5192000000.0,9269000000.0,1530000000.0,1623000000.0,,5894000000.0,,6017000000.0,422000000.0,5595000000.0,6.05,5.97,921000000.0,933000000.0,3107000000.0,,1414000000.0,1955000000.0,253000000.0,,,10239000000.0,,3269000000.0,4362000000.0,,569000000.0,19351000000.0,415000000.0,524000000.0,,2390000000.0,,,,1305000000.0,10164000000.0,42051000000.0,-360000000.0,9187000000.0,19351000000.0,,224000000.0,-137000000.0,340000000.0,-46000000.0,,,,,,6139000000.0,,,,,,649000000.0,,36000000.0,-922000000.0,,,-4547000000.0,670000000.0,720000000.0
2021-03-31,4289000000.0,1492000000.0,2797000000.0,386000000.0,425000000.0,,1939000000.0,,1939000000.0,186000000.0,1753000000.0,1.89,1.87,922000000.0,935000000.0,2442000000.0,,1584000000.0,1890000000.0,,,,10405000000.0,,3431000000.0,4362000000.0,,657000000.0,19639000000.0,567000000.0,467000000.0,,1700000000.0,,,,1305000000.0,9473000000.0,42860000000.0,-347000000.0,10166000000.0,19639000000.0,,61000000.0,8000000.0,170000000.0,-65000000.0,,,,,,1850000000.0,,,,,,308000000.0,,20000000.0,-1109000000.0,,,-1406000000.0,-665000000.0,
2021-06-30,8869000000.0,2995000000.0,5874000000.0,777000000.0,850000000.0,,4152000000.0,,4181000000.0,497000000.0,3684000000.0,3.98,3.92,923000000.0,937000000.0,3649000000.0,,1591000000.0,1856000000.0,,,,11177000000.0,,3678000000.0,4362000000.0,,650000000.0,20603000000.0,587000000.0,477000000.0,,2201000000.0,,,,1279000000.0,9450000000.0,43846000000.0,-323000000.0,11153000000.0,20603000000.0,,130000000.0,7000000.0,177000000.0,-105000000.0,,,,,,3971000000.0,,,,,,900000000.0,,13000000.0,-982000000.0,,,-2447000000.0,542000000.0,
2021-09-30,13512000000.0,4486000000.0,9026000000.0,1165000000.0,1262000000.0,,6457000000.0,,6456000000.0,825000000.0,5631000000.0,6.08,5.99,923000000.0,936000000.0,5663000000.0,,1653000000.0,1863000000.0,,,,13585000000.0,,4021000000.0,4362000000.0,,647000000.0,23273000000.0,596000000.0,551000000.0,,2413000000.0,,,,1255000000.0,11122000000.0,44847000000.0,-313000000.0,12151000000.0,23273000000.0,,180000000.0,19000000.0,239000000.0,-92000000.0,,,,,,6399000000.0,,,,,,1180000000.0,,36000000.0,-1866000000.0,,,-1977000000.0,2556000000.0,
2021-12-31,18344000000.0,5968000000.0,12376000000.0,1554000000.0,1666000000.0,,8960000000.0,,8919000000.0,1150000000.0,7769000000.0,8.38,8.26,923000000.0,936000000.0,4631000000.0,,1701000000.0,1910000000.0,176000000.0,,,13685000000.0,,5141000000.0,4362000000.0,,748000000.0,24676000000.0,653000000.0,520000000.0,,2569000000.0,,,,1367000000.0,11343000000.0,45919000000.0,-157000000.0,13333000000.0,24676000000.0,,230000000.0,15000000.0,287000000.0,-45000000.0,,,,,,8756000000.0,,,,,,2462000000.0,,62000000.0,-4095000000.0,,,-3137000000.0,1524000000.0,1200000000.0
2022-03-31,4905000000.0,1463000000.0,3442000000.0,391000000.0,422000000.0,,2563000000.0,,2526000000.0,325000000.0,2201000000.0,2.37,2.35,923000000.0,934000000.0,3505000000.0,,1795000000.0,2060000000.0,,,,14010000000.0,,5439000000.0,4362000000.0,,718000000.0,25276000000.0,641000000.0,596000000.0,,2528000000.0,,,,1314000000.0,11259000000.0,47053000000.0,-153000000.0,14017000000.0,25276000000.0,,74000000.0,-1000000.0,94000000.0,150000000.0,,,,,,2144000000.0,,,,,,443000000.0,,13000000.0,-1668000000.0,,,-1602000000.0,-1126000000.0,
2022-06-30,10117000000.0,3050000000.0,7067000000.0,805000000.0,844000000.0,,5286000000.0,,5207000000.0,715000000.0,4492000000.0,4.85,4.8,922000000.0,932000000.0,3802000000.0,,2190000000.0,2199000000.0,,,,13043000000.0,,5931000000.0,4362000000.0,,716000000.0,24723000000.0,712000000.0,714000000.0,,2560000000.0,,,,1165000000.0,10631000000.0,48280000000.0,-180000000.0,14092000000.0,24723000000.0,,159000000.0,-15000000.0,489000000.0,289000000.0,,,,,,3912000000.0,,,,,,1040000000.0,,-69000000.0,-443000000.0,,,-4298000000.0,-829000000.0,
2022-09-30,15358000000.0,4674000000.0,10684000000.0,1236000000.0,1275000000.0,,7964000000.0,,7865000000.0,1078000000.0,6787000000.0,7.35,7.27,919000000.0,929000000.0,3169000000.0,,2040000000.0,2404000000.0,,,,13772000000.0,,6485000000.0,4362000000.0,,799000000.0,26057000000.0,780000000.0,734000000.0,,2798000000.0,,,,1153000000.0,11550000000.0,49519000000.0,-154000000.0,14507000000.0,26057000000.0,,227000000.0,-18000000.0,339000000.0,494000000.0,,,,,,6678000000.0,,,,,,1830000000.0,,-59000000.0,-2556000000.0,,,-5584000000.0,-1462000000.0,
2022-12-31,20028000000.0,6257000000.0,13771000000.0,1670000000.0,1704000000.0,,10140000000.0,,10032000000.0,1283000000.0,8749000000.0,9.51,9.41,916000000.0,926000000.0,3050000000.0,,1895000000.0,2757000000.0,407000000.0,,,14021000000.0,,6876000000.0,4362000000.0,,1135000000.0,27207000000.0,851000000.0,646000000.0,,2985000000.0,,,,1226000000.0,12630000000.0,50353000000.0,-254000000.0,14577000000.0,27207000000.0,,289000000.0,-191000000.0,194000000.0,847000000.0,,,,,,8720000000.0,,,,,,2797000000.0,,-37000000.0,-3583000000.0,,,-6718000000.0,-1581000000.0,1480000000.0
2023-03-31,4379000000.0,1516000000.0,2863000000.0,455000000.0,474000000.0,,1934000000.0,,1946000000.0,238000000.0,1708000000.0,1.87,1.85,907000000.0,916000000.0,4477000000.0,,1877000000.0,3288000000.0,,,,15023000000.0,,7665000000.0,4362000000.0,,1355000000.0,29220000000.0,952000000.0,686000000.0,,2904000000.0,,,,1251000000.0,13977000000.0,50930000000.0,-252000000.0,15243000000.0,29220000000.0,,104000000.0,-8000000.0,-18000000.0,531000000.0,,,,,,1160000000.0,,,,,,982000000.0,,4000000.0,28000000.0,,,239000000.0,1427000000.0,
2023-06-30,8910000000.0,3137000000.0,5773000000.0,932000000.0,935000000.0,,3906000000.0,,3948000000.0,518000000.0,3430000000.0,3.76,3.72,908000000.0,916000000.0,3439000000.0,,1956000000.0,3729000000.0,,,,15514000000.0,,8525000000.0,4362000000.0,,1675000000.0,30939000000.0,923000000.0,807000000.0,,2711000000.0,,,,1172000000.0,14999000000.0,51522000000.0,-246000000.0,15940000000.0,30939000000.0,,215000000.0,-60000000.0,61000000.0,972000000.0,,,,,,2559000000.0,,,,,,2428000000.0,,-38000000.0,-2357000000.0,,,187000000.0,389000000.0,
2023-09-30,13442000000.0,4854000000.0,8588000000.0,1403000000.0,1387000000.0,,5798000000.0,,5870000000.0,731000000.0,5139000000.0,5.63,5.58,908000000.0,916000000.0,2566000000.0,,1976000000.0,3908000000.0,,,,15097000000.0,,9320000000.0,4362000000.0,,1923000000.0,31638000000.0,713000000.0,824000000.0,,2652000000.0,,,,1226000000.0,15007000000.0,52098000000.0,-235000000.0,16631000000.0,31638000000.0,,294000000.0,-159000000.0,81000000.0,1151000000.0,,,,,,4496000000.0,,,,,,3923000000.0,,-33000000.0,-4051000000.0,,,-929000000.0,-484000000.0,
2023-12-31,17519000000.0,6500000000.0,11019000000.0,1863000000.0,1825000000.0,,7331000000.0,,7418000000.0,908000000.0,6510000000.0,7.13,7.07,908000000.0,916000000.0,2964000000.0,,1787000000.0,3999000000.0,694000000.0,,,15122000000.0,,9999000000.0,4362000000.0,,1712000000.0,32348000000.0,802000000.0,911000000.0,,3320000000.0,,,,1336000000.0,15451000000.0,52283000000.0,-205000000.0,16897000000.0,32348000000.0,,362000000.0,-299000000.0,-108000000.0,1242000000.0,,,,,,6420000000.0,,,,,,5071000000.0,,-24000000.0,-4362000000.0,,,-2144000000.0,-86000000.0,1350000000.0
2024-03-31,3661000000.0,1566000000.0,2095000000.0,478000000.0,455000000.0,,1286000000.0,,1293000000.0,188000000.0,1105000000.0,1.21,1.2,910000000.0,917000000.0,2483000000.0,,1671000000.0,4083000000.0,,,,17448000000.0,,10442000000.0,4362000000.0,,1412000000.0,34885000000.0,551000000.0,876000000.0,,3553000000.0,,,,1343000000.0,17902000000.0,52199000000.0,-203000000.0,16983000000.0,34885000000.0,,106000000.0,-71000000.0,-116000000.0,84000000.0,,,,,,1017000000.0,,,,,,1248000000.0,,40000000.0,-3329000000.0,,,1831000000.0,-481000000.0,
2024-06-30,7483000000.0,3177000000.0,4306000000.0,976000000.0,920000000.0,,2534000000.0,,2540000000.0,308000000.0,2232000000.0,2.44,2.42,912000000.0,919000000.0,2740000000.0,,1711000000.0,4106000000.0,,,,16789000000.0,,11174000000.0,4362000000.0,,1421000000.0,35048000000.0,858000000.0,983000000.0,,3637000000.0,,,,1187000000.0,17834000000.0,52135000000.0,-200000000.0,17214000000.0,35048000000.0,,222000000.0,-156000000.0,-76000000.0,107000000.0,,,,,,2588000000.0,,,,,,2312000000.0,,10000000.0,-3329000000.0,,,517000000.0,-224000000.0,
2024-09-30,11634000000.0,4854000000.0,6780000000.0,1468000000.0,1348000000.0,,4088000000.0,,4094000000.0,500000000.0,3594000000.0,3.92,3.89,913000000.0,920000000.0,2589000000.0,,1862000000.0,4296000000.0,,,,15872000000.0,,11802000000.0,4362000000.0,,1931000000.0,35321000000.0,794000000.0,1014000000.0,,3686000000.0,,,,1352000000.0,18053000000.0,52304000000.0,-195000000.0,17268000000.0,35321000000.0,,309000000.0,-189000000.0,75000000.0,297000000.0,,,,,,4320000000.0,,,,,,3628000000.0,,36000000.0,-3816000000.0,,,-879000000.0,-375000000.0,
,,,,,,,,,,,,,,,,,,,,,,,,,,,,,,,,,,,,,,,,,,,,,,,,,,,,,,,,,,,,,,,,,,,
,,,,,,,,,,,,,,,,,,,,,,,,,,,,,,,,,,,,,,,,,,,,,,,,,,,,,,,,,,,,,,,,,,,
