Date,Net sales,Cost of sales,Gross margin,Research and development,"Selling, general and administrative",Total operating expenses,Operating income,"Other income/(expense), net",Income before provision for income taxes,Provision for income taxes,Net income,Earnings per share basic,Earnings per share diluted,Weighted-average basic,Weighted-average diluted,Cash and cash equivalents,Short-term marketable securities,"Accounts receivable, net",Inventories,Deferred tax assets,Vendor non-trade receivables,Other current assets,Total current assets,Long-term marketable securities,"Property, Plant and Equipment, Net",Goodwill,"Acquired intangible assets, net","Other Assets, Noncurrent",Total assets,accounts payable,Accrued expenses,Deferred revenue,Total current liabilities,Deferred revenue - non-current,deferred tax liabilities,long term taxes payable,Total other non-current liabilities,Total liabilities,Retained Earnings (Accumulated Deficit),Accumulated other comprehensive (loss)/income,Total shareholders equity,Total liabilities and shareholders' equity,"Depreciation, amortization and accretion",Stock-based compensation expense,Deferred income tax expense,"Increase (Decrease) in Accounts receivable, net",Increase (Decrease) in Inventories,Increase (Decrease) in Other Receivables,Increase (Decrease) in Other Operating Assets,Increase (Decrease) in Accounts Payable,Increase (Decrease) in Deferred Revenue,Increase (Decrease) Other liabilities,Cash generated by operating activities,Purchases of marketable securities,Proceeds from maturities of marketable securities,Proceeds from sales of marketable securities,Purchases of other long-term investments,"Business acquisitions, net of cash acquired",Cash payments for capital asset purchases,Payments for acquisition of intangible assets,Payments for (Proceeds from) Other Investing Activities,Cash used in investing activities,Proceeds from issuance of common stock,Excess tax benefits from stock-based compensation,Cash generated/used in financing activities,Increase/(decrease) in cash and cash equivalents,"Cash paid for income taxes, net"
2010-04-03,2210000000.0,1776000000.0,,,287000000.0,2199000000.0,,,11000000.0,15000000.0,-8000000.0,-0.03,-0.03,,,1509000000.0,,,,,,,,,,,,,18110000000.0,,,,,,,,,15269000000.0,2960000000.0,-1313000000.0,2841000000.0,18110000000.0,90000000.0,,,-76000000.0,-211000000.0,,45000000.0,184000000.0,,,-88000000.0,,,,,,38000000.0,,-12000000.0,639000000.0,,,-921000000.0,-383000000.0,
2011-01-01,10525000000.0,8605000000.0,,,1231000000.0,10439000000.0,,,86000000.0,-6000000.0,86000000.0,0.31,0.28,,,931000000.0,,,,,,,,,,,,,15282000000.0,,,,,,,,,12310000000.0,3037000000.0,-1316000000.0,2972000000.0,15282000000.0,393000000.0,,,1000000.0,10000000.0,,-36000000.0,54000000.0,,,984000000.0,,,,,,270000000.0,,-34000000.0,1549000000.0,,,-3493000000.0,-961000000.0,
2011-07-02,5207000000.0,4280000000.0,,,599000000.0,5026000000.0,319000000.0,,181000000.0,58000000.0,119000000.0,0.43,0.38,277406000.0,317261000.0,651000000.0,,,2562000000.0,,,,,,,,,,14839000000.0,,,,,,,,,11665000000.0,3145000000.0,-1260000000.0,3174000000.0,14839000000.0,195000000.0,,,-36000000.0,276000000.0,,51000000.0,110000000.0,,,217000000.0,,,,,,169000000.0,,-32000000.0,501000000.0,,,-1009000000.0,-280000000.0,
2011-10-01,8021000000.0,6593000000.0,,,850000000.0,7654000000.0,,,367000000.0,108000000.0,261000000.0,0.94,0.83,278090000.0,312754000.0,1542000000.0,,,2607000000.0,,,,,,,,,,15281000000.0,,,,,,,,,11969000000.0,3282000000.0,-1280000000.0,3312000000.0,15281000000.0,289000000.0,,,29000000.0,328000000.0,,-114000000.0,178000000.0,,,660000000.0,,,,,,271000000.0,,-53000000.0,648000000.0,,,-700000000.0,611000000.0,
2011-12-31,,,,,,,,,,,,,,,,885000000.0,,,2402000000.0,828000000.0,,,,,2005000000.0,,,,13615000000.0,,1952000000.0,169000000.0,,,,,,10870000000.0,3257000000.0,-1625000000.0,2745000000.0,13615000000.0,,,,,,,,,,,,,,,,,,,,,,,,,
2012-03-31,2856000000.0,2312000000.0,,,308000000.0,2679000000.0,,,177000000.0,57000000.0,118000000.0,0.42,0.4,280022000.0,294632000.0,646000000.0,,,2593000000.0,,,,,,,,,,13280000000.0,,,,,,,,,10365000000.0,3370000000.0,-1601000000.0,2915000000.0,13280000000.0,91000000.0,,,76000000.0,187000000.0,,11000000.0,48000000.0,,,-254000000.0,,,,,,73000000.0,,2000000.0,123000000.0,,,-112000000.0,-239000000.0,
2012-06-30,5875000000.0,4747000000.0,,,591000000.0,5443000000.0,,,432000000.0,139000000.0,290000000.0,1.03,0.98,281114000.0,295547000.0,911000000.0,,,2759000000.0,,,,,,,,,,13068000000.0,,,,,,,,,9966000000.0,3536000000.0,-1599000000.0,3102000000.0,13068000000.0,183000000.0,,,67000000.0,387000000.0,,-24000000.0,57000000.0,,,25000000.0,,,,,,158000000.0,,-30000000.0,306000000.0,,,-304000000.0,26000000.0,
2012-09-29,8875000000.0,7222000000.0,,,856000000.0,8234000000.0,,,641000000.0,206000000.0,441000000.0,1.57,1.49,281813000.0,296920000.0,1238000000.0,,,2831000000.0,,,,,,,,,,13065000000.0,,,,,,,,,9757000000.0,3681000000.0,-1562000000.0,3308000000.0,13065000000.0,277000000.0,,,56000000.0,409000000.0,,-51000000.0,108000000.0,,,397000000.0,,,,,,314000000.0,,-13000000.0,339000000.0,,,-388000000.0,353000000.0,
2012-12-29,12237000000.0,10019000000.0,,584000000.0,1168000000.0,11396000000.0,,,841000000.0,260000000.0,589000000.0,2.1,2.0,280182000.0,294663000.0,1413000000.0,,,2712000000.0,785000000.0,,,,,2149000000.0,,,,13033000000.0,,1956000000.0,115000000.0,,,,,,10042000000.0,3824000000.0,-1770000000.0,2991000000.0,13033000000.0,383000000.0,,182000000.0,-32000000.0,316000000.0,,-85000000.0,179000000.0,,,927000000.0,,,,,,480000000.0,,-43000000.0,378000000.0,,,-781000000.0,528000000.0,
2013-03-30,2855000000.0,2382000000.0,,,279000000.0,2712000000.0,,,143000000.0,28000000.0,119000000.0,0.44,0.41,273200000.0,288978000.0,791000000.0,,,2972000000.0,,,,,,,,,,12557000000.0,,,,,,,,,9409000000.0,3937000000.0,-1755000000.0,3148000000.0,12557000000.0,97000000.0,,,121000000.0,254000000.0,,-13000000.0,31000000.0,,,-399000000.0,,,,,,77000000.0,,7000000.0,16000000.0,,,-230000000.0,-622000000.0,
2013-06-29,5694000000.0,4720000000.0,,,575000000.0,5388000000.0,,,306000000.0,77000000.0,232000000.0,0.84,0.81,280163000.0,286269000.0,571000000.0,,,3203000000.0,,,,,,,,,,12440000000.0,,,,,,,,,9060000000.0,4044000000.0,-1729000000.0,3380000000.0,12440000000.0,192000000.0,,,169000000.0,445000000.0,,23000000.0,-61000000.0,,,-469000000.0,,,,,,190000000.0,,-10000000.0,-68000000.0,,,-295000000.0,-842000000.0,
2013-09-28,8598000000.0,7193000000.0,,,820000000.0,8147000000.0,,,451000000.0,124000000.0,331000000.0,1.19,1.16,281525000.0,284743000.0,637000000.0,,,3220000000.0,,,,,,,,,,12457000000.0,,,,,,,,,8877000000.0,4138000000.0,-1651000000.0,3580000000.0,12457000000.0,285000000.0,,,178000000.0,443000000.0,,51000000.0,-25000000.0,,,-108000000.0,,,,,,300000000.0,,-13000000.0,-31000000.0,,,-629000000.0,-776000000.0,
2013-12-28,12104000000.0,10131000000.0,,651000000.0,1126000000.0,11430000000.0,,,674000000.0,176000000.0,498000000.0,1.78,1.75,279299000.0,284428000.0,1211000000.0,,,2963000000.0,200000000.0,,,,,,,,,12944000000.0,,1888000000.0,,,,,,,8560000000.0,4045000000.0,-1027000000.0,4384000000.0,12944000000.0,389000000.0,,87000000.0,118000000.0,118000000.0,,42000000.0,65000000.0,,,810000000.0,,,,,,444000000.0,,-18000000.0,-264000000.0,,,-742000000.0,-202000000.0,
2014-03-29,2847000000.0,2357000000.0,,,302000000.0,2722000000.0,,,125000000.0,38000000.0,85000000.0,0.3,0.3,281094000.0,283327000.0,780000000.0,,,3909000000.0,,,,,,,,,,14963000000.0,,,,,,,,,10600000000.0,4124000000.0,-1022000000.0,4363000000.0,14963000000.0,98000000.0,,,49000000.0,180000000.0,,11000000.0,-99000000.0,,,-27000000.0,,,,,,66000000.0,,-2000000.0,-1520000000.0,,,1116000000.0,-431000000.0,
2014-06-28,6352000000.0,5232000000.0,,,655000000.0,6017000000.0,,,335000000.0,103000000.0,229000000.0,0.82,0.81,280715000.0,283099000.0,815000000.0,,,4017000000.0,,,,,,,,,,15135000000.0,,,,,,,,,10557000000.0,4263000000.0,-979000000.0,4578000000.0,15135000000.0,214000000.0,,,96000000.0,279000000.0,,-16000000.0,-98000000.0,,,351000000.0,,,,,,172000000.0,,-3000000.0,-1648000000.0,,,899000000.0,-396000000.0,
2014-09-27,9782000000.0,8077000000.0,,,959000000.0,9216000000.0,,,566000000.0,174000000.0,388000000.0,1.38,1.37,280096000.0,282424000.0,511000000.0,,,4081000000.0,,,,,,,,,,14739000000.0,,,,,,,,,10167000000.0,4416000000.0,-1010000000.0,4572000000.0,14739000000.0,325000000.0,,,55000000.0,370000000.0,,-24000000.0,-120000000.0,,,566000000.0,,,,,,255000000.0,,4000000.0,-1725000000.0,,,464000000.0,-700000000.0,
2015-01-03,13878000000.0,11421000000.0,,694000000.0,1361000000.0,13025000000.0,,,853000000.0,248000000.0,600000000.0,2.15,2.13,279409000.0,281790000.0,822000000.0,,,3928000000.0,752000000.0,,,,,2497000000.0,,833000000.0,,14605000000.0,,,,,,,,,10333000000.0,4623000000.0,-1506000000.0,4272000000.0,14605000000.0,459000000.0,,-19000000.0,-56000000.0,209000000.0,,33000000.0,-228000000.0,,,1208000000.0,,,,,,429000000.0,,-4000000.0,-1919000000.0,,,335000000.0,-389000000.0,
2015-04-04,3073000000.0,2509000000.0,,,337000000.0,2889000000.0,,,184000000.0,56000000.0,128000000.0,0.46,0.46,277902000.0,280077000.0,708000000.0,,,4236000000.0,,,,,,,,,,14738000000.0,,,,,,,,,10348000000.0,4745000000.0,-1550000000.0,4390000000.0,14738000000.0,110000000.0,,,115000000.0,327000000.0,,45000000.0,127000000.0,,,-21000000.0,,,,,,79000000.0,,-23000000.0,-57000000.0,,,-31000000.0,-114000000.0,
2015-07-04,6320000000.0,5144000000.0,,,666000000.0,5895000000.0,,,425000000.0,128000000.0,295000000.0,1.06,1.05,277808000.0,280024000.0,792000000.0,,,4437000000.0,,,,,,,,,,14948000000.0,,,,,,,,,10346000000.0,4907000000.0,-1449000000.0,4602000000.0,14948000000.0,220000000.0,,,144000000.0,516000000.0,,24000000.0,123000000.0,,,202000000.0,,,,,,173000000.0,,-26000000.0,-135000000.0,,,-93000000.0,-30000000.0,
2015-10-03,9500000000.0,7728000000.0,,,969000000.0,8823000000.0,,,677000000.0,204000000.0,471000000.0,1.7,1.68,277317000.0,279400000.0,614000000.0,,,4574000000.0,,,,,,,,,,14898000000.0,,,,,,,,,10202000000.0,5077000000.0,-1427000000.0,4696000000.0,14898000000.0,332000000.0,,,122000000.0,654000000.0,,-6000000.0,156000000.0,,,415000000.0,,,,,,286000000.0,,-31000000.0,-270000000.0,,,-344000000.0,-208000000.0,
2016-01-02,13423000000.0,10979000000.0,,778000000.0,1304000000.0,12452000000.0,,,971000000.0,273000000.0,697000000.0,2.52,2.5,276682000.0,278727000.0,1005000000.0,,,4144000000.0,647000000.0,,,,,2492000000.0,,783000000.0,,14708000000.0,,,,,,,,,9744000000.0,5298000000.0,-1398000000.0,4964000000.0,14708000000.0,461000000.0,,4000000.0,14000000.0,239000000.0,,36000000.0,43000000.0,,,1090000000.0,,,,,,420000000.0,,-8000000.0,-388000000.0,,,-504000000.0,183000000.0,
2016-04-02,3201000000.0,2635000000.0,,,308000000.0,2986000000.0,,,215000000.0,64000000.0,150000000.0,0.55,0.55,271660000.0,273022000.0,778000000.0,,,4477000000.0,,,,,,,,,,15099000000.0,,,,,,,,,10110000000.0,5442000000.0,-1332000000.0,4989000000.0,15099000000.0,109000000.0,,,143000000.0,313000000.0,,-61000000.0,147000000.0,,,-150000000.0,,,,,,88000000.0,,-10000000.0,-225000000.0,,,144000000.0,-227000000.0,
2016-07-02,6712000000.0,5524000000.0,,,626000000.0,6237000000.0,,,475000000.0,146000000.0,327000000.0,1.21,1.2,270774000.0,272172000.0,743000000.0,,,4595000000.0,,,,,,,,,,15034000000.0,,,,,,,,,9848000000.0,5614000000.0,-1333000000.0,5186000000.0,15034000000.0,223000000.0,,,80000000.0,454000000.0,,-28000000.0,147000000.0,,,-31000000.0,,,,,,207000000.0,,-52000000.0,-298000000.0,,,68000000.0,-262000000.0,
2016-10-01,9963000000.0,8185000000.0,,,949000000.0,,,,582000000.0,-192000000.0,748000000.0,2.76,2.75,270703000.0,272099000.0,739000000.0,,,4791000000.0,,,,,,,,,,15167000000.0,,,,,,,,,9516000000.0,6030000000.0,-1315000000.0,5651000000.0,15167000000.0,331000000.0,,,92000000.0,637000000.0,,-56000000.0,146000000.0,,,143000000.0,,,,,,306000000.0,,-53000000.0,-392000000.0,,,-14000000.0,-266000000.0,
2016-12-31,,,,,,,,,,,,,,,,1298000000.0,,,4464000000.0,669000000.0,,,,,2581000000.0,,767000000.0,,15358000000.0,,,,,,,,,9784000000.0,5546000000.0,-1605000000.0,5574000000.0,15358000000.0,,,,,,,,,,,,,,,,,,,,,,,,,
2017-04-01,3093000000.0,2584000000.0,,,309000000.0,,,,121000000.0,21000000.0,101000000.0,0.37,0.37,270489000.0,272830000.0,997000000.0,,,4709000000.0,,,,,,,,,,15703000000.0,,,,,,,,,10121000000.0,5641000000.0,-1555000000.0,5582000000.0,15703000000.0,106000000.0,,,103000000.0,122000000.0,,8000000.0,-102000000.0,,,-194000000.0,,,,,,76000000.0,,-13000000.0,-366000000.0,,,251000000.0,-301000000.0,
2017-07-01,6697000000.0,5574000000.0,,,652000000.0,,,,336000000.0,83000000.0,254000000.0,0.94,0.94,268802000.0,271076000.0,1129000000.0,,,4655000000.0,,,,,,,,,,15775000000.0,,,,,,,,,10093000000.0,5789000000.0,-1486000000.0,5682000000.0,15775000000.0,218000000.0,,,125000000.0,61000000.0,,11000000.0,-140000000.0,,,266000000.0,,,,,,161000000.0,,-34000000.0,-432000000.0,,,-18000000.0,-169000000.0,
2017-09-30,10181000000.0,8451000000.0,,,987000000.0,,,,539000000.0,127000000.0,413000000.0,1.54,1.53,267409000.0,269734000.0,1294000000.0,,,4518000000.0,,,,,,,,,,15875000000.0,,,,,,,,,10057000000.0,5943000000.0,-1419000000.0,5818000000.0,15875000000.0,332000000.0,,,220000000.0,-88000000.0,,-3000000.0,-178000000.0,,,361000000.0,,,,,,276000000.0,,-48000000.0,-531000000.0,,,137000000.0,-4000000.0,
2017-12-30,14198000000.0,11795000000.0,,634000000.0,1337000000.0,,,,762000000.0,456000000.0,307000000.0,1.15,1.14,266380000.0,268750000.0,1262000000.0,,,4150000000.0,348000000.0,,,,,2721000000.0,,765000000.0,,15340000000.0,,,,,,,,,9693000000.0,5368000000.0,-1375000000.0,5647000000.0,15340000000.0,447000000.0,,357000000.0,236000000.0,-412000000.0,,27000000.0,-156000000.0,,,953000000.0,,,,,,423000000.0,,-60000000.0,-662000000.0,,,-360000000.0,-36000000.0,
2018-03-31,3296000000.0,2729000000.0,,,327000000.0,,,,218000000.0,29000000.0,189000000.0,0.73,0.72,260497000.0,263672000.0,836000000.0,,1110000000.0,4090000000.0,,,933000000.0,,,2711000000.0,,,1953000000.0,14968000000.0,,2104000000.0,,,,,,,9276000000.0,5642000000.0,-1301000000.0,5692000000.0,14968000000.0,105000000.0,,,-63000000.0,128000000.0,,119000000.0,15000000.0,,-263000000.0,-85000000.0,,,,,,77000000.0,,-9000000.0,6000000.0,,,-358000000.0,-426000000.0,
2018-06-30,7022000000.0,5802000000.0,,,697000000.0,,,,478000000.0,65000000.0,413000000.0,1.61,1.59,257200000.0,260462000.0,731000000.0,,1121000000.0,3925000000.0,,,763000000.0,,,2608000000.0,,,1869000000.0,14558000000.0,,2175000000.0,,,,,,,9196000000.0,5861000000.0,-1343000000.0,5362000000.0,14558000000.0,216000000.0,,,42000000.0,78000000.0,,38000000.0,-22000000.0,,-165000000.0,397000000.0,,,,,,159000000.0,,-30000000.0,-6000000.0,,,-916000000.0,-531000000.0,
2018-09-29,10222000000.0,8489000000.0,,,1004000000.0,,,,1106000000.0,130000000.0,976000000.0,3.85,3.8,253512000.0,256780000.0,,,1026000000.0,4030000000.0,,,706000000.0,,,2593000000.0,,,1868000000.0,14669000000.0,,2310000000.0,,,,,,,9126000000.0,6419000000.0,-1297000000.0,5543000000.0,14669000000.0,322000000.0,,,-56000000.0,190000000.0,,28000000.0,-68000000.0,,-80000000.0,696000000.0,,,,,,233000000.0,,-40000000.0,734000000.0,,,-1390000000.0,31000000.0,
2018-12-29,13972000000.0,11594000000.0,,643000000.0,1275000000.0,,,,1384000000.0,162000000.0,1222000000.0,4.88,4.83,250196000.0,253237000.0,,,,3818000000.0,322000000.0,,,,,2615000000.0,,658000000.0,,14264000000.0,,,,,,,,,9072000000.0,5407000000.0,-1762000000.0,5192000000.0,14264000000.0,437000000.0,,49000000.0,-50000000.0,-41000000.0,,88000000.0,-63000000.0,,-223000000.0,1107000000.0,,,,,,369000000.0,,-68000000.0,620000000.0,,,-1864000000.0,-155000000.0,
2019-03-30,3109000000.0,2577000000.0,,,307000000.0,,,,,33000000.0,179000000.0,0.76,0.76,234839000.0,236437000.0,,,,4047000000.0,,,,,,,,,,14480000000.0,,,,,,,,,9247000000.0,5581000000.0,-1736000000.0,5233000000.0,14480000000.0,102000000.0,,,33000000.0,215000000.0,,31000000.0,47000000.0,,-288000000.0,-216000000.0,,,,,,59000000.0,,-3000000.0,-42000000.0,,,-116000000.0,-365000000.0,
2019-06-29,6336000000.0,5218000000.0,,,599000000.0,,,,,95000000.0,396000000.0,1.7,1.69,233426000.0,234993000.0,,,,4311000000.0,,,,,,,,,,14796000000.0,,,,,,,,,9460000000.0,5794000000.0,-1715000000.0,5336000000.0,14796000000.0,202000000.0,,,-36000000.0,505000000.0,,19000000.0,132000000.0,,-338000000.0,-61000000.0,,,,,,135000000.0,,-7000000.0,-104000000.0,,,-89000000.0,-250000000.0,
2019-09-28,9595000000.0,7965000000.0,,,854000000.0,,,,,116000000.0,616000000.0,2.65,2.64,232202000.0,233689000.0,,,,4436000000.0,,,,,,,,,,15062000000.0,,,,,,,,,9610000000.0,6009000000.0,-1729000000.0,5452000000.0,15062000000.0,302000000.0,,,7000000.0,652000000.0,,-27000000.0,134000000.0,,-251000000.0,223000000.0,,,,,,216000000.0,,-9000000.0,-183000000.0,,,-88000000.0,-54000000.0,
2020-01-04,13630000000.0,11406000000.0,,647000000.0,1152000000.0,,,,942000000.0,127000000.0,815000000.0,,,231315000.0,232709000.0,,,,4069000000.0,269000000.0,,,,,2527000000.0,,589000000.0,,15018000000.0,,,,,,,,,9500000000.0,5682000000.0,-1847000000.0,5518000000.0,15018000000.0,416000000.0,,89000000.0,-99000000.0,292000000.0,,37000000.0,280000000.0,,-348000000.0,1014000000.0,,,,,,339000000.0,,-25000000.0,-266000000.0,,,-502000000.0,250000000.0,
2020-04-04,2777000000.0,2387000000.0,,,263000000.0,,,,,19000000.0,50000000.0,0.22,0.22,228311000.0,228927000.0,,,,4385000000.0,,,,,,,,,,15946000000.0,,,,,,,,,10412000000.0,5727000000.0,-1859000000.0,5534000000.0,15946000000.0,90000000.0,,,-47000000.0,368000000.0,,41000000.0,-49000000.0,,-203000000.0,-395000000.0,,,,,,50000000.0,,6000000.0,-43000000.0,,,1543000000.0,1089000000.0,
2020-07-04,5249000000.0,4638000000.0,,,502000000.0,,,,,-26000000.0,-92000000.0,-0.4,-0.4,228279000.0,228279000.0,,,,4262000000.0,,,,,,,,,,15471000000.0,,,,,,,,,9944000000.0,5631000000.0,-1791000000.0,5527000000.0,15471000000.0,188000000.0,,,-157000000.0,244000000.0,,-51000000.0,-400000000.0,,17000000.0,-152000000.0,,,,,,96000000.0,,-6000000.0,-64000000.0,,,1215000000.0,989000000.0,
2020-10-03,7984000000.0,6970000000.0,,,760000000.0,,,,,-6000000.0,115000000.0,0.5,0.5,228918000.0,229279000.0,,,,4252000000.0,,,,,,,,,,15861000000.0,,,,,,,,,10120000000.0,5741000000.0,-1717000000.0,5741000000.0,15861000000.0,283000000.0,,,-59000000.0,258000000.0,,-114000000.0,-267000000.0,,60000000.0,199000000.0,,,,,,151000000.0,,-3000000.0,-92000000.0,,,1208000000.0,1313000000.0,
2021-01-02,11651000000.0,10094000000.0,,549000000.0,1045000000.0,,,,282000000.0,-27000000.0,309000000.0,,,228666000.0,229365000.0,,,,3513000000.0,342000000.0,,,,,2516000000.0,,489000000.0,,15443000000.0,,,,,,,,,9598000000.0,5973000000.0,-1739000000.0,5845000000.0,15443000000.0,391000000.0,,-7000000.0,-149000000.0,-434000000.0,,-66000000.0,-613000000.0,,-5000000.0,768000000.0,,,,,,317000000.0,,-7000000.0,-248000000.0,,,360000000.0,897000000.0,
2021-04-03,2879000000.0,2400000000.0,,,298000000.0,,,,,19000000.0,171000000.0,0.75,0.75,227009000.0,228284000.0,,,,3705000000.0,,,,,,,,,,15414000000.0,,,,,,,,,9418000000.0,6139000000.0,-1723000000.0,5996000000.0,15414000000.0,90000000.0,,,103000000.0,178000000.0,,17000000.0,259000000.0,,-105000000.0,181000000.0,,,,,,53000000.0,,-6000000.0,5000000.0,,,-359000000.0,-176000000.0,
2021-07-03,6070000000.0,5060000000.0,,,612000000.0,,,,408000000.0,53000000.0,354000000.0,1.56,1.55,226486000.0,228446000.0,,,,3664000000.0,,,,,,,,,,15379000000.0,,,,,,,,,9278000000.0,6318000000.0,-1676000000.0,6101000000.0,15379000000.0,188000000.0,,,38000000.0,162000000.0,,-22000000.0,188000000.0,,103000000.0,772000000.0,,,,,,128000000.0,,-6000000.0,-65000000.0,,,-774000000.0,-66000000.0,
2021-10-02,9060000000.0,7546000000.0,,,895000000.0,,,,626000000.0,86000000.0,539000000.0,,,225545000.0,227795000.0,,,,3670000000.0,,,,,,,,,,15269000000.0,,,,,,,,,9232000000.0,6498000000.0,-1670000000.0,6037000000.0,15269000000.0,285000000.0,,,-8000000.0,164000000.0,,11000000.0,1000000.0,,323000000.0,1173000000.0,,,,,,204000000.0,,-17000000.0,-127000000.0,,,-1112000000.0,-72000000.0,
2022-01-01,12382000000.0,,,619000000.0,1221000000.0,,,,873000000.0,126000000.0,746000000.0,,,224106000.0,226520000.0,,,,3468000000.0,19000000.0,,,,,2538000000.0,,438000000.0,,15827000000.0,,,,,,,,,9012000000.0,5870000000.0,-789000000.0,6815000000.0,15827000000.0,390000000.0,,23000000.0,58000000.0,-45000000.0,,112000000.0,13000000.0,,405000000.0,1598000000.0,,,,,,375000000.0,,-36000000.0,-281000000.0,,,-1446000000.0,-137000000.0,
2022-04-02,3001000000.0,,,,305000000.0,,,,232000000.0,39000000.0,193000000.0,,,217010000.0,219607000.0,,,,3663000000.0,,,,,,,,,,15911000000.0,,,,,,,,,8994000000.0,6058000000.0,-779000000.0,6917000000.0,15911000000.0,93000000.0,,,-37000000.0,176000000.0,,4000000.0,38000000.0,,26000000.0,241000000.0,,,,,,48000000.0,,-45000000.0,28000000.0,,,-258000000.0,9000000.0,
2022-07-02,6155000000.0,,,,583000000.0,,,,495000000.0,84000000.0,410000000.0,1.9,1.88,215799000.0,218133000.0,,,,3739000000.0,,,,,,,,,,15879000000.0,,,,,,,,,9078000000.0,6271000000.0,-855000000.0,6801000000.0,15879000000.0,191000000.0,,,48000000.0,246000000.0,,-85000000.0,24000000.0,,269000000.0,613000000.0,,,,,,114000000.0,,-44000000.0,-204000000.0,,,-658000000.0,-276000000.0,
2022-10-01,9233000000.0,,,,841000000.0,,,,759000000.0,123000000.0,635000000.0,,,214301000.0,216468000.0,,,,3817000000.0,,,,,,,,,,15956000000.0,,,,,,,,,9194000000.0,6492000000.0,-942000000.0,6762000000.0,15956000000.0,288000000.0,,,23000000.0,353000000.0,,-105000000.0,116000000.0,,344000000.0,961000000.0,,,,,,192000000.0,,-44000000.0,-284000000.0,,,-861000000.0,-233000000.0,
2022-12-31,,,,,,,,,,,,,,,,,,,3550000000.0,128000000.0,,,,,2523000000.0,,461000000.0,,16293000000.0,,,,,,,,,9180000000.0,5903000000.0,-612000000.0,7113000000.0,16293000000.0,,,,,,,,,,,,,,,,,,,,,,,,,
2023-04-01,3024000000.0,,,,305000000.0,,,,227000000.0,36000000.0,191000000.0,0.93,0.92,204835000.0,207011000.0,,,,3934000000.0,,,,,,,,,,16393000000.0,,,,,,,,,9385000000.0,6090000000.0,-586000000.0,7008000000.0,16393000000.0,92000000.0,,,69000000.0,380000000.0,,-128000000.0,261000000.0,,-74000000.0,163000000.0,,,,,,62000000.0,,-1000000.0,-29000000.0,,,-376000000.0,-236000000.0,
2023-07-01,6448000000.0,,,,594000000.0,,,,556000000.0,102000000.0,454000000.0,,,202768000.0,204760000.0,,,,4108000000.0,,,,,,,,,,16485000000.0,,,,,,,,,9451000000.0,6349000000.0,-574000000.0,7034000000.0,16485000000.0,193000000.0,,,97000000.0,553000000.0,,-252000000.0,207000000.0,,116000000.0,459000000.0,,,,,,145000000.0,,-2000000.0,-86000000.0,,,-666000000.0,-285000000.0,
2023-09-30,9791000000.0,,,,897000000.0,,,,857000000.0,134000000.0,723000000.0,,,201161000.0,203170000.0,,,,4207000000.0,,,,,,,,,,16492000000.0,,,,,,,,,9425000000.0,6614000000.0,-628000000.0,7067000000.0,16492000000.0,292000000.0,,,45000000.0,659000000.0,,-267000000.0,202000000.0,,120000000.0,717000000.0,,,,,,224000000.0,,-2000000.0,-154000000.0,,,-877000000.0,-319000000.0,
2023-12-30,13683000000.0,,,570000000.0,1225000000.0,,,,1087000000.0,165000000.0,921000000.0,4.61,4.56,199719000.0,201774000.0,,,,3914000000.0,349000000.0,,,,,2477000000.0,,399000000.0,,16856000000.0,,,,,,,,,9869000000.0,5862000000.0,-644000000.0,6987000000.0,16856000000.0,395000000.0,,-192000000.0,9000000.0,359000000.0,,-267000000.0,2000000.0,,276000000.0,1266000000.0,,,,,,402000000.0,,-2000000.0,-317000000.0,,,-813000000.0,146000000.0,
2024-03-30,3135000000.0,,,,316000000.0,,,,237000000.0,36000000.0,201000000.0,1.04,1.03,192800000.0,194860000.0,,,,4267000000.0,,,,,,,,,,16414000000.0,,,,,,,,,9483000000.0,6059000000.0,-681000000.0,6931000000.0,16414000000.0,88000000.0,,,34000000.0,350000000.0,,-100000000.0,121000000.0,,-159000000.0,-7000000.0,,,,,,66000000.0,,0.0,-63000000.0,,,-637000000.0,-715000000.0,
2024-06-29,6662000000.0,,,,609000000.0,,,,560000000.0,99000000.0,460000000.0,,,191273000.0,193358000.0,,,,4381000000.0,,,,,,,,,,16427000000.0,,,,,,,,,9575000000.0,6314000000.0,-693000000.0,6852000000.0,16427000000.0,178000000.0,,,-10000000.0,467000000.0,,-167000000.0,107000000.0,,-46000000.0,360000000.0,,,,,,140000000.0,,0.0,-111000000.0,,,-1009000000.0,-770000000.0,
2024-09-28,10089000000.0,,,,891000000.0,,,,812000000.0,128000000.0,683000000.0,,,189834000.0,191886000.0,,,,4410000000.0,,,,,,,,,,16452000000.0,,,,,,,,,9501000000.0,6533000000.0,-632000000.0,6951000000.0,16452000000.0,279000000.0,,,21000000.0,471000000.0,,-170000000.0,77000000.0,,-77000000.0,568000000.0,,,,,,211000000.0,,0.0,-189000000.0,,,-1214000000.0,-834000000.0,
,,,,,,,,,,,,,,,,,,,,,,,,,,,,,,,,,,,,,,,,,,,,,,,,,,,,,,,,,,,,,,,,,,,
,,,,,,,,,,,,,,,,,,,,,,,,,,,,,,,,,,,,,,,,,,,,,,,,,,,,,,,,,,,,,,,,,,,
