Date,Net sales,Cost of sales,Gross margin,Research and development,"Selling, general and administrative",Total operating expenses,Operating income,"Other income/(expense), net",Income before provision for income taxes,Provision for income taxes,Net income,Earnings per share basic,Earnings per share diluted,Weighted-average basic,Weighted-average diluted,Cash and cash equivalents,Short-term marketable securities,"Accounts receivable, net",Inventories,Deferred tax assets,Vendor non-trade receivables,Other current assets,Total current assets,Long-term marketable securities,"Property, Plant and Equipment, Net",Goodwill,"Acquired intangible assets, net","Other Assets, Noncurrent",Total assets,accounts payable,Accrued expenses,Deferred revenue,Total current liabilities,Deferred revenue - non-current,deferred tax liabilities,long term taxes payable,Total other non-current liabilities,Total liabilities,Retained Earnings (Accumulated Deficit),Accumulated other comprehensive (loss)/income,Total shareholders equity,Total liabilities and shareholders' equity,"Depreciation, amortization and accretion",Stock-based compensation expense,Deferred income tax expense,"Increase (Decrease) in Accounts receivable, net",Increase (Decrease) in Inventories,Increase (Decrease) in Other Receivables,Increase (Decrease) in Other Operating Assets,Increase (Decrease) in Accounts Payable,Increase (Decrease) in Deferred Revenue,Increase (Decrease) Other liabilities,Cash generated by operating activities,Purchases of marketable securities,Proceeds from maturities of marketable securities,Proceeds from sales of marketable securities,Purchases of other long-term investments,"Business acquisitions, net of cash acquired",Cash payments for capital asset purchases,Payments for acquisition of intangible assets,Payments for (Proceeds from) Other Investing Activities,Cash used in investing activities,Proceeds from issuance of common stock,Excess tax benefits from stock-based compensation,Cash generated/used in financing activities,Increase/(decrease) in cash and cash equivalents,"Cash paid for income taxes, net"
2011-09-30,227312000.0,124420000.0,102892000.0,,54509000.0,,32195000.0,,30609000.0,11751000.0,18858000.0,0.6,0.57,31247000.0,33027000.0,5280000.0,,75456000.0,,3106000.0,,2483000.0,94333000.0,2101000.0,40780000.0,92831000.0,28812000.0,1667000.0,261736000.0,3736000.0,21202000.0,108114000.0,133052000.0,,5972000.0,,,,121416000.0,-275000.0,64712000.0,261736000.0,7778000.0,4585000.0,,-6423000.0,,,,1110000.0,5524000.0,,45105000.0,,,,,,9926000.0,,-199000.0,-9677000.0,,1721000.0,-32262000.0,3166000.0,
2011-12-31,309391000.0,167479000.0,141912000.0,,75650000.0,,46517000.0,,44113000.0,16556000.0,27557000.0,0.88,0.83,31267000.0,33154000.0,1326000.0,25000.0,90012000.0,,154000.0,,2286000.0,107092000.0,1953000.0,40915000.0,106094000.0,35628000.0,1614000.0,295391000.0,3211000.0,24751000.0,123678000.0,151640000.0,,4941000.0,,,,130115000.0,-355000.0,78110000.0,295391000.0,10676000.0,6253000.0,-2916000.0,8544000.0,,,,575000.0,14862000.0,,56435000.0,,,,,17298000.0,12278000.0,,-717000.0,-28809000.0,,3590000.0,-28414000.0,-788000.0,13400000.0
2012-03-31,82723000.0,45304000.0,37419000.0,,21335000.0,,10044000.0,,9341000.0,3660000.0,5681000.0,0.19,0.17,30015000.0,32530000.0,9932000.0,,58888000.0,,5095000.0,,1403000.0,83679000.0,1953000.0,40721000.0,108166000.0,40359000.0,1485000.0,277763000.0,2582000.0,14933000.0,109381000.0,129022000.0,,4994000.0,,,,135796000.0,-355000.0,87747000.0,277763000.0,3026000.0,1835000.0,,-32037000.0,,,,-629000.0,-15727000.0,,18084000.0,,,,,5874000.0,1048000.0,,,-6897000.0,,686000.0,-2581000.0,8606000.0,1400000.0
2012-06-30,174091000.0,95973000.0,78118000.0,,43034000.0,,22499000.0,,21023000.0,8237000.0,12786000.0,0.42,0.39,30175000.0,32769000.0,312000.0,50000.0,100460000.0,,5095000.0,,3184000.0,117260000.0,1903000.0,42500000.0,112750000.0,43990000.0,1467000.0,320446000.0,1768000.0,22523000.0,125721000.0,150012000.0,,5127000.0,,,,142901000.0,-355000.0,99607000.0,320446000.0,6336000.0,3603000.0,,7706000.0,,,,-1637000.0,-772000.0,,8425000.0,,,,,15175000.0,4334000.0,,61000.0,-19545000.0,,1581000.0,10106000.0,-1014000.0,8400000.0
2012-09-30,267936000.0,144874000.0,123062000.0,,63943000.0,,41158000.0,,38833000.0,15215000.0,23618000.0,0.78,0.72,30387000.0,32986000.0,103000.0,,78218000.0,,5051000.0,,2521000.0,94064000.0,2029000.0,43017000.0,112750000.0,42319000.0,1234000.0,296094000.0,2169000.0,22358000.0,120127000.0,144654000.0,,5431000.0,,,,153733000.0,-273000.0,118009000.0,296094000.0,9616000.0,5506000.0,,-14431000.0,,,,-1236000.0,-6366000.0,,42254000.0,,,,,15229000.0,6351000.0,,-41000.0,-21464000.0,,3283000.0,-22013000.0,-1223000.0,12700000.0
2012-12-31,363304000.0,195602000.0,167702000.0,,86706000.0,,56577000.0,,53868000.0,20874000.0,32994000.0,1.09,1.0,30327000.0,32916000.0,6406000.0,,100327000.0,,323000.0,,1480000.0,122757000.0,2037000.0,45381000.0,119956000.0,45800000.0,1197000.0,338315000.0,3167000.0,26078000.0,140550000.0,169795000.0,,5221000.0,,,,163109000.0,-268000.0,145299000.0,338315000.0,12711000.0,7411000.0,-215000.0,6825000.0,,,,-369000.0,13393000.0,,58668000.0,,,,,25680000.0,9102000.0,,29000.0,-34736000.0,,8764000.0,-18852000.0,5080000.0,13100000.0
2013-06-30,198887000.0,108000000.0,90887000.0,,47617000.0,,29819000.0,,29185000.0,11645000.0,17540000.0,0.55,0.51,31670000.0,34290000.0,3068000.0,,121256000.0,,5512000.0,,4905000.0,146552000.0,2103000.0,55378000.0,121011000.0,42289000.0,795000.0,368928000.0,3776000.0,23583000.0,155903000.0,183262000.0,,5511000.0,,,,180649000.0,-209000.0,180155000.0,368928000.0,6681000.0,5478000.0,,21658000.0,,,,671000.0,15354000.0,,16586000.0,,,,,181000.0,13839000.0,,-295000.0,-13700000.0,,5661000.0,-6224000.0,-3338000.0,9300000.0
2013-09-30,305908000.0,165472000.0,140436000.0,,72198000.0,,47676000.0,,46757000.0,18168000.0,28589000.0,0.9,0.83,32037000.0,34764000.0,52121000.0,,90503000.0,,5512000.0,,4522000.0,164765000.0,2078000.0,63145000.0,121011000.0,40628000.0,690000.0,393415000.0,6974000.0,23162000.0,151510000.0,181646000.0,,4141000.0,,,,191698000.0,-209000.0,207628000.0,393415000.0,10093000.0,8539000.0,,-8798000.0,,,,841000.0,10960000.0,,58701000.0,,,,,181000.0,20262000.0,,-271000.0,-20122000.0,,13200000.0,7136000.0,45715000.0,9300000.0
2013-12-31,416643000.0,223440000.0,193203000.0,,98289000.0,,67128000.0,,65819000.0,26718000.0,39101000.0,1.23,1.13,31891000.0,34590000.0,78876000.0,,106570000.0,,1700000.0,,787000.0,217235000.0,1288000.0,64844000.0,121011000.0,38986000.0,536000.0,444488000.0,2533000.0,32839000.0,156738000.0,192110000.0,,6059000.0,,,,202210000.0,-46000.0,246319000.0,444488000.0,13786000.0,11653000.0,-1497000.0,7488000.0,,,,-574000.0,16188000.0,,66090000.0,,,,,181000.0,26858000.0,,-291000.0,-25658000.0,,28207000.0,32038000.0,72470000.0,9300000.0
2014-03-31,112626000.0,60096000.0,52530000.0,,25367000.0,,19862000.0,,19603000.0,7720000.0,11883000.0,0.36,0.33,32916000.0,35500000.0,97145000.0,,82334000.0,,7759000.0,,933000.0,207619000.0,1280000.0,66222000.0,121011000.0,37376000.0,207000.0,434241000.0,2572000.0,19512000.0,139298000.0,161382000.0,,6155000.0,,,,214093000.0,-46000.0,266704000.0,434241000.0,3656000.0,3462000.0,,-24298000.0,,,,39000.0,-17440000.0,,16560000.0,,,,,,3630000.0,,-300000.0,-3322000.0,,2158000.0,5031000.0,18269000.0,
2014-06-30,236997000.0,125909000.0,111088000.0,,52786000.0,,43484000.0,,43009000.0,16386000.0,26623000.0,0.81,0.75,32918000.0,35289000.0,88092000.0,800000.0,144234000.0,,7759000.0,,598000.0,261032000.0,0.0,67160000.0,121011000.0,35804000.0,683000.0,486817000.0,2584000.0,28602000.0,184578000.0,215764000.0,,4574000.0,,,,228833000.0,-46000.0,266479000.0,486817000.0,7281000.0,7002000.0,,38203000.0,,,,51000.0,27840000.0,,28828000.0,,,,,0.0,6477000.0,,-335000.0,-6134000.0,,3206000.0,-13478000.0,9216000.0,8600000.0
2014-09-30,365661000.0,192781000.0,172880000.0,,80130000.0,,70229000.0,,69707000.0,26084000.0,43623000.0,1.32,1.23,32947000.0,35339000.0,157431000.0,,111803000.0,,7759000.0,,446000.0,293000000.0,0.0,66694000.0,124017000.0,36359000.0,739000.0,522263000.0,3397000.0,32120000.0,185844000.0,221361000.0,,4911000.0,,,,245833000.0,-46000.0,295991000.0,522263000.0,10936000.0,10887000.0,,5851000.0,,,,864000.0,28592000.0,,95131000.0,,,,,3242000.0,8037000.0,,-219000.0,-10252000.0,,6717000.0,-6324000.0,78555000.0,9900000.0
2014-12-31,493101000.0,259730000.0,233371000.0,,108260000.0,,94822000.0,,94467000.0,35527000.0,58940000.0,1.79,1.66,33011000.0,35401000.0,206167000.0,,112660000.0,,5504000.0,,339000.0,346710000.0,,65910000.0,124142000.0,34722000.0,737000.0,573982000.0,4119000.0,39508000.0,189212000.0,232839000.0,,4170000.0,,,,261150000.0,-46000.0,336973000.0,573982000.0,14605000.0,14819000.0,-3804000.0,8912000.0,,,,1586000.0,31961000.0,,123437000.0,,,,,3242000.0,9343000.0,,-222000.0,-11555000.0,,19402000.0,15409000.0,127291000.0,10200000.0
2015-03-31,134966000.0,71087000.0,63879000.0,,28545000.0,,27178000.0,,27359000.0,10086000.0,17273000.0,0.51,0.48,33562000.0,35895000.0,194721000.0,,105790000.0,,9674000.0,,238000.0,327775000.0,,67301000.0,124142000.0,33115000.0,15738000.0,568382000.0,5373000.0,22759000.0,164706000.0,197654000.0,,4340000.0,,,,278423000.0,-46000.0,366388000.0,568382000.0,3713000.0,4258000.0,,-8320000.0,,,,-328000.0,-24507000.0,,-2095000.0,,,,,325000.0,1909000.0,,,-17234000.0,,3558000.0,7883000.0,-11446000.0,
2015-06-30,281261000.0,149129000.0,132132000.0,,58941000.0,,56774000.0,,57140000.0,21031000.0,36109000.0,1.07,1.0,33756000.0,36097000.0,204103000.0,,152178000.0,,9674000.0,,10590000.0,395524000.0,,67908000.0,131960000.0,31507000.0,3744000.0,646034000.0,4385000.0,34810000.0,201549000.0,240744000.0,,4673000.0,,,,297259000.0,-46000.0,400617000.0,646034000.0,7484000.0,8861000.0,,36624000.0,,,,-371000.0,11680000.0,,14813000.0,,,,,6447000.0,6126000.0,,9000.0,-34031000.0,,8827000.0,17154000.0,-2064000.0,
2015-09-30,432106000.0,228141000.0,203965000.0,,90810000.0,,88263000.0,,88884000.0,32633000.0,56251000.0,1.66,1.56,33900000.0,36349000.0,238614000.0,,129228000.0,,9674000.0,,6821000.0,411505000.0,,68092000.0,125932000.0,35701000.0,,678382000.0,4385000.0,37199000.0,200890000.0,242474000.0,,4813000.0,,,,317401000.0,-46000.0,431095000.0,678382000.0,11586000.0,14459000.0,,14356000.0,,,,-369000.0,11021000.0,,69913000.0,,,,,6447000.0,8525000.0,,-5000.0,-59358000.0,,10801000.0,21892000.0,32447000.0,
2015-12-31,591022000.0,313835000.0,277187000.0,,133317000.0,,108043000.0,,108424000.0,43555000.0,64869000.0,1.9,1.77,34137000.0,36552000.0,33087000.0,,176360000.0,,23636000.0,,1931000.0,268215000.0,,101112000.0,653666000.0,295378000.0,,1356570000.0,6789000.0,49156000.0,281627000.0,337572000.0,3115000.0,91026000.0,,,,326019000.0,-46000.0,858857000.0,1356570000.0,19574000.0,20182000.0,-7956000.0,28172000.0,,,,652000.0,41731000.0,,89013000.0,,,,,339961000.0,12501000.0,,-10000.0,-398459000.0,,45314000.0,136366000.0,-173080000.0,27300000.0
2016-03-31,179293000.0,97175000.0,82118000.0,,40759000.0,,28041000.0,,27574000.0,10495000.0,17079000.0,0.47,0.44,36549000.0,38557000.0,35341000.0,,137332000.0,,,,1749000.0,225536000.0,,114291000.0,655167000.0,286475000.0,,1318009000.0,6316000.0,33260000.0,250108000.0,289684000.0,4561000.0,91775000.0,,,,343098000.0,-46000.0,791989000.0,1318009000.0,12176000.0,6480000.0,,-35750000.0,,,,-473000.0,-30451000.0,,40270000.0,,,,,2000000.0,16722000.0,,49000.0,-22156000.0,,1051000.0,-15860000.0,2254000.0,
2016-06-30,368265000.0,199211000.0,169054000.0,,82991000.0,,58956000.0,,57769000.0,21818000.0,35951000.0,0.99,0.94,36316000.0,38339000.0,41327000.0,,209483000.0,,,,3529000.0,323951000.0,,115886000.0,655393000.0,285491000.0,,1413052000.0,6574000.0,49875000.0,296481000.0,352930000.0,3704000.0,92110000.0,,,,361970000.0,-46000.0,829308000.0,1413052000.0,24850000.0,13692000.0,,35530000.0,,,,-236000.0,14459000.0,,54147000.0,,,,,9394000.0,21959000.0,,281000.0,-35715000.0,,6694000.0,-10192000.0,8240000.0,
2016-09-30,562762000.0,300228000.0,262534000.0,,124998000.0,,95901000.0,,94188000.0,35973000.0,58215000.0,1.6,1.51,36438000.0,38506000.0,23314000.0,,188429000.0,,,,2756000.0,277327000.0,,120963000.0,647525000.0,276326000.0,,1352766000.0,5992000.0,54184000.0,288316000.0,348492000.0,2924000.0,85095000.0,,,,384234000.0,-46000.0,882255000.0,1352766000.0,37521000.0,21348000.0,-11289000.0,14641000.0,,,,-917000.0,17918000.0,,121238000.0,,,,,9394000.0,29529000.0,,52000.0,-42846000.0,,18816000.0,-88165000.0,-9773000.0,
2016-12-31,756043000.0,400692000.0,355351000.0,,167161000.0,,131305000.0,,129307000.0,19450000.0,109857000.0,3.01,2.82,36448000.0,38961000.0,36151000.0,,200334000.0,,38386000.0,,2268000.0,282960000.0,,124268000.0,650237000.0,267259000.0,,1357945000.0,7295000.0,55989000.0,298217000.0,361501000.0,2140000.0,68779000.0,,,,435876000.0,-46000.0,915525000.0,1357945000.0,50301000.0,29747000.0,-28939000.0,30227000.0,,,,387000.0,25118000.0,,191859000.0,,,,,9394000.0,37726000.0,,121000.0,-50720000.0,,,-138075000.0,3064000.0,30200000.0
2017-03-31,199542000.0,105194000.0,94348000.0,,43142000.0,,36149000.0,,35959000.0,3653000.0,32306000.0,0.88,0.83,36845000.0,38932000.0,63731000.0,,163723000.0,,,,2620000.0,271575000.0,,142109000.0,650237000.0,258280000.0,,1355681000.0,6130000.0,41226000.0,270208000.0,322245000.0,1908000.0,64691000.0,,,,468182000.0,-46000.0,966837000.0,1355681000.0,13099000.0,8676000.0,-4089000.0,-36514000.0,,,,-1166000.0,-28241000.0,,48179000.0,,,,,0.0,19820000.0,,16000.0,-20068000.0,,,-531000.0,27580000.0,
2017-06-30,408665000.0,218454000.0,190211000.0,,86593000.0,,73224000.0,,72933000.0,9049000.0,63884000.0,1.72,1.63,37154000.0,39211000.0,55072000.0,,233831000.0,,,,2784000.0,352278000.0,,147956000.0,651721000.0,252874000.0,,1438509000.0,9448000.0,46006000.0,304128000.0,359582000.0,1643000.0,59682000.0,,,,499760000.0,-46000.0,1017602000.0,1438509000.0,26366000.0,17577000.0,-9097000.0,33348000.0,,,,2152000.0,6397000.0,,49575000.0,,,,,5855000.0,30123000.0,,68000.0,-40409000.0,,,9755000.0,18921000.0,
2017-09-30,622811000.0,329171000.0,293640000.0,,131249000.0,,116671000.0,,116455000.0,14308000.0,102147000.0,2.74,2.6,37391000.0,39342000.0,124603000.0,,206444000.0,,,,2182000.0,399721000.0,,149142000.0,655068000.0,245520000.0,,1493118000.0,4563000.0,57583000.0,297163000.0,359309000.0,1468000.0,54563000.0,,,,538023000.0,-46000.0,1077778000.0,1493118000.0,40096000.0,27368000.0,-14216000.0,7097000.0,,,,-2733000.0,-1329000.0,,142381000.0,,,,,9761000.0,37734000.0,,-418000.0,-75807000.0,,,21878000.0,88452000.0,
2017-12-31,840662000.0,441522000.0,399140000.0,,176974000.0,,160930000.0,,161628000.0,-2317000.0,163945000.0,4.4,4.18,37273000.0,39246000.0,185926000.0,,227127000.0,,27164000.0,,1997000.0,496800000.0,,152315000.0,657987000.0,236444000.0,,1589592000.0,8174000.0,64675000.0,309461000.0,382310000.0,1274000.0,,,,,599821000.0,-46000.0,1167094000.0,1589592000.0,53925000.0,37348000.0,-29865000.0,35558000.0,,,,878000.0,9263000.0,,195755000.0,,,,,11344000.0,43057000.0,,1000.0,-85395000.0,,,39415000.0,149775000.0,36000000.0
2018-03-31,221174000.0,118369000.0,102805000.0,,47604000.0,,38838000.0,,39437000.0,1612000.0,37825000.0,1.0,0.95,38002000.0,39836000.0,210616000.0,,216516000.0,,,,2098000.0,532636000.0,,154254000.0,657727000.0,221069000.0,,1625624000.0,6421000.0,44996000.0,268132000.0,319549000.0,,,,,,662288000.0,-46000.0,1261214000.0,1625624000.0,14112000.0,10557000.0,-2658000.0,-30227000.0,,,,-1752000.0,-31114000.0,,44631000.0,,,,,,8895000.0,,-743000.0,-41037000.0,,,21096000.0,24690000.0,
2018-06-30,457234000.0,245153000.0,212081000.0,,99866000.0,,75980000.0,,77137000.0,-1461000.0,76986000.0,2.0,1.91,38416000.0,40250000.0,93247000.0,,299253000.0,,,,1944000.0,501988000.0,,154464000.0,740146000.0,293194000.0,,1759759000.0,4839000.0,52959000.0,316084000.0,373882000.0,,,,,,701449000.0,-46000.0,1340289000.0,1759759000.0,29649000.0,23490000.0,-5196000.0,48870000.0,,,,-4599000.0,10532000.0,,67230000.0,,,,,157152000.0,14952000.0,,186000.0,-207986000.0,,,48077000.0,-92679000.0,
2018-09-30,693301000.0,369594000.0,323707000.0,,152471000.0,,113565000.0,,115763000.0,-298000.0,115910000.0,3.01,2.87,38761000.0,40528000.0,219452000.0,,281523000.0,,,,2299000.0,601694000.0,,156498000.0,749502000.0,282806000.0,,1864622000.0,4597000.0,66020000.0,326421000.0,397038000.0,,,,,,740373000.0,-46000.0,1422126000.0,1864622000.0,45627000.0,37966000.0,-5034000.0,31393000.0,,,,-4729000.0,20442000.0,,179353000.0,,,,,167308000.0,23460000.0,,-857000.0,-222341000.0,,,76514000.0,33526000.0,
2018-12-31,935282000.0,495704000.0,439578000.0,,207605000.0,,152492000.0,,155870000.0,8408000.0,147462000.0,3.84,3.68,38445000.0,40123000.0,134279000.0,,298912000.0,,45435000.0,,3406000.0,518858000.0,,155177000.0,753718000.0,276852000.0,,1790963000.0,6910000.0,66480000.0,350512000.0,423902000.0,,,,,,771925000.0,-46000.0,1324846000.0,1790963000.0,61759000.0,52740000.0,-5069000.0,53771000.0,,,,-2416000.0,43603000.0,,250203000.0,,,,,178093000.0,27424000.0,,-1682000.0,-238255000.0,,,-63595000.0,-51647000.0,6800000.0
2019-03-31,247066000.0,131018000.0,116048000.0,,57766000.0,,34491000.0,,35077000.0,7729000.0,27348000.0,0.71,0.69,38308000.0,39585000.0,39437000.0,,298980000.0,,,,3060000.0,402274000.0,,164617000.0,834572000.0,389633000.0,,1909302000.0,6011000.0,63824000.0,319900000.0,403380000.0,,,,,,798157000.0,-46000.0,1358745000.0,1909302000.0,17308000.0,14416000.0,-4785000.0,-9622000.0,,,,-1501000.0,-43147000.0,,23957000.0,,,,,199130000.0,12320000.0,,-564000.0,-194890000.0,,,76091000.0,-94842000.0,
2019-06-30,522190000.0,278282000.0,243908000.0,,123593000.0,,71157000.0,,71496000.0,12149000.0,59347000.0,1.54,1.49,38462000.0,39813000.0,11187000.0,,381379000.0,,,,2939000.0,453570000.0,,170150000.0,835911000.0,377478000.0,,1949431000.0,8062000.0,70894000.0,368488000.0,453732000.0,,,,,,830156000.0,-46000.0,1421630000.0,1949431000.0,36744000.0,29482000.0,-7440000.0,69058000.0,,,,550000.0,3479000.0,,48454000.0,,,,,199220000.0,24052000.0,,-432000.0,-195501000.0,,,23955000.0,-123092000.0,
2019-09-30,797590000.0,422965000.0,374625000.0,,187481000.0,,111210000.0,,112048000.0,12311000.0,99737000.0,2.58,2.49,38765000.0,40280000.0,161438000.0,,347982000.0,,,,2907000.0,569806000.0,,169950000.0,826040000.0,377580000.0,,2055089000.0,9060000.0,69781000.0,391560000.0,476814000.0,,,,,,870546000.0,-46000.0,1519597000.0,2055089000.0,56547000.0,44369000.0,-10329000.0,35544000.0,,,,1548000.0,27206000.0,,178527000.0,,,,,199870000.0,28833000.0,,493000.0,-203204000.0,,,51836000.0,27159000.0,
2019-12-31,1086427000.0,569527000.0,516900000.0,,257746000.0,,156367000.0,,159838000.0,13311000.0,146527000.0,3.79,3.65,38640000.0,40105000.0,232682000.0,,374089000.0,,51440000.0,,2328000.0,679697000.0,,171861000.0,840117000.0,378914000.0,,2191614000.0,14977000.0,75234000.0,412495000.0,509093000.0,,,,,,917336000.0,-46000.0,1617058000.0,2191614000.0,76672000.0,59967000.0,-6088000.0,65738000.0,,,,7403000.0,44442000.0,,254720000.0,,,,,218734000.0,37236000.0,,295000.0,-245015000.0,,,88698000.0,98403000.0,21300000.0
2020-03-31,276541000.0,147410000.0,129131000.0,,67485000.0,,33893000.0,,34883000.0,-12667000.0,47550000.0,1.2,1.16,39500000.0,41144000.0,301985000.0,,318144000.0,,,,3220000.0,712220000.0,,175460000.0,840028000.0,366506000.0,,2219376000.0,12958000.0,59765000.0,365959000.0,445055000.0,,,,,,964886000.0,-46000.0,1712832000.0,2219376000.0,19985000.0,17302000.0,-2668000.0,-56982000.0,,,,-2020000.0,-46568000.0,,56706000.0,,,,,261000.0,9349000.0,,48000.0,-15007000.0,,,27604000.0,69303000.0,
2020-06-30,547632000.0,287298000.0,260334000.0,,130006000.0,,75234000.0,,76694000.0,-24748000.0,101442000.0,2.54,2.44,39984000.0,41532000.0,351336000.0,,405731000.0,,,,3245000.0,873942000.0,,174967000.0,840028000.0,354115000.0,,2382596000.0,8640000.0,56368000.0,423037000.0,494262000.0,,,,,,1018778000.0,-46000.0,1829328000.0,2382596000.0,40270000.0,35688000.0,-3729000.0,30332000.0,,,,-6338000.0,10510000.0,,96520000.0,,,,,261000.0,16268000.0,,328000.0,-54279000.0,,,76413000.0,118654000.0,
2020-09-30,833378000.0,429535000.0,403843000.0,,196825000.0,,124890000.0,,126630000.0,-14096000.0,140726000.0,3.52,3.39,40261000.0,41606000.0,518685000.0,,362667000.0,,,,3157000.0,990599000.0,,170833000.0,840028000.0,341999000.0,33646000.0,2492163000.0,11073000.0,81688000.0,436504000.0,535045000.0,,,,,,1058062000.0,-46000.0,1898145000.0,2492163000.0,60746000.0,54112000.0,-2458000.0,-9394000.0,,,,-3904000.0,23927000.0,,266328000.0,,,,,261000.0,19064000.0,,-13000.0,-68163000.0,,,87838000.0,286003000.0,
2020-12-31,1116663000.0,574151000.0,542512000.0,,259561000.0,,172926000.0,,175042000.0,-19778000.0,194820000.0,4.87,4.69,40035000.0,41526000.0,603623000.0,,382319000.0,,52239000.0,,2479000.0,1113070000.0,,168004000.0,838428000.0,331189000.0,33792000.0,2607274000.0,14011000.0,83084000.0,461278000.0,564277000.0,,,,,,1112156000.0,-46000.0,1986111000.0,2607274000.0,81657000.0,67365000.0,-7936000.0,10733000.0,,,,-967000.0,48684000.0,,355089000.0,,,,,1292000.0,22690000.0,,-314000.0,-98320000.0,,,114172000.0,370941000.0,3300000.0
2021-03-31,294802000.0,150595000.0,144207000.0,,78774000.0,,38208000.0,,38296000.0,1320000.0,36976000.0,0.91,0.88,40611000.0,42056000.0,1250752000.0,,330824000.0,,,,4574000.0,1700352000.0,,169295000.0,851629000.0,308614000.0,33806000.0,3231790000.0,12386000.0,86522000.0,420535000.0,525356000.0,,,,,,1149132000.0,-46000.0,2060993000.0,3231790000.0,21100000.0,25724000.0,-3267000.0,-49317000.0,,,,-2292000.0,-42069000.0,,71703000.0,,,,,12049000.0,6564000.0,,-119000.0,-39694000.0,,,615120000.0,647129000.0,
2021-06-30,698877000.0,372609000.0,326268000.0,,187696000.0,,76499000.0,,64388000.0,1882000.0,62506000.0,1.53,1.48,40765000.0,42148000.0,216773000.0,,584156000.0,,,,3959000.0,928928000.0,,177712000.0,2309434000.0,1045580000.0,39139000.0,4641003000.0,106727000.0,134904000.0,484482000.0,765779000.0,,,,4902000.0,,1174662000.0,-46000.0,2107991000.0,4641003000.0,60976000.0,50899000.0,-6430000.0,46312000.0,,,,-57471000.0,20868000.0,,51356000.0,,,,,1998902000.0,14223000.0,,-39000.0,-1998692000.0,,,1560486000.0,-386850000.0,
2021-09-30,1158750000.0,636266000.0,522484000.0,,289543000.0,,132683000.0,,115621000.0,8945000.0,106676000.0,2.61,2.53,40888000.0,42286000.0,234128000.0,,538119000.0,,,,5599000.0,878256000.0,,176745000.0,2355144000.0,1086457000.0,43484000.0,4682938000.0,100569000.0,180281000.0,495250000.0,816225000.0,,,,3132000.0,2482165000.0,1218832000.0,-46000.0,2200773000.0,4682938000.0,97864000.0,80360000.0,-15681000.0,-2403000.0,,,,-64383000.0,29609000.0,,256743000.0,,,,,2088394000.0,20770000.0,,-463000.0,-2084788000.0,,,1458550000.0,-369495000.0,
2021-12-31,1592287000.0,882643000.0,709644000.0,,390579000.0,,180735000.0,,158981000.0,-2477000.0,161458000.0,3.95,3.82,40848000.0,42244000.0,309171000.0,,521059000.0,,59556000.0,,8151000.0,964331000.0,,181193000.0,2359674000.0,1052493000.0,45971000.0,4732161000.0,119988000.0,158424000.0,510529000.0,829501000.0,,,,2893000.0,2408129000.0,1273614000.0,-46000.0,2324032000.0,4732161000.0,135624000.0,104726000.0,-13271000.0,-17608000.0,,,,-44947000.0,44874000.0,,371753000.0,,,,,2089706000.0,33919000.0,,-384000.0,-2090935000.0,,,1424730000.0,-294452000.0,2200000.0
2022-03-31,456108000.0,263690000.0,192418000.0,,97895000.0,,55868000.0,,51428000.0,11444000.0,39984000.0,0.97,0.94,41364000.0,42443000.0,243262000.0,,501200000.0,,,,6878000.0,859899000.0,,177508000.0,2440843000.0,1072479000.0,45313000.0,4723806000.0,128284000.0,140938000.0,454678000.0,766460000.0,,,,8735000.0,2336072000.0,1313598000.0,-743000.0,2387734000.0,4723806000.0,38149000.0,25279000.0,-9438000.0,-20637000.0,,,,6294000.0,-56551000.0,,53541000.0,,,22672000.0,,116698000.0,4579000.0,,29000.0,-111173000.0,,,-8277000.0,-65909000.0,
2022-06-30,924792000.0,538926000.0,385866000.0,,197596000.0,,112625000.0,,102188000.0,22258000.0,79930000.0,1.93,1.88,41500000.0,42449000.0,253062000.0,,597560000.0,,,,7709000.0,957287000.0,,177907000.0,2449638000.0,1032786000.0,46217000.0,4787046000.0,130998000.0,133910000.0,528588000.0,833859000.0,,,,8807000.0,2328719000.0,1353544000.0,-809000.0,2458327000.0,4787046000.0,75866000.0,51079000.0,-19136000.0,73396000.0,,,,9130000.0,17474000.0,,130220000.0,,,40595000.0,,117313000.0,12757000.0,,-152000.0,-110378000.0,,,-75951000.0,-56109000.0,
2022-09-30,1397983000.0,807453000.0,590530000.0,,301216000.0,,173538000.0,,153974000.0,20811000.0,133163000.0,3.21,3.14,41600000.0,42425000.0,185927000.0,,561780000.0,,,,6608000.0,860150000.0,,175196000.0,2449405000.0,1004045000.0,50443000.0,4675373000.0,108121000.0,134313000.0,529233000.0,812248000.0,,,,14199000.0,2128075000.0,1406777000.0,-846000.0,2547298000.0,4675373000.0,116950000.0,77991000.0,-32845000.0,34163000.0,,,,-13750000.0,20592000.0,,259598000.0,,,55052000.0,,117706000.0,17441000.0,,-326000.0,-125754000.0,,,-257088000.0,-123244000.0,
2022-12-31,1850204000.0,1066341000.0,783863000.0,,,,214249000.0,,187593000.0,23353000.0,164240000.0,3.95,3.87,41544000.0,42399000.0,173857000.0,37000000.0,577257000.0,,128650000.0,,8239000.0,847242000.0,18500000.0,172786000.0,2489308000.0,1002164000.0,49960000.0,4687417000.0,104813000.0,131941000.0,568538000.0,889695000.0,,,,16967000.0,2063028000.0,1437854000.0,-844000.0,2624389000.0,4687417000.0,159072000.0,102985000.0,-87192000.0,51410000.0,,,,-17537000.0,59460000.0,,381455000.0,,,71034000.0,,163921000.0,22529000.0,,-443000.0,-172530000.0,,,-344239000.0,-135314000.0,38490000.0
2023-03-31,471853000.0,272016000.0,199837000.0,,,,44980000.0,,38542000.0,7667000.0,30875000.0,0.74,0.73,41832000.0,42506000.0,130845000.0,,508683000.0,,,,6738000.0,745663000.0,,167683000.0,2489084000.0,976359000.0,49828000.0,4555635000.0,122361000.0,104522000.0,497395000.0,835028000.0,,,,17423000.0,1869502000.0,1468729000.0,-750000.0,2686133000.0,4555635000.0,38112000.0,27896000.0,-18556000.0,-77563000.0,,,,17547000.0,-71579000.0,,74709000.0,,,22975000.0,,1875000.0,2020000.0,,-16000.0,-600000.0,,,-117121000.0,-43012000.0,-548000.0
2023-06-30,976133000.0,553119000.0,423014000.0,,,,106854000.0,,94672000.0,14667000.0,80005000.0,1.91,1.87,41987000.0,42751000.0,118764000.0,,638726000.0,,,,9507000.0,856880000.0,,165721000.0,2489084000.0,948990000.0,48396000.0,4635549000.0,118534000.0,126557000.0,565840000.0,854217000.0,,,,19113000.0,1867298000.0,1517859000.0,-785000.0,2768251000.0,4635549000.0,75748000.0,53924000.0,-39665000.0,51508000.0,,,,13721000.0,-3571000.0,,55525000.0,,,37107000.0,,1875000.0,6370000.0,,-16000.0,-492000.0,,,-110126000.0,-55093000.0,92933000.0
2023-09-30,1470817000.0,822643000.0,648174000.0,,,,170789000.0,,153586000.0,26570000.0,127016000.0,3.02,2.97,42087000.0,42841000.0,131486000.0,,623613000.0,,,,7286000.0,841991000.0,,165737000.0,2510488000.0,938277000.0,52313000.0,4637429000.0,132661000.0,134407000.0,600439000.0,909034000.0,,,,22547000.0,1784578000.0,1564870000.0,-522000.0,2852851000.0,4637429000.0,114198000.0,80905000.0,-44000000.0,37768000.0,,,,27848000.0,28357000.0,,233021000.0,,,45452000.0,,35540000.0,12506000.0,,-48000.0,-40610000.0,,,-234782000.0,-42371000.0,118000000.0
2023-12-31,1951751000.0,1090652000.0,861099000.0,,,,218537000.0,,198236000.0,32317000.0,165919000.0,3.95,3.88,42024000.0,42769000.0,165493000.0,,619704000.0,,184480000.0,,10303000.0,860585000.0,,169720000.0,2532109000.0,928870000.0,63182000.0,4676663000.0,146339000.0,158558000.0,632914000.0,1001138000.0,,,,22621000.0,1738668000.0,1603773000.0,-326000.0,2937995000.0,4676663000.0,154079000.0,108338000.0,-73704000.0,39878000.0,,,,41485000.0,58513000.0,,380440000.0,,,49412000.0,,62759000.0,20519000.0,,-13000.0,-76960000.0,,,-311844000.0,-8364000.0,142820000.0
2024-03-31,512359000.0,288693000.0,223666000.0,,,,66978000.0,,66639000.0,12469000.0,54170000.0,1.28,1.26,42332000.0,43100000.0,188237000.0,,542441000.0,,,,8550000.0,824421000.0,,167121000.0,2532125000.0,901434000.0,63153000.0,4608755000.0,145168000.0,106446000.0,571871000.0,872925000.0,,,,24152000.0,1585620000.0,1657943000.0,-273000.0,3023135000.0,4608755000.0,40097000.0,26866000.0,-24334000.0,-69376000.0,,,,-1140000.0,-61334000.0,,71839000.0,,,3271000.0,,1302000.0,7282000.0,,-18000.0,-12681000.0,,,-36414000.0,22744000.0,-680000.0
2024-06-30,1053335000.0,591853000.0,461482000.0,,,,145013000.0,,145304000.0,23396000.0,121908000.0,2.87,2.82,42528000.0,43286000.0,250722000.0,,700825000.0,,,,6771000.0,1042332000.0,,167635000.0,2531899000.0,878272000.0,76818000.0,4819479000.0,150444000.0,153032000.0,652302000.0,987332000.0,,,,25762000.0,1687371000.0,1725681000.0,-218000.0,3132108000.0,4819479000.0,74236000.0,57273000.0,-36807000.0,89785000.0,,,,4136000.0,19263000.0,,136143000.0,,,6351000.0,,1302000.0,13850000.0,,-21000.0,-25273000.0,,,-25641000.0,85229000.0,39062000.0
2024-09-30,1596672000.0,897730000.0,698942000.0,,,,227840000.0,,231400000.0,33595000.0,197805000.0,4.64,4.56,42714000.0,43694000.0,538296000.0,,619508000.0,,,,6423000.0,1238564000.0,,165272000.0,2531653000.0,855099000.0,83384000.0,4996508000.0,145386000.0,160689000.0,682422000.0,1021635000.0,,,,31925000.0,1721396000.0,1801578000.0,-163000.0,3275112000.0,4996508000.0,108766000.0,88460000.0,-41504000.0,7901000.0,,,,-922000.0,49383000.0,,399859000.0,,,7700000.0,,1395000.0,16734000.0,,-168000.0,-34673000.0,,,7617000.0,372803000.0,45660000.0
,,,,,,,,,,,,,,,,,,,,,,,,,,,,,,,,,,,,,,,,,,,,,,,,,,,,,,,,,,,,,,,,,,,
,,,,,,,,,,,,,,,,,,,,,,,,,,,,,,,,,,,,,,,,,,,,,,,,,,,,,,,,,,,,,,,,,,,
,,,,,,,,,,,,,,,,,,,,,,,,,,,,,,,,,,,,,,,,,,,,,,,,,,,,,,,,,,,,,,,,,,,
,,,,,,,,,,,,,,,,,,,,,,,,,,,,,,,,,,,,,,,,,,,,,,,,,,,,,,,,,,,,,,,,,,,
,,,,,,,,,,,,,,,,,,,,,,,,,,,,,,,,,,,,,,,,,,,,,,,,,,,,,,,,,,,,,,,,,,,
,,,,,,,,,,,,,,,,,,,,,,,,,,,,,,,,,,,,,,,,,,,,,,,,,,,,,,,,,,,,,,,,,,,
