Date,Net sales,Cost of sales,Gross margin,Research and development,"Selling, general and administrative",Total operating expenses,Operating income,"Other income/(expense), net",Income before provision for income taxes,Provision for income taxes,Net income,Earnings per share basic,Earnings per share diluted,Weighted-average basic,Weighted-average diluted,Cash and cash equivalents,Short-term marketable securities,"Accounts receivable, net",Inventories,Deferred tax assets,Vendor non-trade receivables,Other current assets,Total current assets,Long-term marketable securities,"Property, Plant and Equipment, Net",Goodwill,"Acquired intangible assets, net","Other Assets, Noncurrent",Total assets,accounts payable,Accrued expenses,Deferred revenue,Total current liabilities,Deferred revenue - non-current,deferred tax liabilities,long term taxes payable,Total other non-current liabilities,Total liabilities,Retained Earnings (Accumulated Deficit),Accumulated other comprehensive (loss)/income,Total shareholders equity,Total liabilities and shareholders' equity,"Depreciation, amortization and accretion",Stock-based compensation expense,Deferred income tax expense,"Increase (Decrease) in Accounts receivable, net",Increase (Decrease) in Inventories,Increase (Decrease) in Other Receivables,Increase (Decrease) in Other Operating Assets,Increase (Decrease) in Accounts Payable,Increase (Decrease) in Deferred Revenue,Increase (Decrease) Other liabilities,Cash generated by operating activities,Purchases of marketable securities,Proceeds from maturities of marketable securities,Proceeds from sales of marketable securities,Purchases of other long-term investments,"Business acquisitions, net of cash acquired",Cash payments for capital asset purchases,Payments for acquisition of intangible assets,Payments for (Proceeds from) Other Investing Activities,Cash used in investing activities,Proceeds from issuance of common stock,Excess tax benefits from stock-based compensation,Cash generated/used in financing activities,Increase/(decrease) in cash and cash equivalents,"Cash paid for income taxes, net"
2010-09-30,14796000000.0,,,,,13758000000.0,1038000000.0,-463000000.0,575000000.0,-1000000.0,578000000.0,3.44,2.78,,,4938000000.0,,,,74000000.0,,,7070000000.0,,9490000000.0,,2400000000.0,802000000.0,20055000000.0,889000000.0,,,8256000000.0,,583000000.0,,1091000000.0,,-5377000000.0,48000000.0,-2206000000.0,20055000000.0,,,,-273000000.0,,,,,,,1801000000.0,,,,,,212000000.0,,-6000000.0,-152000000.0,,,247000000.0,1896000000.0,
2010-12-31,23229000000.0,,,,,22253000000.0,976000000.0,-726000000.0,250000000.0,,253000000.0,1.22,1.08,,,8069000000.0,,,,591000000.0,,,12045000000.0,,16945000000.0,4523000000.0,4917000000.0,715000000.0,39598000000.0,1805000000.0,,,12645000000.0,,1585000000.0,,2704000000.0,,-5703000000.0,387000000.0,1727000000.0,39598000000.0,,14000000.0,6000000.0,2000000.0,,,-26000000.0,255000000.0,,,1907000000.0,,,,,,371000000.0,,-6000000.0,3320000000.0,,,-200000000.0,5027000000.0,
2011-03-31,8202000000.0,,,,,8168000000.0,34000000.0,-245000000.0,-211000000.0,2000000.0,-213000000.0,,,,,8165000000.0,,,,554000000.0,,,13148000000.0,,16832000000.0,4523000000.0,4866000000.0,731000000.0,40552000000.0,1897000000.0,,,13874000000.0,,1549000000.0,,2615000000.0,,-5916000000.0,756000000.0,1912000000.0,40552000000.0,,,,379000000.0,,,,,,,1005000000.0,,,,,,205000000.0,,-2000000.0,-320000000.0,,,-589000000.0,96000000.0,
2011-06-30,18011000000.0,,,,,17169000000.0,842000000.0,-511000000.0,542000000.0,6000000.0,538000000.0,1.63,1.39,330000000.0,400000000.0,7519000000.0,,,,622000000.0,,,12391000000.0,,16690000000.0,4523000000.0,4815000000.0,816000000.0,39694000000.0,1999000000.0,,,12762000000.0,,1618000000.0,,1314000000.0,,-5378000000.0,242000000.0,1942000000.0,39694000000.0,,,,387000000.0,,,,202000000.0,,,1758000000.0,,,,,,350000000.0,,,-829000000.0,,,-1479000000.0,-550000000.0,
2011-09-30,28182000000.0,,,,,26405000000.0,1777000000.0,-786000000.0,991000000.0,13000000.0,978000000.0,2.96,2.59,330000000.0,396000000.0,6984000000.0,,,,643000000.0,,,11986000000.0,,16549000000.0,4523000000.0,4772000000.0,795000000.0,39054000000.0,1808000000.0,,,11898000000.0,,1641000000.0,,1322000000.0,,-4725000000.0,-45000000.0,2312000000.0,39054000000.0,,,,517000000.0,,,,1000000.0,,,2143000000.0,,,,,,510000000.0,,,-1282000000.0,,,-1946000000.0,-1085000000.0,
2011-12-31,37110000000.0,,,,,35288000000.0,1822000000.0,-977000000.0,845000000.0,5000000.0,840000000.0,2.54,2.26,329000000.0,383000000.0,6246000000.0,,,,-988000000.0,,,10997000000.0,,16419000000.0,4523000000.0,4750000000.0,770000000.0,37988000000.0,1998000000.0,,,11394000000.0,,1603000000.0,,1395000000.0,,-4863000000.0,-417000000.0,1806000000.0,37988000000.0,,17000000.0,-6000000.0,87000000.0,,,181000000.0,177000000.0,,220000000.0,2408000000.0,,,,,,700000000.0,,-1000000.0,-1799000000.0,,,-2432000000.0,-1823000000.0,10000000.0
2012-03-31,8602000000.0,,,,,8873000000.0,-271000000.0,-176000000.0,-447000000.0,1000000.0,-448000000.0,,,,,5606000000.0,,,,610000000.0,,,11261000000.0,,16444000000.0,4523000000.0,4712000000.0,730000000.0,38199000000.0,2220000000.0,,,12486000000.0,,1596000000.0,,1351000000.0,,-5311000000.0,-280000000.0,1510000000.0,38199000000.0,,,,427000000.0,,,,230000000.0,,-470000000.0,124000000.0,,,,,,266000000.0,,,-362000000.0,,,-402000000.0,-640000000.0,
2012-06-30,18541000000.0,,,,,18237000000.0,575000000.0,-411000000.0,340000000.0,2000000.0,339000000.0,1.02,0.89,331000000.0,393000000.0,6086000000.0,,,,658000000.0,,,11708000000.0,,16577000000.0,4523000000.0,4681000000.0,10409000000.0,38694000000.0,2165000000.0,,,13312000000.0,,1646000000.0,,1364000000.0,,-4972000000.0,-499000000.0,1635000000.0,38694000000.0,,,,402000000.0,,,,153000000.0,,-86000000.0,1083000000.0,,,,,,552000000.0,,,-575000000.0,,,-668000000.0,-160000000.0,
2012-09-30,28450000000.0,,,,,27946000000.0,504000000.0,-596000000.0,-92000000.0,11000000.0,-103000000.0,-0.31,-0.31,331000000.0,332000000.0,5129000000.0,,,,641000000.0,,,10774000000.0,,16810000000.0,4523000000.0,4650000000.0,10321000000.0,37905000000.0,2188000000.0,,,13057000000.0,,1649000000.0,,1356000000.0,,-4965000000.0,-319000000.0,1827000000.0,37905000000.0,,,,434000000.0,,,,169000000.0,,360000000.0,845000000.0,,,,,,774000000.0,,,-805000000.0,,,-1157000000.0,-1117000000.0,
2012-12-31,37152000000.0,,,,,37113000000.0,39000000.0,-763000000.0,-724000000.0,-1000000.0,-723000000.0,-2.18,-2.18,331000000.0,331000000.0,4770000000.0,,,,-1000000000.0,,,10049000000.0,,17292000000.0,4523000000.0,4597000000.0,10287000000.0,37628000000.0,2312000000.0,,,12818000000.0,,1543000000.0,,1366000000.0,,-5586000000.0,-1046000000.0,481000000.0,37628000000.0,,14000000.0,13000000.0,21000000.0,,,484000000.0,285000000.0,,415000000.0,935000000.0,,,,,,2016000000.0,,1000000.0,-1957000000.0,,,-454000000.0,-1476000000.0,2000000.0
2013-03-31,8721000000.0,,,,,8985000000.0,-264000000.0,-162000000.0,-426000000.0,-9000000.0,-417000000.0,,,,,3538000000.0,,,,494000000.0,,,9148000000.0,,17437000000.0,4523000000.0,4561000000.0,10257000000.0,36842000000.0,2293000000.0,,,12892000000.0,,1485000000.0,,1328000000.0,,-6003000000.0,-1027000000.0,94000000.0,36842000000.0,,,,,,,,,,,393000000.0,,,,,,375000000.0,,,-431000000.0,,,-1194000000.0,-1232000000.0,
2013-06-30,18722000000.0,,,,,18216000000.0,770000000.0,-461000000.0,471000000.0,-7000000.0,469000000.0,1.37,1.21,341000000.0,394000000.0,4143000000.0,,,,540000000.0,,,9621000000.0,,17584000000.0,4523000000.0,4523000000.0,10263000000.0,37468000000.0,2298000000.0,,,12927000000.0,,1542000000.0,,1392000000.0,,-5534000000.0,-569000000.0,1217000000.0,37468000000.0,,,,,,,,,,,1541000000.0,,,,,,821000000.0,,,-833000000.0,,,-1335000000.0,-627000000.0,
2013-09-30,28950000000.0,,,,,27936000000.0,1014000000.0,-587000000.0,427000000.0,-4000000.0,431000000.0,1.25,1.15,357000000.0,395000000.0,3935000000.0,,,,568000000.0,,,9389000000.0,,17766000000.0,4523000000.0,4487000000.0,10105000000.0,37260000000.0,2126000000.0,,,12604000000.0,,1573000000.0,,1298000000.0,,-5155000000.0,-493000000.0,1728000000.0,37260000000.0,,,,,,,,,,,1778000000.0,,,,,,1399000000.0,,-22000000.0,-1299000000.0,,,-1314000000.0,-835000000.0,
2013-12-31,38279000000.0,,,,,37030000000.0,1249000000.0,-710000000.0,539000000.0,-32000000.0,571000000.0,1.64,1.53,348000000.0,390000000.0,3220000000.0,,,,-987000000.0,,,8702000000.0,,18047000000.0,4523000000.0,4436000000.0,10063000000.0,36812000000.0,2087000000.0,,,12107000000.0,,1662000000.0,,1283000000.0,,-5015000000.0,608000000.0,2984000000.0,36812000000.0,,11000000.0,-14000000.0,142000000.0,,,-164000000.0,-265000000.0,,-201000000.0,1444000000.0,,,,,,2164000000.0,,-58000000.0,-2022000000.0,,,-972000000.0,-1550000000.0,-20000000.0
2014-03-31,8696000000.0,,,,,9045000000.0,-349000000.0,-257000000.0,-606000000.0,3000000.0,-609000000.0,-1.66,-1.66,,,3009000000.0,,,,620000000.0,,,8788000000.0,,18384000000.0,4523000000.0,4402000000.0,10013000000.0,37185000000.0,2332000000.0,,,13091000000.0,,1608000000.0,,1281000000.0,,-5624000000.0,580000000.0,2579000000.0,37185000000.0,,,,,,,,,,,694000000.0,,,,,,364000000.0,,-7000000.0,-427000000.0,,,-478000000.0,-211000000.0,
2014-06-30,19025000000.0,,,,,18468000000.0,906000000.0,-372000000.0,791000000.0,5000000.0,789000000.0,2.11,2.01,373000000.0,396000000.0,3424000000.0,,,,586000000.0,,,9619000000.0,,18857000000.0,4523000000.0,4372000000.0,9971000000.0,38447000000.0,2441000000.0,,,13334000000.0,,1576000000.0,,1371000000.0,,-4835000000.0,589000000.0,3347000000.0,38447000000.0,,,,,,,,,,,2158000000.0,,,,,,953000000.0,,-8000000.0,-1332000000.0,,,-622000000.0,204000000.0,
2014-09-30,29588000000.0,,,,,27840000000.0,1748000000.0,-643000000.0,1105000000.0,-4000000.0,1104000000.0,2.97,2.84,370000000.0,395000000.0,3117000000.0,,,,582000000.0,,,9225000000.0,,18943000000.0,4523000000.0,4330000000.0,9843000000.0,38011000000.0,2085000000.0,,,12864000000.0,,1570000000.0,,1371000000.0,,-3911000000.0,388000000.0,3864000000.0,38011000000.0,,,,,,,,,,,2732000000.0,,,,,,1345000000.0,,-34000000.0,-1630000000.0,,,-1205000000.0,-103000000.0,
2014-12-31,38901000000.0,,,,,36528000000.0,2373000000.0,-1245000000.0,1128000000.0,-4000000.0,1132000000.0,3.05,2.93,371000000.0,390000000.0,2002000000.0,,,,-1000000000.0,,,8138000000.0,,19467000000.0,4523000000.0,4284000000.0,9748000000.0,37353000000.0,1882000000.0,,,12508000000.0,,1591000000.0,,11757000000.0,,-3883000000.0,-1079000000.0,2396000000.0,37353000000.0,,,13000000.0,-209000000.0,,,34000000.0,-251000000.0,,-238000000.0,2634000000.0,,,,,,2005000000.0,,-37000000.0,-2256000000.0,,,-1596000000.0,-1218000000.0,-16000000.0
2015-03-31,8608000000.0,,,,,7867000000.0,741000000.0,-230000000.0,511000000.0,3000000.0,508000000.0,1.33,1.32,382000000.0,384000000.0,3352000000.0,,,,575000000.0,,,9509000000.0,,19862000000.0,4523000000.0,4257000000.0,9720000000.0,39091000000.0,2074000000.0,,,13969000000.0,,1577000000.0,,11640000000.0,,-3375000000.0,-977000000.0,3008000000.0,39091000000.0,,,,,,,,,,,1825000000.0,,,,,,210000000.0,,-19000000.0,-45000000.0,,,-430000000.0,1350000000.0,
2015-06-30,18522000000.0,,,,,16336000000.0,2186000000.0,-478000000.0,1708000000.0,7000000.0,1701000000.0,4.46,4.45,381000000.0,382000000.0,2796000000.0,,,,619000000.0,,,8793000000.0,,20701000000.0,4523000000.0,4220000000.0,9873000000.0,39367000000.0,2322000000.0,,,13810000000.0,,1623000000.0,,10934000000.0,,-2182000000.0,-812000000.0,4122000000.0,39367000000.0,,,,,,,,,,,3577000000.0,,,,,,1311000000.0,,-37000000.0,-1173000000.0,,,-1610000000.0,794000000.0,
2015-09-30,28828000000.0,,,,,24743000000.0,4085000000.0,-771000000.0,3314000000.0,-3210000000.0,6517000000.0,17.19,17.15,379000000.0,380000000.0,3427000000.0,,,,1306000000.0,,,10097000000.0,,21176000000.0,4523000000.0,4193000000.0,10596000000.0,41869000000.0,2082000000.0,,,13488000000.0,,,,9154000000.0,,2634000000.0,-934000000.0,8555000000.0,41869000000.0,,,,,,,,,,,4877000000.0,,,,,,1984000000.0,,-23000000.0,-1719000000.0,,,-1733000000.0,1425000000.0,
2015-12-31,37864000000.0,,,,,32698000000.0,5166000000.0,-947000000.0,4219000000.0,-3121000000.0,7340000000.0,19.52,19.47,376000000.0,377000000.0,3006000000.0,,,7000000.0,2037000000.0,,,7828000000.0,,21580000000.0,4523000000.0,4136000000.0,11453000000.0,40861000000.0,1869000000.0,,,12414000000.0,,,,9081000000.0,,3457000000.0,-831000000.0,8966000000.0,40861000000.0,,,-3177000000.0,15000000.0,,,160000000.0,-77000000.0,,-198000000.0,5992000000.0,,,,,,2747000000.0,,22000000.0,-2493000000.0,,,-2495000000.0,1004000000.0,15000000.0
2016-03-31,8195000000.0,,,,,7546000000.0,649000000.0,-155000000.0,494000000.0,181000000.0,313000000.0,0.88,0.88,354000000.0,355000000.0,1795000000.0,,,,,,,7224000000.0,,22006000000.0,4523000000.0,4112000000.0,11143000000.0,40373000000.0,2065000000.0,,,13380000000.0,,,,8956000000.0,,3770000000.0,-777000000.0,7840000000.0,40373000000.0,,,,,,,,,,,1199000000.0,,,,,,816000000.0,,-1000000.0,-797000000.0,,,-1613000000.0,-1211000000.0,
2016-06-30,17591000000.0,,,,,15882000000.0,1709000000.0,-284000000.0,1425000000.0,524000000.0,901000000.0,2.63,2.63,342000000.0,343000000.0,2483000000.0,,,,,,,7844000000.0,,22388000000.0,4523000000.0,3677000000.0,10244000000.0,40476000000.0,2240000000.0,,,13982000000.0,,,,8695000000.0,,4358000000.0,-734000000.0,7784000000.0,40476000000.0,,,,,,,,,,,3746000000.0,,,,,,1654000000.0,,6000000.0,-1619000000.0,,,-2650000000.0,-523000000.0,
2016-09-30,27504000000.0,,,,,24171000000.0,3333000000.0,-398000000.0,2935000000.0,1069000000.0,1866000000.0,5.57,5.57,335000000.0,335000000.0,2630000000.0,,,,,,,7970000000.0,,22645000000.0,4523000000.0,3654000000.0,9712000000.0,40327000000.0,2138000000.0,,,13253000000.0,,,,8271000000.0,,5323000000.0,-798000000.0,8439000000.0,40327000000.0,,,,,,,,,,,4884000000.0,,,,,,2343000000.0,,5000000.0,-2282000000.0,,,-2978000000.0,-376000000.0,
2016-12-31,36556000000.0,,,,,32218000000.0,4338000000.0,-519000000.0,3819000000.0,1556000000.0,2263000000.0,6.86,6.85,329900000.0,330300000.0,2179000000.0,,,,655000000.0,,,7309000000.0,,23318000000.0,4523000000.0,3632000000.0,9513000000.0,40140000000.0,2139000000.0,,,12286000000.0,,,,8455000000.0,,3427000000.0,-829000000.0,8659000000.0,40140000000.0,,,1648000000.0,16000000.0,,,298000000.0,239000000.0,,-114000000.0,5542000000.0,,,,,,3223000000.0,,-13000000.0,-3238000000.0,,,-3213000000.0,,14000000.0
2017-03-31,8420000000.0,,,,,8142000000.0,278000000.0,-133000000.0,145000000.0,49000000.0,96000000.0,0.31,0.31,313700000.0,314600000.0,2164000000.0,,,,,,,7724000000.0,,24241000000.0,4523000000.0,3612000000.0,9480000000.0,41445000000.0,2135000000.0,,,12662000000.0,,,,8320000000.0,,3536000000.0,-836000000.0,8449000000.0,41445000000.0,,,,,,,,,,,547000000.0,,,,,,691000000.0,,-8000000.0,-643000000.0,,,86000000.0,,
2017-06-30,18420000000.0,,,,,16743000000.0,1677000000.0,-258000000.0,1419000000.0,505000000.0,914000000.0,2.95,2.94,310300000.0,311100000.0,2371000000.0,,,,,,,8248000000.0,,25017000000.0,4523000000.0,3592000000.0,9042000000.0,42307000000.0,2225000000.0,,,13596000000.0,,,,8245000000.0,,4354000000.0,-844000000.0,8854000000.0,42307000000.0,,,,,,,,,,,2108000000.0,,,,,,1780000000.0,,-123000000.0,-1678000000.0,,,-232000000.0,,
2017-09-30,28298000000.0,,,,,25529000000.0,2769000000.0,-370000000.0,2399000000.0,848000000.0,1551000000.0,5.06,5.04,306800000.0,307600000.0,1870000000.0,,,,,,,7877000000.0,,25629000000.0,4523000000.0,3558000000.0,9059000000.0,42565000000.0,2231000000.0,,,13087000000.0,,253000000.0,,8206000000.0,,4991000000.0,-824000000.0,8970000000.0,42565000000.0,,,,,,,,,,,2685000000.0,,,,,,2900000000.0,,-142000000.0,-2954000000.0,,,-55000000.0,,
2017-12-31,37736000000.0,,,,,34238000000.0,3498000000.0,-499000000.0,2999000000.0,868000000.0,2131000000.0,7.04,7.02,302700000.0,303600000.0,1482000000.0,,,,3009000000.0,,,7113000000.0,,26208000000.0,4523000000.0,3539000000.0,9005000000.0,42326000000.0,2196000000.0,,,12676000000.0,,225000000.0,,8145000000.0,,4621000000.0,-1147000000.0,8806000000.0,42326000000.0,,,945000000.0,183000000.0,,,533000000.0,66000000.0,,-478000000.0,3413000000.0,,,,,,3998000000.0,,-120000000.0,-3930000000.0,,,-195000000.0,,20000000.0
2018-03-31,9032000000.0,,,,,8756000000.0,276000000.0,-92000000.0,184000000.0,37000000.0,147000000.0,,,283900000.0,284900000.0,2404000000.0,,,,,,,8287000000.0,,26739000000.0,4523000000.0,3521000000.0,8992000000.0,44018000000.0,2399000000.0,,,14183000000.0,,250000000.0,,8314000000.0,,4684000000.0,-1114000000.0,8336000000.0,44018000000.0,,,,,,,,,,,1733000000.0,,,,,,979000000.0,,-2000000.0,-730000000.0,,,-84000000.0,,
2018-06-30,19809000000.0,,,,,18372000000.0,1437000000.0,-396000000.0,1041000000.0,210000000.0,831000000.0,2.97,2.96,279300000.0,280200000.0,2884000000.0,,,,,,,8881000000.0,,26946000000.0,4523000000.0,3399000000.0,8864000000.0,44691000000.0,2703000000.0,,,14092000000.0,,,,8461000000.0,,5367000000.0,-1102000000.0,8639000000.0,44691000000.0,,,,,,,,,,,4175000000.0,,,,,,1734000000.0,,-7000000.0,-1717000000.0,,,-1058000000.0,1400000000.0,
2018-09-30,30812000000.0,,,,,28172000000.0,2640000000.0,-538000000.0,2102000000.0,435000000.0,1667000000.0,6.02,5.99,277000000.0,278000000.0,2621000000.0,,,,,,,8671000000.0,,27308000000.0,4523000000.0,3382000000.0,8858000000.0,44837000000.0,2581000000.0,,,13684000000.0,,,,8350000000.0,,6203000000.0,-1089000000.0,9469000000.0,44837000000.0,,,,,,,,,,,5080000000.0,,,,,,2592000000.0,,-94000000.0,-2603000000.0,,,-1342000000.0,1135000000.0,
2018-12-31,41303000000.0,,,,,38011000000.0,3292000000.0,-634000000.0,2658000000.0,529000000.0,2129000000.0,7.73,7.7,275500000.0,276700000.0,1694000000.0,,,,2864000000.0,,,7194000000.0,,28329000000.0,4523000000.0,3159000000.0,9269000000.0,44792000000.0,2363000000.0,,,13212000000.0,,,,8236000000.0,,6668000000.0,-803000000.0,9995000000.0,44792000000.0,,,515000000.0,29000000.0,,,-29000000.0,130000000.0,,-82000000.0,6181000000.0,,,,,,4177000000.0,,-155000000.0,-4563000000.0,,,-1410000000.0,208000000.0,19000000.0
2019-03-31,9589000000.0,,,,,9094000000.0,495000000.0,-128000000.0,367000000.0,75000000.0,292000000.0,,,267000000.0,268300000.0,1848000000.0,,,,,,,7608000000.0,,28586000000.0,4523000000.0,3144000000.0,9380000000.0,50639000000.0,2707000000.0,,,15335000000.0,,,,7387000000.0,,6999000000.0,-793000000.0,9802000000.0,50639000000.0,,,,,,,,,,,1915000000.0,,,,,,1609000000.0,,-12000000.0,-1580000000.0,,,-183000000.0,152000000.0,
2019-06-30,20991000000.0,,,,,19024000000.0,1967000000.0,-246000000.0,1721000000.0,377000000.0,1344000000.0,5.09,5.07,263900000.0,264900000.0,3221000000.0,,,,,,,8910000000.0,,28918000000.0,4523000000.0,3129000000.0,9414000000.0,52150000000.0,3033000000.0,604000000.0,,16078000000.0,,,,980000000.0,,8050000000.0,-807000000.0,10320000000.0,52150000000.0,,,,,,,,,,,4625000000.0,,,,,,2467000000.0,,-17000000.0,-2436000000.0,,,-662000000.0,1527000000.0,
2019-09-30,32371000000.0,,,,,28931000000.0,3440000000.0,-370000000.0,3070000000.0,702000000.0,2368000000.0,9.07,9.04,261000000.0,262000000.0,2959000000.0,,,,,,,8533000000.0,,29332000000.0,4523000000.0,3114000000.0,9397000000.0,52199000000.0,2848000000.0,574000000.0,,15691000000.0,,,,981000000.0,,9075000000.0,-504000000.0,11301000000.0,52199000000.0,,,,,,,,,,,5728000000.0,,,,,,3336000000.0,,10000000.0,-3231000000.0,,,-1233000000.0,1264000000.0,
2019-12-31,43259000000.0,,,,,38958000000.0,4301000000.0,-387000000.0,3914000000.0,905000000.0,3009000000.0,11.63,11.58,258800000.0,259900000.0,2762000000.0,,,,4060000000.0,,,8194000000.0,,30170000000.0,4523000000.0,3009000000.0,9489000000.0,52611000000.0,2703000000.0,566000000.0,,14938000000.0,,,,1024000000.0,,9716000000.0,-718000000.0,11531000000.0,52611000000.0,,,882000000.0,-44000000.0,,,252000000.0,324000000.0,,-302000000.0,6909000000.0,,,,,,4528000000.0,,-79000000.0,-4560000000.0,,,-1280000000.0,1069000000.0,29000000.0
2020-03-31,7979000000.0,,,,,8951000000.0,-972000000.0,-1142000000.0,-2114000000.0,-410000000.0,-1704000000.0,,,248500000.0,248500000.0,3442000000.0,,,,,,,7905000000.0,,,4523000000.0,2945000000.0,8486000000.0,53055000000.0,2436000000.0,538000000.0,,16087000000.0,,,,1179000000.0,,7991000000.0,-771000000.0,9418000000.0,53055000000.0,,,,,,,,,,,63000000.0,,,,,,1959000000.0,,-1000000.0,-1572000000.0,,,2189000000.0,680000000.0,
2020-06-30,9454000000.0,,,,,12063000000.0,-2609000000.0,-1508000000.0,-4117000000.0,-786000000.0,-3331000000.0,-12.59,-12.59,280700000.0,280700000.0,6505000000.0,,,,,,,10041000000.0,,,4523000000.0,2852000000.0,8387000000.0,54901000000.0,1725000000.0,558000000.0,,16395000000.0,,,,1430000000.0,,6365000000.0,-1259000000.0,8517000000.0,54901000000.0,,,,,,,,,,,-67000000.0,,,,,,1998000000.0,,-14000000.0,-760000000.0,1100000000.0,,4571000000.0,3744000000.0,
2020-09-30,11943000000.0,,,,,16167000000.0,-4224000000.0,-2225000000.0,-6449000000.0,-1277000000.0,-5200000000.0,-18.91,-18.91,291000000.0,291000000.0,13150000000.0,,,,,,,16476000000.0,,,4527000000.0,2852000000.0,8519000000.0,61189000000.0,1831000000.0,944000000.0,,15791000000.0,,,,1174000000.0,,4524000000.0,-1009000000.0,7003000000.0,61189000000.0,,,,,,,,,,,-1956000000.0,,,,,,1630000000.0,,-10000000.0,10000000.0,1100000000.0,,12476000000.0,10530000000.0,
2020-12-31,15355000000.0,,,,,21714000000.0,-6359000000.0,-2463000000.0,-8822000000.0,-1753000000.0,-7100000000.0,-25.3,-25.3,279400000.0,279400000.0,11269000000.0,,,,131000000.0,,,14800000000.0,,,4527000000.0,2838000000.0,8745000000.0,59548000000.0,1595000000.0,724000000.0,,12725000000.0,,,,1156000000.0,,2626000000.0,-1139000000.0,5960000000.0,59548000000.0,2488000000.0,,-1741000000.0,-135000000.0,,,-484000000.0,-1079000000.0,,-26000000.0,-4133000000.0,,,,,,1727000000.0,,-10000000.0,50000000.0,2100000000.0,,12957000000.0,8874000000.0,-29000000.0
2021-03-31,3221000000.0,,,,,4602000000.0,-1381000000.0,-370000000.0,-1751000000.0,-394000000.0,-1357000000.0,,,316600000.0,,12666000000.0,,,,,,,16019000000.0,,,4527000000.0,2840000000.0,9212000000.0,61662000000.0,1838000000.0,724000000.0,,14167000000.0,,,,1298000000.0,,1239000000.0,-1126000000.0,5206000000.0,61662000000.0,623000000.0,,,,,,,,,,447000000.0,,,,,,444000000.0,,-10000000.0,-329000000.0,500000000.0,,1278000000.0,1396000000.0,
2021-06-30,8692000000.0,,,,,10343000000.0,-1651000000.0,-664000000.0,-2315000000.0,-524000000.0,-1791000000.0,-5.6,-5.6,323600000.0,323600000.0,20838000000.0,,,,,,,24673000000.0,,,4527000000.0,2827000000.0,9624000000.0,71049000000.0,2218000000.0,819000000.0,,18064000000.0,,,,1350000000.0,,804000000.0,-1114000000.0,4904000000.0,71049000000.0,1243000000.0,,,,,,,,,,3122000000.0,,,,,,1305000000.0,,-11000000.0,-1110000000.0,500000000.0,,7554000000.0,9566000000.0,
2021-09-30,16442000000.0,,,,,17056000000.0,1037000000.0,-1098000000.0,-1712000000.0,-394000000.0,-1318000000.0,-4.1,-4.1,323700000.0,329000000.0,19256000000.0,,,,,,,23057000000.0,,,4527000000.0,2815000000.0,9412000000.0,69294000000.0,2199000000.0,1083000000.0,,16935000000.0,,,,1360000000.0,,1271000000.0,-1124000000.0,5431000000.0,69294000000.0,1866000000.0,,,,,,,,,,2336000000.0,,,,,,1571000000.0,,-23000000.0,-1324000000.0,500000000.0,,6971000000.0,7983000000.0,
2021-12-31,24634000000.0,,,,,25656000000.0,-1022000000.0,-1535000000.0,-2557000000.0,-593000000.0,-1964000000.0,-6.1,-6.1,321900000.0,321900000.0,18283000000.0,,,,659000000.0,,,21834000000.0,,,4527000000.0,2803000000.0,9622000000.0,68175000000.0,2562000000.0,560000000.0,,18304000000.0,,,,1284000000.0,,625000000.0,-942000000.0,5029000000.0,68175000000.0,2485000000.0,,-583000000.0,448000000.0,,,292000000.0,985000000.0,,-403000000.0,2067000000.0,,,,,,2107000000.0,,1000000.0,-1672000000.0,,,6396000000.0,6791000000.0,0.0
2022-03-31,7566000000.0,,,,,8942000000.0,-1376000000.0,-376000000.0,-1752000000.0,-375000000.0,-1377000000.0,-4.24,-4.24,325000000.0,325000000.0,18468000000.0,,,,,,,22612000000.0,,,4527000000.0,2792000000.0,9966000000.0,69038000000.0,2966000000.0,613000000.0,,21788000000.0,,,,1293000000.0,,-844000000.0,-937000000.0,3624000000.0,69038000000.0,611000000.0,,,,,,,,,,1476000000.0,,,,,,402000000.0,,0.0,-430000000.0,,,-856000000.0,190000000.0,
2022-06-30,19678000000.0,,,,,20176000000.0,878000000.0,-795000000.0,-1293000000.0,-245000000.0,-1048000000.0,-3.22,-3.22,326700000.0,330300000.0,16885000000.0,,,,,,,24371000000.0,,,4527000000.0,2782000000.0,9717000000.0,70381000000.0,3755000000.0,678000000.0,,23444000000.0,,,,1297000000.0,,-515000000.0,-944000000.0,3964000000.0,70381000000.0,1222000000.0,,,,,,,,,,4167000000.0,,,,,,952000000.0,,13000000.0,-3914000000.0,,,-1654000000.0,-1401000000.0,
2022-09-30,32555000000.0,,,,,31595000000.0,1458000000.0,-1100000000.0,1153000000.0,211000000.0,942000000.0,2.88,2.86,326800000.0,329500000.0,11258000000.0,,,,,,,22689000000.0,,,4527000000.0,2772000000.0,9493000000.0,68968000000.0,3534000000.0,746000000.0,,21989000000.0,,,,1354000000.0,,421000000.0,-964000000.0,4898000000.0,68968000000.0,1832000000.0,,,,,,,,,,4908000000.0,,,,,,2280000000.0,,23000000.0,-9442000000.0,,,-2472000000.0,-7006000000.0,
2022-12-31,44955000000.0,,,,,42618000000.0,2337000000.0,-1347000000.0,990000000.0,253000000.0,737000000.0,2.26,2.23,326400000.0,330100000.0,7166000000.0,,,,91000000.0,,,20058000000.0,,,4527000000.0,2762000000.0,8963000000.0,67358000000.0,3395000000.0,779000000.0,,19992000000.0,,,,1369000000.0,,1265000000.0,175000000.0,6896000000.0,67358000000.0,2456000000.0,,248000000.0,158000000.0,,,86000000.0,796000000.0,,110000000.0,6066000000.0,,,,,,4819000000.0,,69000000.0,-13829000000.0,,,-3349000000.0,-11112000000.0,8000000.0
2023-03-31,11429000000.0,,,,,11472000000.0,-43000000.0,-213000000.0,-256000000.0,-62000000.0,-194000000.0,-0.59,-0.59,327400000.0,327400000.0,7634000000.0,,,,,,,21586000000.0,,,4527000000.0,2753000000.0,8975000000.0,70417000000.0,3858000000.0,897000000.0,,23635000000.0,,,,1386000000.0,,1020000000.0,161000000.0,6668000000.0,70417000000.0,655000000.0,,,,,,,,,,3142000000.0,,,,,,1843000000.0,,-6000000.0,-1968000000.0,,,-563000000.0,611000000.0,
2023-06-30,25607000000.0,,,,,24133000000.0,1517000000.0,-343000000.0,1387000000.0,312000000.0,1075000000.0,3.28,3.24,328000000.0,331500000.0,9605000000.0,,,,,,,23306000000.0,,,4527000000.0,2744000000.0,8912000000.0,73341000000.0,4172000000.0,826000000.0,,25575000000.0,,,,1367000000.0,,2095000000.0,103000000.0,7705000000.0,73341000000.0,1324000000.0,,,,,,,,,,6941000000.0,,,,,,3263000000.0,,-1000000.0,-3427000000.0,,,-1054000000.0,2460000000.0,
2023-09-30,40091000000.0,,,,,36878000000.0,3213000000.0,-597000000.0,2616000000.0,598000000.0,2018000000.0,6.16,6.08,328000000.0,332400000.0,7478000000.0,,,,,,,21912000000.0,,,4527000000.0,2735000000.0,8906000000.0,73153000000.0,4206000000.0,812000000.0,,24756000000.0,,,,1400000000.0,,3232000000.0,91000000.0,8853000000.0,73153000000.0,1987000000.0,,,,,,,,,,7821000000.0,,,,,,5105000000.0,,17000000.0,-5363000000.0,,,-1769000000.0,689000000.0,
2023-12-31,53717000000.0,,,,,49506000000.0,4211000000.0,-824000000.0,3387000000.0,769000000.0,2618000000.0,7.98,7.89,327800000.0,331900000.0,6058000000.0,,,,7707000000.0,,,18487000000.0,,,4527000000.0,2725000000.0,8888000000.0,71104000000.0,3835000000.0,806000000.0,,22203000000.0,,,,1414000000.0,,3831000000.0,-62000000.0,9324000000.0,71104000000.0,2671000000.0,,756000000.0,100000000.0,,,,572000000.0,,1038000000.0,6911000000.0,,,,,,7171000000.0,,23000000.0,-6106000000.0,,,-1892000000.0,-1087000000.0,7000000.0
2024-03-31,12539000000.0,,,,,12440000000.0,99000000.0,-263000000.0,-164000000.0,-40000000.0,-124000000.0,-0.38,-0.38,328300000.0,328300000.0,8401000000.0,,,,,,,18696000000.0,,,4527000000.0,2717000000.0,8841000000.0,71902000000.0,4344000000.0,910000000.0,,24764000000.0,,,,1453000000.0,,3664000000.0,-81000000.0,9188000000.0,71902000000.0,708000000.0,,,,,,,,,,2847000000.0,,,,,,1366000000.0,,4000000.0,1441000000.0,,,-1938000000.0,2350000000.0,
2024-06-30,27525000000.0,,,,,25497000000.0,2028000000.0,-453000000.0,1739000000.0,416000000.0,1323000000.0,4.02,3.96,328800000.0,333900000.0,10864000000.0,,,,,,,20003000000.0,,,4527000000.0,2699000000.0,8783000000.0,73254000000.0,4478000000.0,894000000.0,,25855000000.0,,,,1440000000.0,,4986000000.0,-97000000.0,10526000000.0,73254000000.0,1427000000.0,,,,,,,,,,5723000000.0,,,,,,2530000000.0,,3000000.0,1575000000.0,,,-2518000000.0,4780000000.0,
2024-09-30,42368000000.0,,,,,38775000000.0,3593000000.0,-732000000.0,2861000000.0,697000000.0,2164000000.0,6.58,6.49,329000000.0,333300000.0,8812000000.0,,,,,,,18571000000.0,,,4527000000.0,2691000000.0,8607000000.0,72640000000.0,4008000000.0,838000000.0,,23365000000.0,,,,1500000000.0,,5896000000.0,-109000000.0,11437000000.0,72640000000.0,2169000000.0,,,,,,,,,,7221000000.0,,,,,,3940000000.0,,211000000.0,-936000000.0,,,-3591000000.0,2694000000.0,
,,,,,,,,,,,,,,,,,,,,,,,,,,,,,,,,,,,,,,,,,,,,,,,,,,,,,,,,,,,,,,,,,,,
,,,,,,,,,,,,,,,,,,,,,,,,,,,,,,,,,,,,,,,,,,,,,,,,,,,,,,,,,,,,,,,,,,,
