Date,Net sales,Cost of sales,Gross margin,Research and development,"Selling, general and administrative",Total operating expenses,Operating income,"Other income/(expense), net",Income before provision for income taxes,Provision for income taxes,Net income,Earnings per share basic,Earnings per share diluted,Weighted-average basic,Weighted-average diluted,Cash and cash equivalents,Short-term marketable securities,"Accounts receivable, net",Inventories,Deferred tax assets,Vendor non-trade receivables,Other current assets,Total current assets,Long-term marketable securities,"Property, Plant and Equipment, Net",Goodwill,"Acquired intangible assets, net","Other Assets, Noncurrent",Total assets,accounts payable,Accrued expenses,Deferred revenue,Total current liabilities,Deferred revenue - non-current,deferred tax liabilities,long term taxes payable,Total other non-current liabilities,Total liabilities,Retained Earnings (Accumulated Deficit),Accumulated other comprehensive (loss)/income,Total shareholders equity,Total liabilities and shareholders' equity,"Depreciation, amortization and accretion",Stock-based compensation expense,Deferred income tax expense,"Increase (Decrease) in Accounts receivable, net",Increase (Decrease) in Inventories,Increase (Decrease) in Other Receivables,Increase (Decrease) in Other Operating Assets,Increase (Decrease) in Accounts Payable,Increase (Decrease) in Deferred Revenue,Increase (Decrease) Other liabilities,Cash generated by operating activities,Purchases of marketable securities,Proceeds from maturities of marketable securities,Proceeds from sales of marketable securities,Purchases of other long-term investments,"Business acquisitions, net of cash acquired",Cash payments for capital asset purchases,Payments for acquisition of intangible assets,Payments for (Proceeds from) Other Investing Activities,Cash used in investing activities,Proceeds from issuance of common stock,Excess tax benefits from stock-based compensation,Cash generated/used in financing activities,Increase/(decrease) in cash and cash equivalents,"Cash paid for income taxes, net"
2010-06-30,,,,,,2415171000.0,270297000.0,,245643000.0,86466000.0,137391000.0,1.42,1.4,96703.0,98054.0,12337000.0,,618855000.0,,51109000.0,,38985000.0,822219000.0,,2307617000.0,732754000.0,,118303000.0,3989757000.0,,,,558124000.0,,68386000.0,,346310000.0,,,,1887365000.0,3989757000.0,107536000.0,8327000.0,,-16523000.0,,,,,,-4513000.0,219370000.0,,,,,,121640000.0,,,-116640000.0,3833000.0,,-99573000.0,3157000.0,79943000.0
2010-09-30,,,,,,3633751000.0,374981000.0,,338849000.0,113870000.0,193001000.0,1.99,1.96,96777000.0,97935000.0,9629000.0,,609083000.0,,66420000.0,,52091000.0,1078903000.0,,2317480000.0,732340000.0,,125150000.0,4267714000.0,,,,1013426000.0,,94913000.0,,353386000.0,,,,1943572000.0,4267714000.0,163066000.0,12678000.0,,-6751000.0,,,,,,-4556000.0,399599000.0,,,,,,177750000.0,,,-413262000.0,5204000.0,,14112000.0,449000.0,113521000.0
2010-12-31,,,,,,5062488000.0,505697000.0,,428097000.0,152302000.0,230183000.0,2.37,2.34,96786000.0,97973000.0,29474000.0,,837820000.0,,120834000.0,,130060000.0,1331116000.0,,3252967000.0,2589914000.0,,245279000.0,7527936000.0,252487000.0,268083000.0,,826299000.0,,173354000.0,,380649000.0,,2125989000.0,-20139000.0,1978772000.0,7527936000.0,223997000.0,16799000.0,,-22726000.0,,,,,,812000.0,501344000.0,,,,,,239274000.0,,,-2194083000.0,3594000.0,,1713033000.0,20294000.0,152088000.0
2011-03-31,,,,,,1650115000.0,260413000.0,,203996000.0,74009000.0,114193000.0,1.17,1.15,97381000.0,98868000.0,52076000.0,,940803000.0,,118671000.0,,81079000.0,1401184000.0,,3239802000.0,2596292000.0,,250152000.0,7613074000.0,,,,837182000.0,,185267000.0,,376844000.0,,,,2094393000.0,7613074000.0,71526000.0,3954000.0,,103919000.0,,,,,,11208000.0,183177000.0,,,,,,56558000.0,,,-63712000.0,1251000.0,,-96863000.0,22602000.0,4527000.0
2011-06-30,,,,,,3320112000.0,492650000.0,,386425000.0,140404000.0,217842000.0,2.23,2.2,97563000.0,99258000.0,34816000.0,,913742000.0,,121441000.0,,91223000.0,1368106000.0,,3218343000.0,2607283000.0,,251643000.0,7565753000.0,,,,784535000.0,,179708000.0,,402737000.0,,,,2186107000.0,7565753000.0,144949000.0,8665000.0,,77661000.0,,,,,,3468000.0,355776000.0,,,,,,116240000.0,,,-125615000.0,2408000.0,,-224819000.0,5342000.0,83532000.0
2011-09-30,,,,,,4973246000.0,688178000.0,,533501000.0,192638000.0,302896000.0,3.1,3.06,97447000.0,98908000.0,39147000.0,,945193000.0,,103031000.0,,95862000.0,1371949000.0,,3250631000.0,2605951000.0,,261171000.0,7605931000.0,,,,832894000.0,,177220000.0,,428436000.0,,,,2221382000.0,7605931000.0,220208000.0,13434000.0,,103700000.0,,,,,,4146000.0,562502000.0,,,,,,9000000.0,,,-208195000.0,3596000.0,,-344634000.0,9673000.0,89268000.0
2011-12-31,7500198000.0,,,,,6603070000.0,897128000.0,,696336000.0,247466000.0,398167000.0,4.09,4.04,97199000.0,98537000.0,41229000.0,,969802000.0,,-101268000.0,,99859000.0,1364905000.0,,3287980000.0,2627602000.0,,272978000.0,7665245000.0,228043000.0,,,836933000.0,,344781000.0,,401908000.0,,2494076000.0,-51175000.0,2296352000.0,7665245000.0,295861000.0,18225000.0,58856000.0,134838000.0,,,,,,-1387000.0,718251000.0,,,,,,285682000.0,,,-285805000.0,4779000.0,,-420691000.0,11755000.0,163029000.0
2012-03-31,1825289000.0,,,,,1556261000.0,269028000.0,,222318000.0,79748000.0,128607000.0,1.33,1.31,96593000.0,97791000.0,41999000.0,,1116634000.0,,115916000.0,,91622000.0,1463145000.0,,3304236000.0,2629765000.0,,280265000.0,7783281000.0,,,,891990000.0,,198645000.0,,403071000.0,,,,2427312000.0,7783281000.0,73820000.0,5486000.0,,146670000.0,,,,,,-2082000.0,127223000.0,,,,,,92563000.0,,,-47103000.0,1016000.0,,-79350000.0,770000.0,3419000.0
2012-06-30,3527392000.0,,,,,3028032000.0,499360000.0,,406762000.0,146748000.0,236168000.0,2.44,2.41,96691000.0,97760000.0,32941000.0,,1019929000.0,,122795000.0,,99534000.0,1456446000.0,,3296915000.0,2610637000.0,,,7758648000.0,,,,883612000.0,,206403000.0,,393928000.0,,,,2536884000.0,7758648000.0,148703000.0,10996000.0,,63937000.0,,,,,,2050000.0,372862000.0,,,,,11476000.0,182351000.0,,-6500000.0,-161874000.0,2575000.0,,-219276000.0,-8288000.0,141571000.0
2012-09-30,5196473000.0,,,,,4528401000.0,668072000.0,,530267000.0,188880000.0,307985000.0,3.18,3.15,96817.0,97711.0,25652000.0,,1042535000.0,,123131000.0,,93022000.0,1488424000.0,,3316076000.0,2594740000.0,,,7781066000.0,,,,838348000.0,,195692000.0,,408535000.0,,,,2608782000.0,7781066000.0,227641000.0,16189000.0,,86821000.0,,,,,,5833000.0,535006000.0,,,,,25092000.0,282191000.0,,-6500000.0,-286443000.0,3828000.0,,-264140000.0,-15577000.0,187899000.0
2012-12-31,6961400000.0,,,,,6018819000.0,942581000.0,,763663000.0,274616000.0,443446000.0,4.57,4.53,96821000.0,97711000.0,23471000.0,,1067197000.0,,-79286000.0,,87936000.0,1407496000.0,,3382235000.0,3036765000.0,,3411112000.0,8200843000.0,247033000.0,,,894058000.0,,325812000.0,,395355000.0,,2962433000.0,-44154000.0,2713345000.0,8200843000.0,308690000.0,22518000.0,-27565000.0,71068000.0,,,,,,6367000.0,815271000.0,,,,,527847000.0,363192000.0,,-6500000.0,-789590000.0,5435000.0,,-43439000.0,-17758000.0,264824000.0
2013-03-31,1831632000.0,,,,,1587710000.0,243922000.0,,203984000.0,74049000.0,119784000.0,1.23,1.21,97711000.0,98571000.0,17395000.0,,1149402000.0,,120691000.0,,94147000.0,1501351000.0,,3395786000.0,3041326000.0,,,8316508000.0,,,,964069000.0,,,,379723000.0,,,,2834907000.0,8316508000.0,79923000.0,7111000.0,,81859000.0,,,,,,1604000.0,187763000.0,,,,,0.0,95919000.0,,0.0,-105674000.0,1232000.0,,-88165000.0,-6076000.0,4908000.0
2013-06-30,3666607000.0,,,,,3118631000.0,547976000.0,,469802000.0,172064000.0,271625000.0,2.77,2.75,98033000.0,99211000.0,12558000.0,,1149477000.0,,134888000.0,,86733000.0,1483980000.0,,3403405000.0,3041346000.0,,,8317253000.0,,,,1049150000.0,,,,310948000.0,,,,2991457000.0,8317253000.0,161677000.0,13579000.0,,82224000.0,,,,,,4083000.0,406002000.0,,,,,1320000.0,175944000.0,,0.0,-176652000.0,2735000.0,,-240263000.0,-10913000.0,152553000.0
2013-09-30,5482976000.0,,,,,4710114000.0,772862000.0,,662374000.0,241537000.0,386212000.0,3.94,3.89,98151000.0,99587000.0,12122000.0,,1166514000.0,,132624000.0,,90771000.0,1503280000.0,,3424901000.0,3039169000.0,,321774000.0,8351743000.0,,,,1024317000.0,,,,320214000.0,,,,3110778000.0,8351743000.0,248648000.0,20072000.0,,99261000.0,,,,,,5792000.0,591732000.0,,,,,1320000.0,279751000.0,,0.0,-286306000.0,4096000.0,,-316775000.0,-11349000.0,218290000.0
2013-12-31,7283822000.0,,,,,6268359000.0,1015463000.0,,869332000.0,315309000.0,510733000.0,5.21,5.14,98033000.0,99361000.0,17238000.0,,1116961000.0,,-119245000.0,,76446000.0,1432329000.0,,3442169000.0,3049016000.0,,3437225000.0,8311723000.0,276911000.0,,,1059888000.0,,342369000.0,,284589000.0,,3499337000.0,-24810000.0,3249979000.0,8311723000.0,337356000.0,27783000.0,28619000.0,49708000.0,,,,,,23485000.0,884241000.0,,,,,12636000.0,358493000.0,,0.0,-383458000.0,5708000.0,20121000.0,-507016000.0,-6233000.0,259896000.0
2014-03-31,1920166000.0,,,,,1649190000.0,270976000.0,,235783000.0,83931000.0,138078000.0,1.4,1.38,98572000.0,100157000.0,16261000.0,,1212594000.0,,114297000.0,,97685000.0,1543113000.0,,3468172000.0,3053666000.0,,,8431385000.0,,,,1110448000.0,,,,282173000.0,,,,3392119000.0,8431385000.0,93359000.0,7152000.0,,95633000.0,,,,,,-3833000.0,194639000.0,,,,,3301000.0,92387000.0,,,-90742000.0,1445000.0,11750000.0,-104874000.0,-977000.0,6764000.0
2014-06-30,3939987000.0,,,,,3375579000.0,564408000.0,,494128000.0,175662000.0,289749000.0,2.93,2.89,98872000.0,100235000.0,14732000.0,,1186012000.0,,107359000.0,,117498000.0,1529881000.0,,3514679000.0,3089172000.0,,,8548072000.0,,,,1115873000.0,,254573000.0,,276462000.0,,,,3546134000.0,8548072000.0,184050000.0,14945000.0,,61865000.0,,,,,,-4092000.0,458416000.0,,,,,71000000.0,186786000.0,,,-254735000.0,3287000.0,28493000.0,-206187000.0,-2506000.0,156434000.0
2014-09-30,5957745000.0,,,,,5216726000.0,741019000.0,,638606000.0,224102000.0,372546000.0,3.77,3.71,99052000.0,101033000.0,39711000.0,,1239478000.0,,95204000.0,,143311000.0,1622094000.0,,3648974000.0,3296358000.0,,,8961592000.0,,,,1165464000.0,,253191000.0,,280797000.0,,,,3603204000.0,8961592000.0,277506000.0,22713000.0,,98193000.0,,,,,,-7000000.0,689554000.0,,,,,402405000.0,309361000.0,,,-707792000.0,4907000.0,30242000.0,40833000.0,22473000.0,212148000.0
2014-12-31,8065326000.0,,,,,7002021000.0,1063305000.0,,929667000.0,324671000.0,545343000.0,5.52,5.42,98826000.0,100544000.0,32069000.0,,1282735000.0,,-167649000.0,,77654000.0,1615138000.0,,3679689000.0,3291213000.0,,3679616000.0,8974443000.0,336447000.0,,,1182827000.0,,282214000.0,,268555000.0,,4015387000.0,-25232000.0,3735946000.0,8974443000.0,375624000.0,31092000.0,49108000.0,105708000.0,,,,,,2449000.0,1035876000.0,,,,,431386000.0,391150000.0,,0.0,-832846000.0,6863000.0,33912000.0,-187424000.0,14831000.0,258612000.0
2015-03-31,2225353000.0,,,,,1898299000.0,327054000.0,,297017000.0,102694000.0,174299000.0,1.76,1.73,98910000.0,100647000.0,35078000.0,,1383964000.0,,109402000.0,,80524000.0,1717237000.0,,3690780000.0,3297436000.0,,,9084355000.0,,,,1255272000.0,,280662000.0,,277617000.0,,,,3906963000.0,9084355000.0,,10829000.0,,96972000.0,,,,,,17807000.0,271275000.0,,,,,34500000.0,89276000.0,,,-123776000.0,1768000.0,20807000.0,-144024000.0,3009000.0,2876000.0
2015-06-30,4500557000.0,,,,,3838111000.0,662446000.0,,604725000.0,208998000.0,356492000.0,3.6,3.54,99004000.0,100927000.0,42464000.0,,1360973000.0,,124857000.0,,71548000.0,1708959000.0,,3686037000.0,3316945000.0,,,9078559000.0,,,,1194311000.0,,271109000.0,,279281000.0,,,,4061756000.0,9078559000.0,,20474000.0,,95013000.0,,,,,,2163000.0,531603000.0,,,,,34500000.0,170580000.0,,,-205080000.0,4039000.0,28489000.0,-316421000.0,10395000.0,166637000.0
2015-09-30,6728212000.0,,,,,5790609000.0,937603000.0,,852752000.0,293371000.0,506779000.0,5.12,5.02,98924000.0,101159000.0,39523000.0,,1328300000.0,,134554000.0,,81459000.0,1696554000.0,,3776092000.0,3388378000.0,,,9206878000.0,,,,1196196000.0,,264358000.0,,292441000.0,,,,4133099000.0,9206878000.0,,30145000.0,,60877000.0,,,,,,13140000.0,796499000.0,,,,,183103000.0,0.0,,,-449937000.0,6030000.0,29287000.0,-338512000.0,7454000.0,274124000.0
2015-12-31,9043451000.0,,,,,7784056000.0,1259395000.0,,1145901000.0,395203000.0,680528000.0,6.89,6.76,98797000.0,100694000.0,61228000.0,,1302429000.0,,135120000.0,,103490000.0,1718304000.0,,3835978000.0,3596114000.0,,4079831000.0,9634113000.0,366238000.0,,,1100406000.0,,315900000.0,,278834000.0,,4566521000.0,-23129000.0,4249647000.0,9634113000.0,398618000.0,39971000.0,-10669000.0,45814000.0,,,,,,23295000.0,1020898000.0,,,,,533655000.0,0.0,,,-912885000.0,8441000.0,47364000.0,-77245000.0,29159000.0,380658000.0
2016-03-31,2449798000.0,,,,,2093474000.0,356324000.0,,326724000.0,111005000.0,190759000.0,1.95,1.93,97607000.0,98895000.0,54590000.0,,1374737000.0,,0.0,,89386000.0,1635438000.0,,3880552000.0,3594901000.0,,,9565009000.0,,,,1685440000.0,,178947000.0,,295684000.0,,,,4289218000.0,9565009000.0,104049000.0,13204000.0,,79962000.0,,,,,,20911000.0,464227000.0,,,,,19543000.0,127214000.0,,,-146757000.0,2331000.0,11002000.0,-323188000.0,-6638000.0,9093000.0
2016-06-30,4880653000.0,,,,,4191041000.0,689612000.0,,629570000.0,218402000.0,376336000.0,3.86,3.81,97358000.0,98642000.0,56273000.0,,1344916000.0,,2849000.0,,85005000.0,1606753000.0,,3902473000.0,3585892000.0,,,9540930000.0,,,,1268034000.0,,90251000.0,,306561000.0,,,,4302978000.0,9540930000.0,205460000.0,24693000.0,,45729000.0,,,,,,52050000.0,801182000.0,,,,,27525000.0,247715000.0,,,-275240000.0,4362000.0,35247000.0,-528475000.0,-4955000.0,165947000.0
2016-09-30,7290525000.0,,,,,6323344000.0,967181000.0,,875010000.0,306577000.0,528201000.0,5.43,5.36,97278000.0,98535000.0,61744000.0,,1315827000.0,,0.0,,88712000.0,1587899000.0,,4028167000.0,3615085000.0,,,9673639000.0,,,,1279479000.0,,82686000.0,,296155000.0,,,,4394703000.0,9673639000.0,309172000.0,36358000.0,,6836000.0,,,,,,58040000.0,1100105000.0,,,,,136221000.0,396163000.0,,,-532384000.0,6379000.0,36407000.0,-563942000.0,516000.0,259174000.0
2016-12-31,9766210000.0,,,,,8484799000.0,1281411000.0,,1156358000.0,409187000.0,702409000.0,7.22,7.14,97208000.0,98380000.0,33747000.0,,1439553000.0,,0.0,,82706000.0,1681371000.0,,4330956000.0,3784106000.0,,4305475000.0,10317802000.0,439672000.0,,,1317373000.0,,88119000.0,,275167000.0,,4891274000.0,-25417000.0,4533220000.0,10317802000.0,,48109000.0,-10449000.0,87881000.0,,,,,,81139000.0,1288474000.0,,,,,613803000.0,21475000.0,,,-1187217000.0,9503000.0,45219000.0,-125948000.0,-27481000.0,344611000.0
2017-03-31,2612858000.0,,,,,2258925000.0,353933000.0,,318426000.0,107899000.0,206055000.0,2.13,2.12,96585000.0,97372000.0,62974000.0,,1447802000.0,,,,94817000.0,1732074000.0,,4396536000.0,3787515000.0,,,10448259000.0,,,,1517427000.0,,75468000.0,,272680000.0,,,,4735962000.0,10448259000.0,,15348000.0,,5362000.0,,,,,,-229000.0,483008000.0,,,,,17832000.0,9456000.0,,,-174626000.0,2540000.0,,-279440000.0,29227000.0,5253000.0
2017-06-30,5225214000.0,,,,,4541090000.0,684124000.0,,612697000.0,211782000.0,391449000.0,4.06,4.03,96416000.0,97207000.0,66446000.0,,1456999000.0,,,,109017000.0,1763160000.0,,4441875000.0,3803386000.0,,,10552487000.0,,,,1322229000.0,,73813000.0,,282732000.0,,,,4812854000.0,10552487000.0,,29053000.0,,-941000.0,,,,,,-23411000.0,533592000.0,,,,,19610000.0,19448000.0,,,-304510000.0,4927000.0,,-197321000.0,32699000.0,216214000.0
2017-09-30,7767078000.0,,,,,6825644000.0,941434000.0,,833051000.0,286774000.0,532694000.0,5.54,5.5,96026000.0,96797000.0,65424000.0,,1452018000.0,,,,101896000.0,1755187000.0,,4516139000.0,3821610000.0,,,10639360000.0,,,,1397497000.0,,78968000.0,,298252000.0,,,,4865212000.0,10639360000.0,,42838000.0,,-10090000.0,,,,,,-54664000.0,878265000.0,,,,,19610000.0,26401000.0,,,-467704000.0,7637000.0,,-380369000.0,31677000.0,305885000.0
2017-12-31,10409865000.0,,,,,9129687000.0,1280178000.0,,1135009000.0,363697000.0,752303000.0,7.86,7.81,95652000.0,96325000.0,74423000.0,,1500898000.0,,176807000.0,,86504000.0,1798002000.0,,4571837000.0,3825157000.0,,4391989000.0,10761828000.0,441984000.0,,,1848034000.0,,54962000.0,,306304000.0,,5353209000.0,7177000.0,4989514000.0,10761828000.0,,56738000.0,-36782000.0,24719000.0,,,,,,-42564000.0,1182581000.0,,,,,22878000.0,29047000.0,,,-624399000.0,10254000.0,,-519153000.0,40676000.0,370855000.0
2018-03-31,2687516000.0,,,,,2353702000.0,333814000.0,,296238000.0,67569000.0,223832000.0,2.37,2.36,94226000.0,94683000.0,73053000.0,,1569803000.0,,,,104624000.0,1884726000.0,,4700552000.0,3843126000.0,,,11023517000.0,,,,1579577000.0,,44850000.0,,311900000.0,,,,5215646000.0,11023517000.0,,19700000.0,,72526000.0,,,,,,-37642000.0,364051000.0,,,,,20931000.0,8570000.0,,,-226278000.0,2545000.0,,-140711000.0,-1081000.0,2749000.0
2018-06-30,5368869000.0,,,,,4710593000.0,658276000.0,,598008000.0,138628000.0,449884000.0,4.78,4.76,94034000.0,94482000.0,76886000.0,,1557298000.0,,,,105546000.0,1880527000.0,,4753099000.0,3815203000.0,,,11069417000.0,,,,1447544000.0,,49642000.0,,311518000.0,,,,5317583000.0,11069417000.0,,34716000.0,,64055000.0,,,,,,18876000.0,629261000.0,,,,,20931000.0,24087000.0,,,-415727000.0,4959000.0,,-209267000.0,3129000.0,182130000.0
2018-09-30,8017782000.0,,,,,7102342000.0,915440000.0,,827075000.0,192814000.0,621630000.0,6.63,6.6,93639000.0,94098000.0,83721000.0,,1543348000.0,,,,169713000.0,1941253000.0,,4836619000.0,3852851000.0,,,11273585000.0,,,,1778269000.0,,46765000.0,,319113000.0,,,,5363745000.0,11273585000.0,,50645000.0,,74129000.0,,,,,,23008000.0,975488000.0,,,,,108016000.0,25487000.0,,,-655160000.0,7737000.0,,-308191000.0,10395000.0,247486000.0
2018-12-31,10772278000.0,,,,,9597016000.0,1175262000.0,,1034525000.0,236642000.0,779705000.0,8.35,8.31,93276000.0,93750000.0,105220000.0,,1509909000.0,,216489000.0,,174467000.0,1937802000.0,,4847940000.0,3844628000.0,,4479738000.0,11265480000.0,445652000.0,,,1448738000.0,,49661000.0,,361809000.0,,5793262000.0,4242000.0,5389262000.0,11265480000.0,,66581000.0,-10474000.0,42239000.0,,,,,,64615000.0,1340893000.0,,,,,110464000.0,36243000.0,,,-813398000.0,10196000.0,,-492202000.0,32388000.0,293837000.0
2019-03-31,2804391000.0,,,,,2463954000.0,340437000.0,,296296000.0,58898000.0,234168000.0,2.57,2.57,90776000.0,90967000.0,62726000.0,,1602405000.0,,,,145382000.0,1960441000.0,,4914838000.0,3856664000.0,,,11721277000.0,,,,1656766000.0,,35984000.0,,364334000.0,,,,5482415000.0,11721277000.0,,17591000.0,,101619000.0,,,,,,-38298000.0,390901000.0,,,,,0.0,9678000.0,,,-167510000.0,2726000.0,,-266294000.0,-42109000.0,5087000.0
2019-06-30,5659559000.0,,,,,4973559000.0,686000000.0,,607104000.0,128441000.0,472488000.0,5.24,5.23,89956000.0,90101000.0,61297000.0,,1601352000.0,,,,148809000.0,1965032000.0,,4944698000.0,3843429000.0,,,11752650000.0,,,,1544269000.0,,37906000.0,,369229000.0,,,,5393089000.0,11752650000.0,,34700000.0,,101329000.0,,,,,,-49687000.0,624086000.0,,,,,0.0,13893000.0,,,-296399000.0,5271000.0,,-370398000.0,-42984000.0,145404000.0
2019-09-30,8482012000.0,,,,,7607083000.0,874929000.0,,745179000.0,165646000.0,569678000.0,6.36,6.35,89288000.0,89519000.0,58905000.0,,1544077000.0,,,,171360000.0,1930627000.0,,4958409000.0,3827867000.0,,,11594401000.0,,,,1621769000.0,,21213000.0,,338871000.0,,,,5389215000.0,11594401000.0,,52200000.0,,37332000.0,,,,,,-56465000.0,1049310000.0,,,,,0.0,480247000.0,,,-412653000.0,8248000.0,,-680246000.0,-44848000.0,221298000.0
2019-12-31,11378259000.0,,,,,10162351000.0,1215908000.0,,1066337000.0,238794000.0,814854000.0,9.16,9.13,88762000.0,89040000.0,61268000.0,,1560847000.0,,345038000.0,,133930000.0,1915934000.0,,5016698000.0,3869760000.0,,4735618000.0,11668250000.0,446957000.0,,,1563390000.0,,25071000.0,,329932000.0,,5933504000.0,31893000.0,5504105000.0,11668250000.0,,69431000.0,-36305000.0,42056000.0,,,,,,7703000.0,1438469000.0,,,,,8005000.0,634095000.0,,,-688410000.0,10806000.0,,-845036000.0,-94018000.0,260622000.0
2020-03-31,2829667000.0,,,,,2592973000.0,236694000.0,,190783000.0,46323000.0,142037000.0,1.64,1.64,86212000.0,86455000.0,54619000.0,,1486829000.0,,,,130301000.0,1834346000.0,,5042291000.0,3836566000.0,,,11620426000.0,,,,1689951000.0,,34003000.0,,387669000.0,,,,5413209000.0,11620426000.0,,18047000.0,,-69763000.0,,,,,,-3038000.0,502062000.0,,,,,,184102000.0,,,-135019000.0,3002000.0,,-371814000.0,-6444000.0,6783000.0
2020-06-30,5559421000.0,,,,,4964696000.0,594725000.0,,526441000.0,125477000.0,393966000.0,4.6,4.58,85422000.0,85757000.0,539622000.0,,1438697000.0,,,,150842000.0,2296787000.0,,5104549000.0,3836020000.0,,,12148499000.0,,,,2259169000.0,,,,374616000.0,,,,5688647000.0,12148499000.0,,34000000.0,,-131294000.0,,,,,,-7659000.0,1451369000.0,,,,,968000.0,354610000.0,,,-296815000.0,5852000.0,,-674310000.0,478605000.0,14394000.0
2020-09-30,8471962000.0,,,,,7527567000.0,944395000.0,,849705000.0,204649000.0,635245000.0,7.44,7.4,85172000.0,85587000.0,1101230000.0,,1540747000.0,,,,143072000.0,2961154000.0,,5248837000.0,3854265000.0,,,12975758000.0,,,,2634222000.0,,,,488457000.0,,,,5962788000.0,12975758000.0,,49928000.0,,-45435000.0,,,,,,115431000.0,2218157000.0,,,,,52009000.0,546656000.0,,,-574703000.0,9288000.0,,-602526000.0,1040222000.0,208460000.0
2020-12-31,11558897000.0,,,,,10200543000.0,1358354000.0,,1252083000.0,299293000.0,943953000.0,11.06,10.99,85061000.0,85587000.0,1224490000.0,,1728928000.0,,406885000.0,,138034000.0,3281869000.0,,5373124000.0,3882715000.0,,4821886000.0,13476879000.0,570523000.0,,,2481039000.0,,,,458549000.0,,6747678000.0,48120000.0,6317146000.0,13476879000.0,,65837000.0,-26992000.0,145901000.0,,,,,,109167000.0,2360169000.0,,,,,52009000.0,731307000.0,,,-802562000.0,12318000.0,,-384859000.0,1173487000.0,286247000.0
2021-03-31,3012987000.0,,,,,2717318000.0,295669000.0,,272877000.0,63807000.0,209091000.0,2.46,2.43,84782000.0,85796000.0,764502000.0,,1668650000.0,,,,157052000.0,2784165000.0,,5495602000.0,3886973000.0,,,13096329000.0,,,,2239379000.0,,,,476377000.0,,,,6513862000.0,13096329000.0,,18022000.0,,-56851000.0,,,,,,2623000.0,71795000.0,,,,,,247459000.0,,,-262327000.0,3357000.0,,-269877000.0,-459986000.0,8654000.0
2021-06-30,6210867000.0,,,,,5476230000.0,734637000.0,,699675000.0,165329000.0,534115000.0,6.31,6.22,84503000.0,85710000.0,199017000.0,,1787931000.0,,,,183216000.0,2365305000.0,,5629897000.0,3903266000.0,,,12812635000.0,,,,1968810000.0,,,,522007000.0,,,,6480100000.0,12812635000.0,,37031000.0,,35903000.0,,,,,,5052000.0,119448000.0,,,,,,482211000.0,,,-483701000.0,6442000.0,,-661873000.0,-1025466000.0,189979000.0
2021-09-30,9366866000.0,,,,,8317421000.0,1049445000.0,,986565000.0,232844000.0,752466000.0,8.96,8.83,83756000.0,85031000.0,189743000.0,,1764214000.0,,,,186518000.0,2343299000.0,,5687704000.0,3888999000.0,,,12846853000.0,,,,1968817000.0,,,,545282000.0,,,,6274021000.0,12846853000.0,,55548000.0,,29079000.0,,,,,,9607000.0,561675000.0,,,,,39391000.0,666025000.0,,,-659710000.0,10108000.0,,-936020000.0,-1034737000.0,286376000.0
2021-12-31,12642117000.0,,,,,11279023000.0,1363094000.0,,1293313000.0,305681000.0,991590000.0,11.99,11.82,82519000.0,83692000.0,115301000.0,,1746635000.0,,438866000.0,,194781000.0,2263556000.0,,5874275000.0,3962624000.0,,4955712000.0,13093543000.0,658900000.0,,,1984109000.0,,,,464759000.0,,6604089000.0,30291000.0,6089664000.0,13093543000.0,,73700000.0,-29537000.0,8873000.0,,,,,,-82075000.0,883695000.0,,,,,105415000.0,855659000.0,,,-914466000.0,13372000.0,,-1068950000.0,-1100220000.0,362978000.0
2022-03-31,3292956000.0,,,,,3060099000.0,232857000.0,,199983000.0,48962000.0,153913000.0,2.05,2.02,75030000.0,76041000.0,105999000.0,,1754877000.0,,,,232724000.0,2301902000.0,,5918467000.0,3949788000.0,,,13144446000.0,,,,2146216000.0,,,,475006000.0,,,,5867872000.0,13144446000.0,,19100000.0,,15073000.0,,,,,,-4020000.0,445433000.0,,,,,,200002000.0,,,-168960000.0,3503000.0,,-278039000.0,-3798000.0,4423000.0
2022-06-30,6616363000.0,,,,,6150072000.0,466291000.0,,409713000.0,99911000.0,317975000.0,4.27,4.22,74356000.0,75238000.0,132658000.0,,1835238000.0,,,,258760000.0,2436225000.0,,5970719000.0,3912382000.0,,,13296103000.0,,,,1991698000.0,,,,496639000.0,,,,5814660000.0,13296103000.0,,41640000.0,,89729000.0,,,,,,-15763000.0,478047000.0,,,,,12485000.0,407962000.0,,,-325580000.0,6661000.0,,-124033000.0,22977000.0,145448000.0
2022-09-30,9952390000.0,,,,,9210219000.0,742171000.0,,643925000.0,157312000.0,500789000.0,6.78,6.71,73769000.0,74512000.0,74571000.0,,1902472000.0,,,,261698000.0,2456559000.0,,5936398000.0,3874021000.0,,,13378900000.0,,,,1939200000.0,,,,500119000.0,,,,5855353000.0,13378900000.0,,62741000.0,,155142000.0,,,,,,-23358000.0,698719000.0,,,,,18666000.0,569555000.0,,,-398906000.0,10399000.0,,-303027000.0,-13553000.0,182091000.0
2022-12-31,13399370000.0,,,,,12395815000.0,1003555000.0,,866260000.0,209278000.0,675609000.0,9.23,9.14,73118000.0,73832000.0,102818000.0,,2017722000.0,,462732000.0,,198283000.0,2537340000.0,,5918458000.0,3909456000.0,,5038390000.0,13494188000.0,636601000.0,,,1914419000.0,,,,487669000.0,,6533667000.0,-9668000.0,5920582000.0,13494188000.0,,85400000.0,-17551000.0,258338000.0,,,,,,-8676000.0,996023000.0,,,,,20309000.0,734001000.0,,,-647296000.0,14068000.0,,-318400000.0,21903000.0,250759000.0
2023-03-31,3467518000.0,,,,,3188818000.0,278700000.0,,214101000.0,51726000.0,163115000.0,2.31,2.28,70535000.0,71487000.0,109969000.0,,2032184000.0,,,,200710000.0,2559099000.0,,5954141000.0,3913906000.0,,,13555959000.0,,,,1863384000.0,,,,532080000.0,,,,6012108000.0,13555959000.0,,21000000.0,,15723000.0,,,,,,7030000.0,290753000.0,,,,,,168752000.0,,,-178311000.0,2988000.0,,-105891000.0,8201000.0,2360000.0
2023-06-30,7015656000.0,,,,,6456828000.0,558828000.0,,438796000.0,107119000.0,334428000.0,4.75,4.7,70304000.0,71163000.0,79451000.0,,2103478000.0,,,,226405000.0,2624714000.0,,6027716000.0,3929722000.0,,,13732309000.0,,,,2035347000.0,,,,571206000.0,,,,6087182000.0,13732309000.0,,43100000.0,,82078000.0,,,,,,15471000.0,653701000.0,,,,,3728000.0,336664000.0,,,-348009000.0,6598000.0,,-329599000.0,-21530000.0,133840000.0
2023-09-30,10578430000.0,,,,,9734245000.0,844185000.0,,659303000.0,159618000.0,501417000.0,7.18,7.09,69825000.0,70650000.0,80768000.0,,2234343000.0,,,,223303000.0,2753001000.0,,6087053000.0,3912122000.0,,,13873470000.0,,,,1989815000.0,,,,587829000.0,,,,6064915000.0,13873470000.0,,65702000.0,,193108000.0,,,,,,13717000.0,815366000.0,,,,,3728000.0,536665000.0,,,-524428000.0,9841000.0,,-311629000.0,-20198000.0,191189000.0
2023-12-31,14281976000.0,,,,,13106595000.0,1175381000.0,,940426000.0,221119000.0,717795000.0,10.35,10.23,69321000.0,70125000.0,119439000.0,,2238265000.0,,474872000.0,,236658000.0,2811350000.0,,6124529000.0,3932407000.0,,5031723000.0,13967602000.0,613974000.0,,,2013347000.0,,,,584007000.0,,6798930000.0,9289000.0,6149001000.0,13967602000.0,,87720000.0,-17958000.0,182444000.0,,,,,,39133000.0,1267797000.0,,,,,3728000.0,743055000.0,,,-763275000.0,13654000.0,,-493945000.0,13633000.0,257896000.0
2024-03-31,3843582000.0,,,,,3454820000.0,388762000.0,,336086000.0,70264000.0,261834000.0,3.9,3.82,67204000.0,68482000.0,112093000.0,,2299425000.0,,,,243352000.0,2870928000.0,,6184738000.0,3928120000.0,,,14046132000.0,,,,2075336000.0,,,,551257000.0,,,,6256697000.0,14046132000.0,,19630000.0,,74446000.0,,,,,,8897000.0,396406000.0,,,,,,208539000.0,,,-194637000.0,3241000.0,,-208947000.0,-7670000.0,2671000.0
2024-06-30,7751186000.0,,,,,6926026000.0,825160000.0,,718092000.0,157940000.0,550986000.0,8.22,8.08,67041000.0,68201000.0,128786000.0,,2156811000.0,,,,236317000.0,2740694000.0,,6334753000.0,3942372000.0,,,14071428000.0,,,,2149207000.0,,,,569687000.0,,,,6485372000.0,14071428000.0,,46200000.0,,-66174000.0,,,,,,14277000.0,1075687000.0,,,,,,449933000.0,,,-437479000.0,7227000.0,,-628467000.0,9349000.0,131499000.0
2024-09-30,11714213000.0,,,,,10504888000.0,1209325000.0,,1059625000.0,233563000.0,809700000.0,12.11,11.88,66873000.0,68170000.0,106077000.0,,2214268000.0,,,,261549000.0,2801956000.0,,6442566000.0,3965492000.0,,,14353848000.0,,,,2011188000.0,,,,660247000.0,,,,6605696000.0,14353848000.0,,72727000.0,,-11703000.0,,,,,,25732000.0,1408664000.0,,,,,0.0,697865000.0,,,-703116000.0,10864000.0,,-718117000.0,-9873000.0,236975000.0
,,,,,,,,,,,,,,,,,,,,,,,,,,,,,,,,,,,,,,,,,,,,,,,,,,,,,,,,,,,,,,,,,,,
,,,,,,,,,,,,,,,,,,,,,,,,,,,,,,,,,,,,,,,,,,,,,,,,,,,,,,,,,,,,,,,,,,,
