Date,Net sales,Cost of sales,Gross margin,Research and development,"Selling, general and administrative",Total operating expenses,Operating income,"Other income/(expense), net",Income before provision for income taxes,Provision for income taxes,Net income,Earnings per share basic,Earnings per share diluted,Weighted-average basic,Weighted-average diluted,Cash and cash equivalents,Short-term marketable securities,"Accounts receivable, net",Inventories,Deferred tax assets,Vendor non-trade receivables,Other current assets,Total current assets,Long-term marketable securities,"Property, Plant and Equipment, Net",Goodwill,"Acquired intangible assets, net","Other Assets, Noncurrent",Total assets,accounts payable,Accrued expenses,Deferred revenue,Total current liabilities,Deferred revenue - non-current,deferred tax liabilities,long term taxes payable,Total other non-current liabilities,Total liabilities,Retained Earnings (Accumulated Deficit),Accumulated other comprehensive (loss)/income,Total shareholders equity,Total liabilities and shareholders' equity,"Depreciation, amortization and accretion",Stock-based compensation expense,Deferred income tax expense,"Increase (Decrease) in Accounts receivable, net",Increase (Decrease) in Inventories,Increase (Decrease) in Other Receivables,Increase (Decrease) in Other Operating Assets,Increase (Decrease) in Accounts Payable,Increase (Decrease) in Deferred Revenue,Increase (Decrease) Other liabilities,Cash generated by operating activities,Purchases of marketable securities,Proceeds from maturities of marketable securities,Proceeds from sales of marketable securities,Purchases of other long-term investments,"Business acquisitions, net of cash acquired",Cash payments for capital asset purchases,Payments for acquisition of intangible assets,Payments for (Proceeds from) Other Investing Activities,Cash used in investing activities,Proceeds from issuance of common stock,Excess tax benefits from stock-based compensation,Cash generated/used in financing activities,Increase/(decrease) in cash and cash equivalents,"Cash paid for income taxes, net"
2011-04-30,386006000.0,251101000.0,134905000.0,,94615000.0,,39060000.0,,38887000.0,15591000.0,23296000.0,0.38,0.37,60554000.0,62758000.0,116811000.0,,,,8922000.0,,,433660000.0,,332147000.0,,,,765807000.0,81510000.0,66488000.0,,147998000.0,,29084000.0,,,316441000.0,89826000.0,,449366000.0,765807000.0,17510000.0,2808000.0,-942000.0,,,,,-5583000.0,,,4437000.0,,,,,,19540000.0,,,-19540000.0,,8736000.0,20729000.0,5626000.0,1346000.0
2011-07-30,780573000.0,511381000.0,269192000.0,,185426000.0,,78720000.0,,78400000.0,31199000.0,47201000.0,0.78,0.75,61126000.0,63241000.0,142545000.0,,,,8922000.0,,,464272000.0,,351576000.0,,,,815848000.0,81380000.0,73745000.0,,155608000.0,,29049000.0,,,337816000.0,113731000.0,,478032000.0,815848000.0,36400000.0,5196000.0,-977000.0,,,,,-5713000.0,,,60937000.0,,,,,,52679000.0,,,-52679000.0,,10049000.0,23102000.0,31360000.0,10960000.0
2011-10-29,1193640000.0,775265000.0,418375000.0,,286423000.0,,122948000.0,,122452000.0,48483000.0,73969000.0,1.21,1.17,61451000.0,63419000.0,130657000.0,,,,8922000.0,,,556278000.0,,373794000.0,,,,930072000.0,134043000.0,81116000.0,,215159000.0,,29458000.0,,,405640000.0,140499000.0,,524432000.0,930072000.0,55625000.0,8223000.0,-568000.0,,,,,46950000.0,,,77460000.0,,,,,,97695000.0,,,-97695000.0,,18127000.0,39707000.0,19472000.0,20745000.0
2012-01-28,1776151000.0,1159311000.0,616840000.0,,410658000.0,,196195000.0,,195608000.0,75344000.0,120264000.0,1.96,1.9,61259000.0,63334000.0,253738000.0,,,,-31931000.0,,,580232000.0,,376985000.0,,,,957217000.0,86442000.0,74411000.0,10573000.0,164855000.0,,44195000.0,,,372513000.0,186794000.0,,584704000.0,957217000.0,75931000.0,11605000.0,10827000.0,,,,,-651000.0,,,220887000.0,,,,,,128636000.0,,,-128636000.0,,25899000.0,50302000.0,142553000.0,24162000.0
2012-04-28,474098000.0,303186000.0,170912000.0,,110943000.0,,57446000.0,,57425000.0,22557000.0,34868000.0,0.56,0.54,62496000.0,64072000.0,266345000.0,,,,12257000.0,,,673097000.0,,384904000.0,,,,1058001000.0,111889000.0,77375000.0,,257448000.0,,43675000.0,,,473096000.0,159242000.0,,584905000.0,1058001000.0,20985000.0,2893000.0,-513000.0,,,,,25447000.0,,,12546000.0,,,,,,24799000.0,,,-24799000.0,,16550000.0,24860000.0,12607000.0,4864000.0
2012-07-28,955781000.0,617244000.0,338537000.0,,216983000.0,,114905000.0,,114780000.0,44914000.0,69866000.0,1.11,1.09,63070000.0,64293000.0,197401000.0,,,,12257000.0,,,617706000.0,,421063000.0,,,,1038769000.0,88881000.0,80507000.0,,169388000.0,,43210000.0,,,399084000.0,194178000.0,,639685000.0,1038769000.0,42614000.0,6346000.0,-978000.0,,,,,2439000.0,,,36232000.0,,,,,,71338000.0,,,-71338000.0,,27788000.0,-21231000.0,-56337000.0,34903000.0
2012-10-27,1461421000.0,937391000.0,524030000.0,,334917000.0,,176212000.0,,176048000.0,68031000.0,108017000.0,1.71,1.68,63484000.0,64483000.0,191724000.0,,,,11261000.0,,,766081000.0,,467165000.0,,,,1233246000.0,185177000.0,90354000.0,,275531000.0,,48450000.0,,,526246000.0,232329000.0,,707000000.0,1233246000.0,64832000.0,9721000.0,5258000.0,,,,,98735000.0,,,77458000.0,,,,,,144030000.0,,,-144030000.0,,41343000.0,4558000.0,-62014000.0,38955000.0
2013-02-02,2220256000.0,1436582000.0,783674000.0,,488880000.0,,279978000.0,,279793000.0,107244000.0,172549000.0,2.73,2.68,63250000.0,64396000.0,320475000.0,,,,-40604000.0,,,789324000.0,,483059000.0,,,,1275249000.0,118886000.0,92127000.0,13364000.0,221067000.0,,56361000.0,,2876000.0,488307000.0,296861000.0,,786942000.0,1275249000.0,88233000.0,13375000.0,8673000.0,,,,,32444000.0,,,239001000.0,,,,,,188578000.0,,,-188578000.0,,47345000.0,16314000.0,66737000.0,45354000.0
2013-05-04,582712000.0,378763000.0,203949000.0,,133048000.0,,67695000.0,,67719000.0,25893000.0,41826000.0,0.66,0.65,63842000.0,64495000.0,293214000.0,,,,15285000.0,,,828615000.0,,499395000.0,,,,1331577000.0,148488000.0,78847000.0,,248067000.0,,55988000.0,,3795000.0,527853000.0,301355000.0,,803724000.0,1331577000.0,24779000.0,3048000.0,99000.0,,,,,29602000.0,,,42835000.0,,,,,,42004000.0,,,-42004000.0,,3901000.0,-28092000.0,-27261000.0,10996000.0
2013-08-03,1183710000.0,767684000.0,416026000.0,,267448000.0,,140563000.0,,140605000.0,53868000.0,86737000.0,1.36,1.35,63838000.0,64362000.0,286210000.0,,,,15320000.0,,,846787000.0,,541557000.0,,,,1391992000.0,130738000.0,102007000.0,,232745000.0,,55492000.0,,4114000.0,531530000.0,346266000.0,,860462000.0,1391992000.0,50747000.0,7539000.0,-432000.0,,,,,11852000.0,,,84520000.0,,,,,,98029000.0,,,-98029000.0,,6699000.0,-20756000.0,-34265000.0,58412000.0
2013-11-02,1802491000.0,1154804000.0,647687000.0,,418754000.0,,213450000.0,,213499000.0,81332000.0,132167000.0,2.07,2.05,64061000.0,64538000.0,240916000.0,,,,14686000.0,,,941302000.0,,590132000.0,,,,1535347000.0,190193000.0,97421000.0,,287614000.0,,55568000.0,,4629000.0,607028000.0,391696000.0,,928319000.0,1535347000.0,77572000.0,11936000.0,278000.0,,,,,71307000.0,,,100133000.0,,,,,,176966000.0,,,-176966000.0,,13352000.0,-2726000.0,-79559000.0,78941000.0
2014-02-01,2670573000.0,1729325000.0,941248000.0,,596390000.0,,327588000.0,,327706000.0,124857000.0,202849000.0,3.17,3.15,63992000.0,64461000.0,419476000.0,,,,-44472000.0,,,1002697000.0,,595736000.0,,,,1602727000.0,148282000.0,103180000.0,16439000.0,266811000.0,,66718000.0,,4474000.0,599633000.0,462378000.0,,1003094000.0,1602727000.0,106283000.0,16003000.0,3868000.0,,,,,29396000.0,,,327725000.0,,,,,,226024000.0,,,-226024000.0,,13378000.0,-2700000.0,99001000.0,101598000.0
2014-05-03,713770000.0,467817000.0,245953000.0,,162443000.0,,80881000.0,,81081000.0,31128000.0,49953000.0,0.78,0.77,64273000.0,64607000.0,456709000.0,,,,22241000.0,,,1090490000.0,,603933000.0,,,,1699225000.0,184148000.0,90343000.0,,302419000.0,,67019000.0,,5352000.0,639469000.0,512331000.0,,1059756000.0,1699225000.0,30473000.0,4063000.0,306000.0,,,,,35866000.0,,,73693000.0,,,,,,39106000.0,,,-39106000.0,,901000.0,2646000.0,37233000.0,17160000.0
2014-08-02,1448006000.0,942711000.0,505295000.0,,320211000.0,,178860000.0,,179269000.0,68522000.0,110747000.0,1.72,1.71,64349000.0,64636000.0,363058000.0,,,,22012000.0,,,1127693000.0,,646890000.0,,,,1779812000.0,163459000.0,126792000.0,,300141000.0,,65842000.0,,6440000.0,653771000.0,573125000.0,,1126041000.0,1779812000.0,62372000.0,7603000.0,-642000.0,,,,,15177000.0,,,133228000.0,,,,,,94097000.0,,,-194243000.0,,1423000.0,4597000.0,-56418000.0,72855000.0
2014-11-01,2193728000.0,1406678000.0,787050000.0,,501304000.0,,272948000.0,,273611000.0,103740000.0,169871000.0,2.64,2.63,64419000.0,64738000.0,295060000.0,,,,15709000.0,,,1230742000.0,,686898000.0,,,,1922759000.0,236329000.0,128465000.0,,369711000.0,,65880000.0,,6940000.0,736426000.0,622278000.0,,1186333000.0,1922759000.0,96055000.0,11436000.0,5699000.0,,,,,88047000.0,,,146150000.0,,,,,,172498000.0,,,-272498000.0,,3290000.0,1932000.0,-124416000.0,104891000.0
2015-01-31,3241369000.0,2104582000.0,1136787000.0,,712006000.0,,410415000.0,,411309000.0,154174000.0,257135000.0,4.0,3.98,64335000.0,64651000.0,389149000.0,,,,-53718000.0,,,1260355000.0,,717159000.0,,,,1983170000.0,190778000.0,149412000.0,22681000.0,359594000.0,,74498000.0,,7442000.0,735661000.0,679593000.0,,1247509000.0,1983170000.0,131764000.0,14923000.0,9246000.0,,,,,42496000.0,,,396592000.0,,,,,,249067000.0,,,-399276000.0,,3229000.0,-27643000.0,-30327000.0,137180000.0
2015-05-02,868122000.0,564938000.0,303184000.0,,192485000.0,,107582000.0,,107893000.0,40947000.0,66946000.0,1.04,1.04,64180000.0,64555000.0,386007000.0,,,,20766000.0,,,1325201000.0,,744665000.0,,,,2077951000.0,209509000.0,139284000.0,,383664000.0,,75135000.0,,10812000.0,774966000.0,718585000.0,,1302985000.0,2077951000.0,37967000.0,3342000.0,651000.0,-8882000.0,81707000.0,,,18731000.0,,,68292000.0,,,,,,56622000.0,,,-56622000.0,,4003000.0,-14812000.0,-3142000.0,20645000.0
2015-08-01,1745121000.0,1135462000.0,609659000.0,,376422000.0,,226042000.0,,226629000.0,85514000.0,141115000.0,2.2,2.19,64134000.0,64484000.0,325214000.0,,,,20766000.0,,,1316085000.0,,791904000.0,,,,2115910000.0,215720000.0,154494000.0,,370214000.0,,75167000.0,,10809000.0,772121000.0,746959000.0,,1343789000.0,2115910000.0,76738000.0,7578000.0,683000.0,-7163000.0,124431000.0,,,24942000.0,,,125696000.0,,,,,,137218000.0,,,-137218000.0,,7257000.0,-52413000.0,-63935000.0,98437000.0
2015-10-31,2655821000.0,1710524000.0,945297000.0,,595185000.0,,336811000.0,,337681000.0,125496000.0,212185000.0,3.31,3.3,64050000.0,64383000.0,209552000.0,,,,20483000.0,,,1388190000.0,,844238000.0,,,,2239998000.0,291269000.0,166707000.0,,457976000.0,,72646000.0,,10903000.0,865839000.0,770514000.0,,1374159000.0,2239998000.0,119051000.0,11126000.0,-1555000.0,-1501000.0,303178000.0,,,100491000.0,,,148973000.0,,,,,,231909000.0,,,-231909000.0,,8608000.0,-96661000.0,-179597000.0,139405000.0
2016-01-30,3924116000.0,2539783000.0,1384333000.0,,863354000.0,,506297000.0,,507440000.0,187432000.0,320008000.0,5.0,4.98,63949000.0,64275000.0,345840000.0,,,,,,,1375173000.0,,847600000.0,,,,2230918000.0,196174000.0,187351000.0,31830000.0,396227000.0,,59527000.0,,10489000.0,788032000.0,832215000.0,,1442886000.0,2230918000.0,165049000.0,15594000.0,5809000.0,12552000.0,180564000.0,,,5396000.0,,,375874000.0,,,,,,299167000.0,,,-278958000.0,,9497000.0,-140225000.0,-43309000.0,179248000.0
2016-04-30,1073716000.0,683286000.0,390430000.0,,240724000.0,,147164000.0,,147479000.0,55503000.0,91976000.0,1.46,1.45,63031000.0,63335000.0,239254000.0,,,,,,,1338417000.0,,870835000.0,,,,2218950000.0,266278000.0,179300000.0,,495734000.0,,59977000.0,,13430000.0,899262000.0,737535000.0,,1319688000.0,2218950000.0,47887000.0,4022000.0,450000.0,-10880000.0,81697000.0,,,70104000.0,,,166931000.0,,,,,,54321000.0,,,-54321000.0,,3203000.0,-219196000.0,-106586000.0,14154000.0
2016-07-30,2142931000.0,1367663000.0,775268000.0,,477104000.0,,290933000.0,,291496000.0,109516000.0,181980000.0,2.9,2.89,62753000.0,63067000.0,194084000.0,,,,,,,1376082000.0,,919597000.0,,,,2305788000.0,285238000.0,205918000.0,,492245000.0,,58477000.0,,17688000.0,913851000.0,769827000.0,,1391937000.0,2305788000.0,97552000.0,8862000.0,-1050000.0,-8994000.0,168412000.0,,,89064000.0,,,219630000.0,,,,,,149595000.0,,,-129595000.0,,4685000.0,-241791000.0,-151756000.0,120085000.0
2016-10-29,3274163000.0,2071842000.0,1202321000.0,,757568000.0,,430594000.0,,431368000.0,161826000.0,269542000.0,4.3,4.28,62625000.0,62932000.0,133108000.0,,,,,,,1538465000.0,,1001938000.0,,,,2551201000.0,425071000.0,229569000.0,,654640000.0,,62669000.0,,20141000.0,1099117000.0,812846000.0,,1452084000.0,2551201000.0,151014000.0,14203000.0,3142000.0,716000.0,375230000.0,,,228897000.0,,,323018000.0,,,,,,281203000.0,,,-261203000.0,,9001000.0,-274547000.0,-212732000.0,168471000.0
2017-01-28,4854737000.0,3107508000.0,1747229000.0,,1073834000.0,,654824000.0,,655714000.0,245954000.0,409760000.0,6.55,6.52,62519000.0,62851000.0,385010000.0,,,,,,,1536237000.0,,1004358000.0,,,,2551878000.0,259518000.0,260854000.0,46268000.0,529343000.0,,86498000.0,,19628000.0,1001660000.0,905785000.0,,1550218000.0,2551878000.0,210295000.0,19340000.0,26971000.0,23639000.0,182182000.0,,,63344000.0,,,634685000.0,,,,,,373747000.0,,,-273747000.0,,9053000.0,-321768000.0,39170000.0,212514000.0
2017-04-29,1314879000.0,838871000.0,476008000.0,,283445000.0,,188405000.0,,188743000.0,60520000.0,128223000.0,2.06,2.05,62101000.0,62594000.0,321725000.0,,,,,,,1672972000.0,,1020853000.0,,,,2707601000.0,319352000.0,210379000.0,,584252000.0,,86766000.0,,22448000.0,1065944000.0,982413000.0,,1641657000.0,2707601000.0,62476000.0,5491000.0,268000.0,-25695000.0,104456000.0,,,59834000.0,,,175744000.0,,,,,,76754000.0,,,-196754000.0,,,-42275000.0,-63285000.0,14442000.0
2017-07-29,2604733000.0,1659399000.0,945334000.0,,566872000.0,,368205000.0,,369098000.0,126682000.0,242416000.0,3.91,3.88,62018000.0,62483000.0,92860000.0,,,,,,,1592494000.0,,1095135000.0,,,,2702217000.0,313483000.0,256794000.0,,570277000.0,,85181000.0,,23739000.0,1066867000.0,970122000.0,,1635350000.0,2702217000.0,125582000.0,11649000.0,-1317000.0,-21038000.0,200727000.0,,,53965000.0,,,219993000.0,,,,,,193210000.0,,,-343210000.0,,,-168933000.0,-292150000.0,145494000.0
2017-10-28,3946914000.0,2508452000.0,1438462000.0,,887601000.0,,530872000.0,,532081000.0,185020000.0,347061000.0,5.62,5.58,61778000.0,62198000.0,46787000.0,,,,,,,1646288000.0,,1172682000.0,,,,2834873000.0,447293000.0,266435000.0,,714712000.0,,78647000.0,,24986000.0,1218822000.0,943091000.0,,1616051000.0,2834873000.0,187710000.0,17898000.0,-7851000.0,-5697000.0,405739000.0,,,187775000.0,,,329093000.0,,,,,,337639000.0,,,-367639000.0,,,-299677000.0,-338223000.0,205863000.0
2018-02-03,5884506000.0,3787697000.0,2096809000.0,,1287232000.0,,785291000.0,,786859000.0,231625000.0,555234000.0,9.02,8.96,61556000.0,61975000.0,277445000.0,,,,54877000.0,,,1693743000.0,,1189453000.0,,,8664000.0,2908687000.0,325758000.0,302307000.0,63139000.0,642166000.0,,59403000.0,,24985000.0,1134470000.0,1093453000.0,,1774217000.0,2908687000.0,252713000.0,24399000.0,-27095000.0,11088000.0,152449000.0,,,66240000.0,,,779366000.0,,,,,,440714000.0,,,-530714000.0,,,-356217000.0,-107565000.0,254619000.0
2018-05-05,1543667000.0,982954000.0,560713000.0,,345624000.0,,209842000.0,,211167000.0,46771000.0,164396000.0,2.71,2.7,60610000.0,60909000.0,231886000.0,,,,,,,1802699000.0,,1190969000.0,,,10087000.0,3022249000.0,372664000.0,320423000.0,130591000.0,745092000.0,,50561000.0,,28944000.0,1238816000.0,1094824000.0,,1783433000.0,3022249000.0,68789000.0,6170000.0,1473000.0,555000.0,40392000.0,,,46906000.0,,,277263000.0,,,,,,74259000.0,,,-191452000.0,,,-131370000.0,-45559000.0,5617000.0
2018-08-04,3031888000.0,1935714000.0,1096174000.0,,682766000.0,,403657000.0,,406125000.0,93406000.0,312719000.0,5.18,5.16,60340000.0,60630000.0,237107000.0,,,,,,,1830158000.0,,1212978000.0,,,10628000.0,3073349000.0,409849000.0,348906000.0,130616000.0,758755000.0,,49700000.0,,29961000.0,1260871000.0,1115751000.0,,1812478000.0,3073349000.0,137815000.0,13172000.0,612000.0,3947000.0,123261000.0,,,84091000.0,,,388003000.0,,,,,,141691000.0,,,-170691000.0,,,-257650000.0,-40338000.0,121914000.0
2018-11-03,4591899000.0,2923447000.0,1668452000.0,,1078219000.0,,572870000.0,,576656000.0,132771000.0,443885000.0,7.38,7.35,60135000.0,60432000.0,296944000.0,,,,,,,2025973000.0,,1257775000.0,9084000.0,6985000.0,11477000.0,3332691000.0,574480000.0,409603000.0,135596000.0,984083000.0,,50045000.0,,30775000.0,1496955000.0,1127951000.0,,1835736000.0,3332691000.0,207652000.0,20308000.0,-408000.0,2594000.0,388141000.0,,,248719000.0,,,542214000.0,,,,,13606000.0,256415000.0,,,-150021000.0,,,-372694000.0,19499000.0,168087000.0
2019-02-02,6716615000.0,4307304000.0,2409311000.0,,1535464000.0,,854080000.0,,859141000.0,200582000.0,658559000.0,11.0,10.94,59864000.0,60181000.0,409251000.0,,,,88308000.0,,,1914861000.0,,1226029000.0,10870000.0,4317000.0,14584000.0,3191172000.0,404016000.0,220666000.0,199054000.0,823736000.0,,83864000.0,,28374000.0,1370954000.0,1105863000.0,,1820218000.0,3191172000.0,279472000.0,27489000.0,34080000.0,36387000.0,122019000.0,,,78256000.0,,,956127000.0,,,,,13606000.0,319400000.0,,,-215107000.0,,,-609214000.0,131806000.0,195869000.0
2019-05-04,1743029000.0,1098182000.0,644847000.0,,403133000.0,,237540000.0,,239586000.0,47365000.0,192221000.0,3.28,3.26,58631000.0,58993000.0,326831000.0,,,,,,,2019332000.0,,1205919000.0,10870000.0,4085000.0,23105000.0,4766353000.0,407345000.0,227156000.0,182993000.0,1045605000.0,,90384000.0,,34395000.0,2824785000.0,1188313000.0,,1941568000.0,4766353000.0,71810000.0,,,-8654000.0,35708000.0,,,3329000.0,-16061000.0,,271678000.0,,,,,,71836000.0,,,-279572000.0,,,-74526000.0,-82420000.0,2327000.0
2019-08-03,3409636000.0,2158890000.0,1250746000.0,,795976000.0,,445558000.0,,449275000.0,95796000.0,353479000.0,6.05,6.02,58401000.0,58718000.0,177398000.0,,,,,,,1920600000.0,,1219948000.0,10870000.0,3854000.0,30882000.0,4710375000.0,450117000.0,224202000.0,,1064934000.0,,86598000.0,,35649000.0,2870924000.0,1078678000.0,,1839451000.0,4710375000.0,144951000.0,,,-11437000.0,101670000.0,,,46101000.0,-16700000.0,,447336000.0,,,,,,151213000.0,,,-334552000.0,,,-344637000.0,-231853000.0,97024000.0
2019-11-02,5092150000.0,3217971000.0,1874179000.0,,1245174000.0,,613338000.0,,617955000.0,134729000.0,483226000.0,8.31,8.27,58123000.0,58396000.0,208843000.0,,,,,,,2097468000.0,,1233412000.0,10870000.0,3622000.0,27683000.0,4928848000.0,594993000.0,249112000.0,,1256920000.0,,83856000.0,,34110000.0,3081692000.0,1079862000.0,,1847156000.0,4928848000.0,219207000.0,,,-5812000.0,402591000.0,,,190977000.0,-8866000.0,,557506000.0,,,,,,241136000.0,,,-284893000.0,,,-473021000.0,-200408000.0,126719000.0
2020-02-01,7398068000.0,4717004000.0,2681064000.0,,1760716000.0,,901094000.0,,906150000.0,200205000.0,705945000.0,12.21,12.15,57840000.0,58105000.0,392325000.0,,,,588425000.0,,,2055317000.0,,1205524000.0,10870000.0,3391000.0,23356000.0,4863872000.0,414009000.0,246088000.0,237535000.0,1137261000.0,,,,36432000.0,2961778000.0,1128477000.0,,1902094000.0,4863872000.0,295599000.0,25642000.0,5503000.0,20637000.0,79372000.0,,,9993000.0,38481000.0,,1101293000.0,,,,,,298534000.0,,,-471480000.0,,,-646739000.0,-16926000.0,133861000.0
2020-05-02,1173210000.0,869605000.0,303605000.0,,380912000.0,,-101484000.0,,-102756000.0,-24247000.0,-78509000.0,-1.39,-1.39,56419000.0,56419000.0,1043540000.0,,,,,,,2728820000.0,,1148341000.0,10870000.0,,30483000.0,5530551000.0,466043000.0,173310000.0,216330000.0,1096179000.0,,,,36892000.0,3776592000.0,976990000.0,-75000.0,1753959000.0,5530551000.0,76626000.0,,,-50646000.0,46865000.0,,,46965000.0,-21205000.0,,-24318000.0,,,,,,41474000.0,,,-46860000.0,,,722468000.0,651215000.0,5636000.0
2020-08-01,2401219000.0,1768607000.0,632612000.0,,652499000.0,,-88729000.0,,-92618000.0,-22161000.0,-70457000.0,-1.25,-1.25,56369000.0,56497000.0,1157318000.0,,,,,,,2799188000.0,,1077825000.0,10870000.0,,29283000.0,5497121000.0,398011000.0,201754000.0,216545000.0,1061329000.0,,,,52178000.0,3726328000.0,985042000.0,30000.0,1770793000.0,5497121000.0,154029000.0,,,-11345000.0,74842000.0,,,-18486000.0,-20990000.0,,15989000.0,,,,,1220000.0,77090000.0,,,26304000.0,,,722670000.0,764993000.0,2287000.0
2020-10-31,3953252000.0,2775121000.0,1178131000.0,,1068877000.0,,101277000.0,,99894000.0,25096000.0,74798000.0,1.33,1.32,56355000.0,56546000.0,560902000.0,,,,,,,2245009000.0,,1042262000.0,10870000.0,,29986000.0,4870994000.0,478501000.0,268310000.0,224862000.0,1230343000.0,,,,35352000.0,3016557000.0,1059840000.0,-86000.0,1854437000.0,4870994000.0,226386000.0,,,-3066000.0,145397000.0,,,62337000.0,-12673000.0,,259045000.0,,,,,1220000.0,116745000.0,,,-13630000.0,,,-76752000.0,168577000.0,8100000.0
2021-01-30,6151953000.0,4202794000.0,1949159000.0,,1583017000.0,,236820000.0,,231085000.0,55250000.0,175835000.0,3.12,3.11,56351000.0,56558000.0,1046051000.0,,,,581045000.0,,,2514777000.0,,995795000.0,10870000.0,,28225000.0,5089969000.0,477052000.0,296334000.0,274383000.0,1343713000.0,,,,37962000.0,3090420000.0,1189422000.0,56000.0,1999549000.0,5089969000.0,297772000.0,27583000.0,-24008000.0,53772000.0,-125486000.0,,,62324000.0,36848000.0,,810355000.0,,,,,1220000.0,151866000.0,,,-48751000.0,,,-107934000.0,653726000.0,19454000.0
2021-05-01,1938519000.0,1184731000.0,753788000.0,,443875000.0,,305324000.0,,304966000.0,74677000.0,230289000.0,4.13,4.1,55795000.0,56172000.0,947456000.0,,,,,,,2563756000.0,,960440000.0,10870000.0,,28350000.0,5087544000.0,552837000.0,322676000.0,270090000.0,1522763000.0,,,,40272000.0,3242827000.0,1027414000.0,,1844717000.0,5087544000.0,70599000.0,,,-38767000.0,185350000.0,,,76580000.0,-4293000.0,,330067000.0,,,,,,34563000.0,,,-34563000.0,,,-394043000.0,-98595000.0,1725000.0
2021-07-31,3905726000.0,2353975000.0,1551751000.0,,908174000.0,,637631000.0,,636848000.0,155666000.0,481182000.0,8.71,8.66,55235000.0,55592000.0,770144000.0,,,,,,,2494934000.0,,909507000.0,10870000.0,,30711000.0,4954585000.0,535257000.0,313372000.0,265462000.0,1381533000.0,,,,43165000.0,3074772000.0,1034831000.0,,1879813000.0,4954585000.0,139577000.0,,,-38693000.0,275470000.0,,,59360000.0,-8921000.0,,401413000.0,,,,,,57305000.0,,,-57305000.0,,,-619959000.0,-275907000.0,216831000.0
2021-10-30,5901501000.0,3560276000.0,2341225000.0,,1411577000.0,,921870000.0,,920674000.0,224203000.0,696471000.0,12.68,12.6,54921000.0,55280000.0,605053000.0,,,,,,,2833693000.0,,908665000.0,10870000.0,,31833000.0,5287767000.0,747451000.0,329672000.0,272628000.0,1624116000.0,,,,43663000.0,3300967000.0,1123749000.0,,1986800000.0,5287767000.0,204734000.0,,,-23897000.0,748128000.0,,,266104000.0,-1755000.0,,414857000.0,,,,,,108418000.0,,,-108418000.0,,,-747381000.0,-440998000.0,301312000.0
2022-01-29,8630889000.0,5262335000.0,3368554000.0,,2061545000.0,,1297492000.0,,1295829000.0,309992000.0,985837000.0,18.09,17.98,54482000.0,54841000.0,431560000.0,,233682000.0,,578737000.0,,,2281183000.0,,914476000.0,10870000.0,,35647000.0,4764379000.0,552730000.0,364797000.0,353579000.0,1558010000.0,,,,58665000.0,3229006000.0,653376000.0,,1535373000.0,4764379000.0,268460000.0,47259000.0,-25666000.0,40573000.0,331003000.0,,,66156000.0,79196000.0,,1059265000.0,,,,,,172187000.0,,,-176484000.0,,,-1497216000.0,-614491000.0,370646000.0
2022-04-30,2345901000.0,1404875000.0,941026000.0,,500970000.0,,437708000.0,,437307000.0,105912000.0,331395000.0,6.34,6.3,52250000.0,52582000.0,654486000.0,,,,,,,2531867000.0,,909543000.0,10870000.0,,34431000.0,5012036000.0,585500000.0,305000000.0,324694000.0,1599747000.0,,,,57611000.0,3266416000.0,851940000.0,,1745620000.0,5012036000.0,62839000.0,,,-40928000.0,71334000.0,,,42586000.0,-28885000.0,,426303000.0,,,,,,71076000.0,,,-71873000.0,,,-131504000.0,222926000.0,3357000.0
2022-07-30,4643014000.0,2773824000.0,1869190000.0,,1035429000.0,,829136000.0,,828843000.0,201771000.0,627072000.0,12.08,12.0,51928000.0,52237000.0,434226000.0,,,,,,,2442913000.0,,912017000.0,10870000.0,,36480000.0,4945994000.0,586851000.0,323939000.0,316571000.0,1502054000.0,,,,52840000.0,3176926000.0,846011000.0,,1769068000.0,4945994000.0,123721000.0,,,-53168000.0,166912000.0,,,40051000.0,-37008000.0,,540667000.0,,,,,,120500000.0,,,-121749000.0,,,-416252000.0,2666000.0,246641000.0
2022-10-29,6981807000.0,4149800000.0,2832007000.0,,1632593000.0,,1190992000.0,,1191548000.0,289891000.0,901657000.0,17.45,17.35,51663000.0,51962000.0,250628000.0,,,,,,,2745815000.0,,967039000.0,10870000.0,,18512000.0,5331549000.0,647117000.0,462773000.0,312132000.0,1697771000.0,,,,51644000.0,3409294000.0,983140000.0,,1922255000.0,5331549000.0,182182000.0,,,-33378000.0,615451000.0,,,94214000.0,-41447000.0,,573426000.0,,,,,,203961000.0,,,-207029000.0,,,-547329000.0,-180932000.0,339290000.0
2023-01-28,10208580000.0,6164070000.0,4044510000.0,,2395299000.0,,1638610000.0,,1643544000.0,401136000.0,1242408000.0,24.17,24.01,51403000.0,51738000.0,737877000.0,,199422000.0,,624544000.0,,,2709304000.0,,1009273000.0,10870000.0,,43007000.0,5370411000.0,559527000.0,444278000.0,394677000.0,1681775000.0,,,,53596000.0,3410600000.0,995773000.0,,1959811000.0,5370411000.0,241372000.0,43044000.0,15654000.0,-34260000.0,104233000.0,,,8309000.0,41098000.0,,1481915000.0,,,,,,312126000.0,,,-314584000.0,,,-861014000.0,306317000.0,429846000.0
2023-04-29,2634263000.0,1579406000.0,1054857000.0,,612129000.0,,442070000.0,,449418000.0,102367000.0,347051000.0,6.92,6.88,50153000.0,50469000.0,636449000.0,,,,,,,2685980000.0,,1019978000.0,10870000.0,,61314000.0,5375719000.0,621272000.0,308583000.0,357217000.0,1633900000.0,,,,56005000.0,3357651000.0,1059312000.0,,2018068000.0,5375719000.0,57949000.0,,,-9140000.0,147784000.0,,,62257000.0,-37460000.0,,304901000.0,,,,,,109766000.0,,,-110080000.0,,,-296249000.0,-101428000.0,2818000.0
2023-07-29,5164072000.0,3115603000.0,2048469000.0,,1212821000.0,,833712000.0,,845509000.0,198356000.0,647153000.0,12.97,12.9,49885000.0,50157000.0,388627000.0,,,,,,,2519248000.0,,1073144000.0,10870000.0,,55547000.0,5248760000.0,521315000.0,328247000.0,354253000.0,1491174000.0,,,,56657000.0,3196883000.0,1083926000.0,,2051877000.0,5248760000.0,119862000.0,,,-24978000.0,212088000.0,,,-38752000.0,-40424000.0,,428808000.0,,,,,,204748000.0,,,-206435000.0,,,-571623000.0,-349250000.0,189166000.0
2023-10-28,7653005000.0,4612469000.0,3040536000.0,,1874201000.0,,1160939000.0,,1175233000.0,278597000.0,896636000.0,18.08,17.99,49592000.0,49846000.0,121811000.0,,,,,,,2792040000.0,,1117874000.0,10870000.0,,56946000.0,5595008000.0,597373000.0,405443000.0,350937000.0,1836939000.0,,,,55906000.0,3566466000.0,1051876000.0,,2028542000.0,5595008000.0,181273000.0,,,3446000.0,717855000.0,,,41817000.0,-43740000.0,,358011000.0,,,,,,311030000.0,,,-315900000.0,,,-658177000.0,-616066000.0,266802000.0
2024-02-03,11207303000.0,6826203000.0,4381100000.0,,2694561000.0,,1678029000.0,,1695651000.0,404646000.0,1291005000.0,26.18,26.03,49304000.0,49596000.0,766594000.0,,207939000.0,,627370000.0,,,2836518000.0,,1182335000.0,10870000.0,,58732000.0,5707011000.0,544001000.0,382468000.0,436591000.0,1658191000.0,,,,56300000.0,3427683000.0,1286765000.0,,2279328000.0,5707011000.0,243840000.0,48246000.0,30575000.0,8517000.0,138685000.0,,,-20873000.0,41914000.0,,1476266000.0,,,,,,435267000.0,,,-441425000.0,,,-1006124000.0,28717000.0,328215000.0
2024-05-04,2725848000.0,1656068000.0,1069780000.0,,665913000.0,,400948000.0,,407848000.0,94735000.0,313113000.0,6.51,6.47,48125000.0,48381000.0,524596000.0,,,,,,,2760628000.0,,1195658000.0,10870000.0,,56864000.0,5631939000.0,463777000.0,332692000.0,398729000.0,1572724000.0,,,,60963000.0,3331196000.0,1314749000.0,,2300743000.0,5631939000.0,64739000.0,,,-4476000.0,163904000.0,,,-74069000.0,-37862000.0,,159340000.0,,,,,,91024000.0,,,-93587000.0,,,-307751000.0,-241998000.0,5057000.0
2024-08-03,5277935000.0,3229978000.0,2047957000.0,,1310734000.0,,730149000.0,,741575000.0,175906000.0,565669000.0,11.83,11.78,47815000.0,48022000.0,413962000.0,,,,,,,2798741000.0,,1225850000.0,10870000.0,,55575000.0,5737408000.0,566904000.0,348042000.0,394987000.0,1591234000.0,,,,61855000.0,3389248000.0,1354973000.0,,2348160000.0,5737408000.0,130053000.0,,,-7076000.0,256150000.0,,,29715000.0,-41604000.0,,358879000.0,,,,,,186301000.0,,,-191392000.0,,,-520119000.0,-352632000.0,233249000.0
2024-11-02,7808035000.0,4754434000.0,3053601000.0,,1992993000.0,,1048651000.0,,1061751000.0,253903000.0,807848000.0,17.0,16.93,47519000.0,47710000.0,177782000.0,,,,,,,2954862000.0,,1264419000.0,10870000.0,,60127000.0,5958486000.0,593219000.0,333463000.0,405040000.0,1816407000.0,,,,65024000.0,3629477000.0,1330181000.0,,2329009000.0,5958486000.0,197075000.0,,,5682000.0,623050000.0,,,54210000.0,-31551000.0,,302041000.0,,,,,,300536000.0,,,-306644000.0,,,-584209000.0,-588812000.0,316790000.0
,,,,,,,,,,,,,,,,,,,,,,,,,,,,,,,,,,,,,,,,,,,,,,,,,,,,,,,,,,,,,,,,,,,
,,,,,,,,,,,,,,,,,,,,,,,,,,,,,,,,,,,,,,,,,,,,,,,,,,,,,,,,,,,,,,,,,,,
,,,,,,,,,,,,,,,,,,,,,,,,,,,,,,,,,,,,,,,,,,,,,,,,,,,,,,,,,,,,,,,,,,,
,,,,,,,,,,,,,,,,,,,,,,,,,,,,,,,,,,,,,,,,,,,,,,,,,,,,,,,,,,,,,,,,,,,
,,,,,,,,,,,,,,,,,,,,,,,,,,,,,,,,,,,,,,,,,,,,,,,,,,,,,,,,,,,,,,,,,,,
