Date,Net sales,Cost of sales,Gross margin,Research and development,"Selling, general and administrative",Total operating expenses,Operating income,"Other income/(expense), net",Income before provision for income taxes,Provision for income taxes,Net income,Earnings per share basic,Earnings per share diluted,Weighted-average basic,Weighted-average diluted,Cash and cash equivalents,Short-term marketable securities,"Accounts receivable, net",Inventories,Deferred tax assets,Vendor non-trade receivables,Other current assets,Total current assets,Long-term marketable securities,"Property, Plant and Equipment, Net",Goodwill,"Acquired intangible assets, net","Other Assets, Noncurrent",Total assets,accounts payable,Accrued expenses,Deferred revenue,Total current liabilities,Deferred revenue - non-current,deferred tax liabilities,long term taxes payable,Total other non-current liabilities,Total liabilities,Retained Earnings (Accumulated Deficit),Accumulated other comprehensive (loss)/income,Total shareholders equity,Total liabilities and shareholders' equity,"Depreciation, amortization and accretion",Stock-based compensation expense,Deferred income tax expense,"Increase (Decrease) in Accounts receivable, net",Increase (Decrease) in Inventories,Increase (Decrease) in Other Receivables,Increase (Decrease) in Other Operating Assets,Increase (Decrease) in Accounts Payable,Increase (Decrease) in Deferred Revenue,Increase (Decrease) Other liabilities,Cash generated by operating activities,Purchases of marketable securities,Proceeds from maturities of marketable securities,Proceeds from sales of marketable securities,Purchases of other long-term investments,"Business acquisitions, net of cash acquired",Cash payments for capital asset purchases,Payments for acquisition of intangible assets,Payments for (Proceeds from) Other Investing Activities,Cash used in investing activities,Proceeds from issuance of common stock,Excess tax benefits from stock-based compensation,Cash generated/used in financing activities,Increase/(decrease) in cash and cash equivalents,"Cash paid for income taxes, net"
2009-12-31,87138000000.0,,,,12734000000.0,80779000000.0,6359000000.0,,5808000000.0,1986000000.0,3822000000.0,3.27,3.24,1168000000.0,1179000000.0,9800000000.0,,1954000000.0,,448000000.0,,,18200000000.0,,2140000000.0,20727000000.0,2381000000.0,2286000000.0,59045000000.0,,,1217000000.0,22163000000.0,,,,1942000000.0,35439000000.0,23342000000.0,,23606000000.0,59045000000.0,,334000000.0,-16000000.0,-100000000.0,,,250000000.0,,-6000000.0,,5625000000.0,,2675000000.0,4040000000.0,,486000000.0,739000000.0,,,-976000000.0,282000000.0,38000000.0,-2275000000.0,2374000000.0,
2010-03-31,23193000000.0,,,,3276000000.0,21177000000.0,2016000000.0,,1891000000.0,700000000.0,1191000000.0,1.04,1.03,1145000000.0,1156000000.0,9920000000.0,,2309000000.0,,335000000.0,,,18379000000.0,,2070000000.0,20830000000.0,2297000000.0,2130000000.0,59541000000.0,,,1144000000.0,22942000000.0,,,,1956000000.0,35222000000.0,24056000000.0,,24319000000.0,59541000000.0,,100000000.0,83000000.0,318000000.0,,,76000000.0,,-37000000.0,,1205000000.0,,740000000.0,960000000.0,,78000000.0,132000000.0,,,-583000000.0,95000000.0,7000000.0,-502000000.0,120000000.0,
2010-06-30,46457000000.0,,,,6635000000.0,42540000000.0,3917000000.0,,3673000000.0,1359000000.0,2314000000.0,2.04,2.02,1136000000.0,1146000000.0,9983000000.0,,2766000000.0,,391000000.0,,,18982000000.0,,2069000000.0,20985000000.0,2257000000.0,2112000000.0,60424000000.0,,,992000000.0,23103000000.0,,,,2132000000.0,35595000000.0,24465000000.0,,24829000000.0,60424000000.0,,167000000.0,59000000.0,789000000.0,,,70000000.0,,-189000000.0,,1928000000.0,,1426000000.0,1522000000.0,,165000000.0,343000000.0,,,-818000000.0,106000000.0,6000000.0,-927000000.0,183000000.0,
2010-09-30,70125000000.0,,,,10183000000.0,64063000000.0,6062000000.0,,5699000000.0,2108000000.0,3591000000.0,3.18,3.15,1129000000.0,1139000000.0,9577000000.0,,2082000000.0,,505000000.0,,,18256000000.0,,2033000000.0,22855000000.0,3008000000.0,2122000000.0,63023000000.0,,,1110000000.0,24442000000.0,,,,2553000000.0,37412000000.0,25109000000.0,,25611000000.0,63023000000.0,,250000000.0,-4000000.0,35000000.0,,,-94000000.0,,-71000000.0,,4832000000.0,,2236000000.0,1927000000.0,,2072000000.0,548000000.0,,,-3634000000.0,189000000.0,10000000.0,-1421000000.0,-223000000.0,
2010-12-31,94155000000.0,,,,14270000000.0,86291000000.0,7864000000.0,,7383000000.0,2749000000.0,4634000000.0,4.14,4.1,1120000000.0,1131000000.0,9123000000.0,,2061000000.0,,-687000000.0,,,18393000000.0,,1027000000.0,22745000000.0,2910000000.0,2108000000.0,63063000000.0,,,1533000000.0,23700000000.0,,,,,37238000000.0,25562000000.0,,25825000000.0,63063000000.0,,326000000.0,45000000.0,16000000.0,,,-84000000.0,,352000000.0,,6273000000.0,,3105000000.0,2593000000.0,,2323000000.0,878000000.0,,,-5339000000.0,272000000.0,27000000.0,-1611000000.0,-677000000.0,2725000000.0
2011-03-31,25432000000.0,,,,3617000000.0,23211000000.0,2221000000.0,,2103000000.0,757000000.0,1346000000.0,1.24,1.22,1086000000.0,1099000000.0,9790000000.0,,2495000000.0,,235000000.0,,,19818000000.0,,,23393000000.0,2893000000.0,2110000000.0,65335000000.0,,,1382000000.0,24527000000.0,,,,,38764000000.0,26353000000.0,,26571000000.0,65335000000.0,,123000000.0,165000000.0,385000000.0,,,304000000.0,,-151000000.0,,1224000000.0,,1048000000.0,1085000000.0,,541000000.0,213000000.0,,,-1337000000.0,96000000.0,,780000000.0,667000000.0,
2011-06-30,50666000000.0,,,,7350000000.0,46346000000.0,4320000000.0,,4083000000.0,1470000000.0,2613000000.0,2.42,2.38,1079000000.0,1096000000.0,9775000000.0,,2851000000.0,,153000000.0,,,20429000000.0,,,23423000000.0,2878000000.0,2148000000.0,66115000000.0,,,1474000000.0,24374000000.0,,,,,38752000000.0,27020000000.0,,27363000000.0,66115000000.0,,218000000.0,264000000.0,843000000.0,,,281000000.0,,-59000000.0,,2419000000.0,,1901000000.0,1985000000.0,,827000000.0,516000000.0,,,-1558000000.0,225000000.0,,-209000000.0,652000000.0,
2011-12-31,101862000000.0,,,,15557000000.0,93398000000.0,8464000000.0,,7959000000.0,2817000000.0,5142000000.0,4.81,4.73,1070000000.0,1087000000.0,9429000000.0,,2294000000.0,,-878000000.0,,,20350000000.0,,2515000000.0,23975000000.0,2795000000.0,2088000000.0,67889000000.0,,,1225000000.0,23922000000.0,,,,,39597000000.0,27821000000.0,,28292000000.0,67889000000.0,,401000000.0,59000000.0,267000000.0,,,121000000.0,,-308000000.0,,6968000000.0,,4251000000.0,3949000000.0,,1844000000.0,1067000000.0,,,-4172000000.0,381000000.0,,-2490000000.0,306000000.0,2739000000.0
2012-03-31,27282000000.0,,,,4096000000.0,24965000000.0,2317000000.0,,2169000000.0,781000000.0,1388000000.0,1.34,1.31,1039000000.0,1060000000.0,11661000000.0,,2688000000.0,,432000000.0,,,22690000000.0,,2560000000.0,25754000000.0,3103000000.0,2091000000.0,72690000000.0,,,3816000000.0,27462000000.0,,,,,43834000000.0,28388000000.0,458000000.0,28856000000.0,72690000000.0,,140000000.0,126000000.0,316000000.0,,,221000000.0,,2465000000.0,,3586000000.0,,1098000000.0,1034000000.0,,1935000000.0,269000000.0,,,-2398000000.0,257000000.0,,1044000000.0,2232000000.0,
2012-06-30,54547000000.0,,,,8176000000.0,50004000000.0,4543000000.0,,4242000000.0,1517000000.0,2725000000.0,2.64,2.59,1034000000.0,1054000000.0,11578000000.0,,2648000000.0,,461000000.0,,,22727000000.0,,2589000000.0,26191000000.0,3141000000.0,2119000000.0,73465000000.0,,,3853000000.0,27623000000.0,,,,,44090000000.0,28896000000.0,469000000.0,29375000000.0,73465000000.0,,242000000.0,108000000.0,188000000.0,,,27000000.0,,2496000000.0,,5771000000.0,,2322000000.0,2090000000.0,,2404000000.0,465000000.0,,,-3403000000.0,410000000.0,,-219000000.0,2149000000.0,
2012-09-30,81849000000.0,,,,12453000000.0,74696000000.0,7153000000.0,,6694000000.0,2412000000.0,4282000000.0,4.16,4.08,1030000000.0,1049000000.0,8916000000.0,,2403000000.0,,414000000.0,,,20331000000.0,,2619000000.0,26339000000.0,3049000000.0,2135000000.0,71700000000.0,,,1186000000.0,24853000000.0,,,,,41477000000.0,29638000000.0,575000000.0,30223000000.0,71700000000.0,,329000000.0,181000000.0,-93000000.0,,,101000000.0,,-173000000.0,,5473000000.0,,3742000000.0,2566000000.0,,2550000000.0,786000000.0,,,-4460000000.0,508000000.0,,-1526000000.0,-513000000.0,
2012-12-31,110618000000.0,,,,17306000000.0,101364000000.0,9254000000.0,,8622000000.0,3096000000.0,5526000000.0,5.38,5.28,1027000000.0,1046000000.0,8406000000.0,,2709000000.0,,-1986000000.0,,,21052000000.0,,3939000000.0,31286000000.0,4682000000.0,2215000000.0,80885000000.0,,,1505000000.0,27116000000.0,,2450000000.0,,1535000000.0,47586000000.0,30664000000.0,438000000.0,31178000000.0,80885000000.0,,421000000.0,308000000.0,130000000.0,,,295000000.0,,28000000.0,,7155000000.0,,4810000000.0,3794000000.0,,6280000000.0,1070000000.0,,,-8649000000.0,1078000000.0,,471000000.0,-1023000000.0,2666000000.0
2013-03-31,30340000000.0,,,,4614000000.0,28201000000.0,2139000000.0,,1961000000.0,721000000.0,1192000000.0,1.17,1.16,1016000000.0,1029000000.0,10038000000.0,,3185000000.0,,336000000.0,,,22717000000.0,,3945000000.0,31810000000.0,4309000000.0,2347000000.0,83126000000.0,,,1386000000.0,27183000000.0,,2321000000.0,,1571000000.0,49181000000.0,31359000000.0,388000000.0,31757000000.0,83126000000.0,,99000000.0,131000000.0,463000000.0,,,556000000.0,,-129000000.0,,1053000000.0,,1195000000.0,1282000000.0,,279000000.0,323000000.0,,,-904000000.0,116000000.0,,1503000000.0,1632000000.0,
2013-06-30,60748000000.0,,,,9439000000.0,56208000000.0,4540000000.0,,4186000000.0,1510000000.0,2628000000.0,2.6,2.56,1012000000.0,1027000000.0,7654000000.0,,3674000000.0,,366000000.0,,,20618000000.0,,3785000000.0,31427000000.0,4079000000.0,2316000000.0,80201000000.0,,,1242000000.0,26405000000.0,,2076000000.0,,1576000000.0,48051000000.0,31906000000.0,-535000000.0,31381000000.0,80201000000.0,,176000000.0,100000000.0,952000000.0,,,661000000.0,,-260000000.0,,2527000000.0,,2718000000.0,2924000000.0,,284000000.0,625000000.0,,,-1018000000.0,314000000.0,,-2167000000.0,-752000000.0,
2013-09-30,91372000000.0,,,,14308000000.0,84201000000.0,7171000000.0,,6639000000.0,2393000000.0,4198000000.0,4.16,4.09,1009000000.0,1026000000.0,8286000000.0,,2853000000.0,,366000000.0,,,21194000000.0,,3829000000.0,31751000000.0,4019000000.0,2287000000.0,81863000000.0,,,1525000000.0,27867000000.0,,1881000000.0,,1622000000.0,48717000000.0,32593000000.0,-587000000.0,32016000000.0,81863000000.0,,255000000.0,93000000.0,120000000.0,,,590000000.0,,20000000.0,,5923000000.0,,3871000000.0,3779000000.0,,330000000.0,986000000.0,,,-2273000000.0,538000000.0,,-3683000000.0,-120000000.0,
2013-12-31,122489000000.0,,,,19362000000.0,112866000000.0,9623000000.0,,8915000000.0,3242000000.0,5625000000.0,5.59,5.5,1006000000.0,1023000000.0,7276000000.0,,3052000000.0,,1218000000.0,,,20380000000.0,,4010000000.0,31604000000.0,3844000000.0,2439000000.0,81882000000.0,,,1600000000.0,27881000000.0,,1796000000.0,,1525000000.0,48558000000.0,33047000000.0,-908000000.0,32149000000.0,81882000000.0,,331000000.0,1000000.0,317000000.0,,,838000000.0,,102000000.0,,6991000000.0,,4859000000.0,5706000000.0,,362000000.0,1307000000.0,,,-3089000000.0,598000000.0,,-4946000000.0,-1130000000.0,2785000000.0
2014-03-31,31708000000.0,,,,5194000000.0,29654000000.0,2054000000.0,,1894000000.0,795000000.0,1099000000.0,1.12,1.1,983000000.0,996000000.0,7514000000.0,,4202000000.0,,319000000.0,,,22364000000.0,,4065000000.0,32150000000.0,3867000000.0,2799000000.0,84622000000.0,,,1838000000.0,30716000000.0,,1831000000.0,,1262000000.0,50805000000.0,33112000000.0,-573000000.0,32549000000.0,84622000000.0,,105000000.0,99000000.0,990000000.0,,,1281000000.0,,232000000.0,,1408000000.0,,825000000.0,2235000000.0,,345000000.0,353000000.0,,51000000.0,-603000000.0,216000000.0,,-573000000.0,238000000.0,
2014-06-30,64282000000.0,,,,10400000000.0,59676000000.0,4606000000.0,,4291000000.0,1784000000.0,2507000000.0,2.56,2.52,981000000.0,994000000.0,6412000000.0,,5383000000.0,,496000000.0,,,22851000000.0,,4267000000.0,32462000000.0,3791000000.0,2821000000.0,85466000000.0,,,1482000000.0,30776000000.0,,2011000000.0,,1332000000.0,51228000000.0,33215000000.0,-290000000.0,32935000000.0,85466000000.0,,188000000.0,-16000000.0,2131000000.0,,,1135000000.0,,-128000000.0,,2422000000.0,,1544000000.0,4393000000.0,,523000000.0,716000000.0,,99000000.0,-878000000.0,267000000.0,,-2422000000.0,-864000000.0,
2014-09-30,97041000000.0,,,,15836000000.0,89532000000.0,7509000000.0,,7042000000.0,2933000000.0,4109000000.0,4.21,4.15,977000000.0,990000000.0,7233000000.0,,3826000000.0,,520000000.0,,,22963000000.0,,4309000000.0,32357000000.0,3579000000.0,2872000000.0,85426000000.0,,,1691000000.0,31130000000.0,,1901000000.0,,1326000000.0,51436000000.0,33578000000.0,-984000000.0,32604000000.0,85426000000.0,,269000000.0,-107000000.0,545000000.0,,,819000000.0,,91000000.0,,5622000000.0,,2266000000.0,5810000000.0,,851000000.0,1121000000.0,,139000000.0,-1858000000.0,400000000.0,,-3810000000.0,-43000000.0,
2014-12-31,130474000000.0,,,,21681000000.0,120200000000.0,10274000000.0,,9656000000.0,4037000000.0,5619000000.0,5.78,5.7,972000000.0,986000000.0,7495000000.0,,4252000000.0,,1411000000.0,,,23556000000.0,,4418000000.0,32940000000.0,3669000000.0,2972000000.0,86382000000.0,,,1972000000.0,30623000000.0,,2065000000.0,,1357000000.0,52540000000.0,33836000000.0,-1392000000.0,32454000000.0,86382000000.0,,364000000.0,-117000000.0,911000000.0,,,590000000.0,,385000000.0,,8051000000.0,,3026000000.0,7701000000.0,,1923000000.0,1525000000.0,,-37000000.0,-2534000000.0,462000000.0,,-5293000000.0,219000000.0,4024000000.0
2015-03-31,35756000000.0,,,,5949000000.0,33116000000.0,2640000000.0,,2490000000.0,1077000000.0,1413000000.0,1.48,1.46,954000000.0,969000000.0,8650000000.0,,5040000000.0,,405000000.0,,,26774000000.0,,4245000000.0,32782000000.0,3441000000.0,3061000000.0,89719000000.0,,,1734000000.0,34978000000.0,,2056000000.0,,1295000000.0,56389000000.0,34153000000.0,-2285000000.0,31878000000.0,89719000000.0,,125000000.0,122000000.0,758000000.0,,,2162000000.0,,-217000000.0,,2269000000.0,,843000000.0,503000000.0,,575000000.0,373000000.0,,32000000.0,-1525000000.0,192000000.0,,496000000.0,1155000000.0,
2015-06-30,72019000000.0,,,,11801000000.0,66484000000.0,5535000000.0,,5234000000.0,2236000000.0,2998000000.0,3.15,3.1,953000000.0,967000000.0,7887000000.0,,6034000000.0,,514000000.0,,,27566000000.0,,4473000000.0,34154000000.0,3316000000.0,2918000000.0,91423000000.0,,,1508000000.0,35741000000.0,,1877000000.0,,1301000000.0,56788000000.0,35262000000.0,-2307000000.0,33020000000.0,91423000000.0,,211000000.0,-30000000.0,1725000000.0,,,2178000000.0,,-446000000.0,,3432000000.0,,1622000000.0,2260000000.0,,1778000000.0,716000000.0,,-48000000.0,-2850000000.0,242000000.0,,-121000000.0,392000000.0,
2015-09-30,113508000000.0,,,,18102000000.0,104955000000.0,8553000000.0,,8023000000.0,3407000000.0,4595000000.0,4.82,4.75,953000000.0,967000000.0,7983000000.0,,6752000000.0,,670000000.0,,,29935000000.0,,4532000000.0,43680000000.0,8405000000.0,3185000000.0,108272000000.0,,,1731000000.0,39953000000.0,,3593000000.0,,1529000000.0,73579000000.0,36382000000.0,-3347000000.0,,108272000000.0,,306000000.0,-49000000.0,907000000.0,,,1686000000.0,,-179000000.0,,6229000000.0,,2557000000.0,4041000000.0,,16183000000.0,1072000000.0,,51000000.0,-17420000000.0,366000000.0,,11830000000.0,488000000.0,
2015-12-31,157107000000.0,,,,24312000000.0,146086000000.0,11021000000.0,,10231000000.0,4363000000.0,5813000000.0,6.1,6.01,953000000.0,967000000.0,10923000000.0,,6523000000.0,,1822000000.0,,,31639000000.0,,4861000000.0,44453000000.0,8391000000.0,3247000000.0,111383000000.0,,,2142000000.0,42898000000.0,,3587000000.0,,1481000000.0,75922000000.0,37125000000.0,-3334000000.0,,111383000000.0,,406000000.0,-73000000.0,591000000.0,,,1430000000.0,,237000000.0,,9740000000.0,,3354000000.0,6054000000.0,,16164000000.0,1556000000.0,,144000000.0,-18395000000.0,402000000.0,,12239000000.0,3428000000.0,4401000000.0
2016-03-31,44527000000.0,,,,6758000000.0,41567000000.0,2960000000.0,,2701000000.0,1074000000.0,1611000000.0,1.69,1.67,953000000.0,967000000.0,10596000000.0,,7777000000.0,,,,,33745000000.0,,4976000000.0,46294000000.0,8861000000.0,3084000000.0,117855000000.0,,,1901000000.0,46285000000.0,,3066000000.0,,1887000000.0,80964000000.0,37963000000.0,-2804000000.0,,117855000000.0,,157000000.0,145000000.0,1110000000.0,,,2162000000.0,,-251000000.0,,2318000000.0,,978000000.0,2122000000.0,,1697000000.0,425000000.0,,-14000000.0,-4181000000.0,198000000.0,,1502000000.0,-327000000.0,
2016-06-30,91012000000.0,,,,13551000000.0,84849000000.0,6163000000.0,,5633000000.0,2246000000.0,3365000000.0,3.53,3.48,952000000.0,967000000.0,8217000000.0,,9346000000.0,,,,,33298000000.0,,5189000000.0,46881000000.0,8878000000.0,3146000000.0,119603000000.0,,,1567000000.0,47376000000.0,,2857000000.0,,1998000000.0,81572000000.0,38579000000.0,-2203000000.0,,119603000000.0,,262000000.0,-141000000.0,2638000000.0,,,2052000000.0,,-595000000.0,,4001000000.0,,1973000000.0,3421000000.0,,2035000000.0,813000000.0,,-16000000.0,-6413000000.0,254000000.0,,-359000000.0,-2706000000.0,
2016-09-30,137305000000.0,,,,20584000000.0,127562000000.0,9743000000.0,,8944000000.0,3579000000.0,5333000000.0,5.6,5.51,952000000.0,969000000.0,12796000000.0,,7347000000.0,,,,,35768000000.0,,5524000000.0,47183000000.0,8719000000.0,3124000000.0,123642000000.0,,,5730000000.0,51096000000.0,,2492000000.0,,2032000000.0,84151000000.0,39945000000.0,-2303000000.0,,123642000000.0,,369000000.0,-405000000.0,580000000.0,,,1835000000.0,,3566000000.0,,11204000000.0,,3040000000.0,4422000000.0,,2727000000.0,1220000000.0,,25000000.0,-8741000000.0,387000000.0,,-660000000.0,1873000000.0,
2016-12-31,184840000000.0,,,,28401000000.0,171910000000.0,12930000000.0,,11863000000.0,4790000000.0,7017000000.0,7.37,7.25,952000000.0,968000000.0,10430000000.0,,8152000000.0,,2227000000.0,,,33879000000.0,,5901000000.0,47584000000.0,8541000000.0,3037000000.0,122810000000.0,,10339000000.0,1968000000.0,49252000000.0,,2761000000.0,,2307000000.0,82621000000.0,40945000000.0,-2681000000.0,,122810000000.0,,485000000.0,81000000.0,1357000000.0,,,1601000000.0,,-202000000.0,,9795000000.0,,4281000000.0,7339000000.0,,1760000000.0,1705000000.0,,-37000000.0,-9355000000.0,429000000.0,,-1011000000.0,-493000000.0,4726000000.0
2017-03-31,48723000000.0,,,,7022000000.0,45310000000.0,3413000000.0,,3130000000.0,939000000.0,2172000000.0,2.28,2.23,954000000.0,975000000.0,16142000000.0,,9595000000.0,,,,,40989000000.0,,6329000000.0,52376000000.0,8618000000.0,3085000000.0,137157000000.0,,12198000000.0,6475000000.0,57543000000.0,,2894000000.0,,2385000000.0,91495000000.0,42521000000.0,-2447000000.0,,137157000000.0,,196000000.0,-89000000.0,1232000000.0,,,998000000.0,,4496000000.0,,6456000000.0,,1326000000.0,1018000000.0,,468000000.0,507000000.0,,-25000000.0,-2289000000.0,270000000.0,,1525000000.0,5712000000.0,
2017-06-30,98776000000.0,,,,14350000000.0,91632000000.0,7144000000.0,,6560000000.0,2019000000.0,4456000000.0,4.65,4.55,964000000.0,985000000.0,14582000000.0,,10538000000.0,,,,,41239000000.0,,6324000000.0,52498000000.0,8338000000.0,3301000000.0,138097000000.0,,13043000000.0,6115000000.0,57121000000.0,,2844000000.0,,2421000000.0,91104000000.0,44081000000.0,-2591000000.0,,138097000000.0,,332000000.0,-200000000.0,2185000000.0,,,1520000000.0,,4143000000.0,,8627000000.0,,2776000000.0,2086000000.0,,704000000.0,925000000.0,,-55000000.0,-3656000000.0,391000000.0,,-812000000.0,4152000000.0,
2017-09-30,149098000000.0,,,,21737000000.0,137866000000.0,11232000000.0,,10354000000.0,3252000000.0,6941000000.0,7.22,7.06,968000000.0,989000000.0,16269000000.0,,8638000000.0,,,,,40921000000.0,,6562000000.0,53402000000.0,8457000000.0,3387000000.0,140432000000.0,,13073000000.0,6635000000.0,58088000000.0,,2697000000.0,,2909000000.0,90952000000.0,45840000000.0,-2353000000.0,,140432000000.0,,456000000.0,-459000000.0,244000000.0,,,763000000.0,,4658000000.0,,16173000000.0,,4251000000.0,2809000000.0,,908000000.0,1391000000.0,,30000000.0,-5895000000.0,604000000.0,,-4457000000.0,5839000000.0,
2017-12-31,201159000000.0,,,,29557000000.0,185950000000.0,15209000000.0,,14023000000.0,3200000000.0,10558000000.0,10.95,10.72,964000000.0,985000000.0,11981000000.0,,9568000000.0,,1772000000.0,,,37084000000.0,,7013000000.0,54556000000.0,8489000000.0,3575000000.0,139058000000.0,,12286000000.0,2269000000.0,50463000000.0,,2182000000.0,,5556000000.0,87036000000.0,48730000000.0,-2667000000.0,,139058000000.0,,597000000.0,-965000000.0,1062000000.0,,,630000000.0,,157000000.0,,13596000000.0,,5646000000.0,4623000000.0,,2131000000.0,2023000000.0,,126000000.0,-8599000000.0,688000000.0,,-3441000000.0,1551000000.0,4004000000.0
2018-03-31,55188000000.0,,,,8506000000.0,51135000000.0,4053000000.0,,3724000000.0,800000000.0,2836000000.0,2.94,2.87,966000000.0,987000000.0,18243000000.0,,11512000000.0,,,,,48353000000.0,,8144000000.0,56850000000.0,9033000000.0,3748000000.0,155569000000.0,,14806000000.0,7683000000.0,67667000000.0,,2213000000.0,,5557000000.0,103643000000.0,50494000000.0,-2951000000.0,,155569000000.0,,208000000.0,-74000000.0,1579000000.0,,,3232000000.0,,5379000000.0,,8369000000.0,,1504000000.0,1002000000.0,,2583000000.0,477000000.0,,72000000.0,-4517000000.0,295000000.0,,2422000000.0,6262000000.0,
2018-06-30,111274000000.0,12655000000.0,,,16892000000.0,103017000000.0,8257000000.0,,7584000000.0,1650000000.0,5758000000.0,5.98,5.85,963000000.0,984000000.0,18368000000.0,,10874000000.0,,,,,46634000000.0,,7906000000.0,56271000000.0,8680000000.0,3883000000.0,154611000000.0,,14999000000.0,7228000000.0,62052000000.0,,2095000000.0,,5746000000.0,101989000000.0,52363000000.0,-4080000000.0,,154611000000.0,,358000000.0,-158000000.0,1021000000.0,,,2369000000.0,,4946000000.0,,12376000000.0,,3211000000.0,2003000000.0,,2636000000.0,960000000.0,,134000000.0,-6698000000.0,478000000.0,,787000000.0,6387000000.0,
2018-09-30,167830000000.0,19373000000.0,,,25371000000.0,154983000000.0,12847000000.0,,11821000000.0,2603000000.0,8946000000.0,9.29,9.09,963000000.0,984000000.0,10263000000.0,,10992000000.0,,,,,38754000000.0,,8042000000.0,58703000000.0,9498000000.0,4161000000.0,151087000000.0,,13648000000.0,2388000000.0,56377000000.0,,2434000000.0,,5858000000.0,96722000000.0,54386000000.0,-4386000000.0,,151087000000.0,,512000000.0,9000000.0,984000000.0,,,1641000000.0,,20000000.0,,13317000000.0,,4715000000.0,2872000000.0,,5824000000.0,1505000000.0,,187000000.0,-11245000000.0,745000000.0,,-3693000000.0,-1718000000.0,
2018-12-31,226247000000.0,26998000000.0,,,34074000000.0,208903000000.0,17344000000.0,,15944000000.0,3562000000.0,11986000000.0,12.45,12.19,963000000.0,983000000.0,10866000000.0,,11388000000.0,,2001000000.0,,,38692000000.0,,8458000000.0,58910000000.0,9325000000.0,4326000000.0,152221000000.0,,12244000000.0,2396000000.0,53209000000.0,,2474000000.0,,5730000000.0,95994000000.0,55846000000.0,-4160000000.0,,152221000000.0,,638000000.0,42000000.0,1351000000.0,,,750000000.0,,38000000.0,,15713000000.0,,6270000000.0,3641000000.0,,5997000000.0,2063000000.0,,226000000.0,-12385000000.0,838000000.0,,-4365000000.0,-1115000000.0,3257000000.0
2019-03-31,60308000000.0,7381000000.0,,,8517000000.0,55476000000.0,4832000000.0,,4432000000.0,875000000.0,3467000000.0,3.62,3.56,958000000.0,975000000.0,12407000000.0,,12826000000.0,,,,,42815000000.0,,8230000000.0,59379000000.0,9245000000.0,7975000000.0,161197000000.0,,14445000000.0,2530000000.0,58933000000.0,,2786000000.0,,8554000000.0,104692000000.0,55472000000.0,-3758000000.0,,161197000000.0,,243000000.0,134000000.0,1421000000.0,,,1495000000.0,,92000000.0,,3234000000.0,,1711000000.0,1510000000.0,,689000000.0,562000000.0,,-154000000.0,-1416000000.0,323000000.0,,-272000000.0,1541000000.0,
2019-06-30,120903000000.0,14979000000.0,,,16932000000.0,111327000000.0,9576000000.0,,8758000000.0,1816000000.0,6760000000.0,7.09,6.97,954000000.0,970000000.0,13745000000.0,,9741000000.0,,,,,42038000000.0,,8681000000.0,62000000000.0,9999000000.0,8786000000.0,167200000000.0,,14474000000.0,2019000000.0,62328000000.0,,2908000000.0,,9435000000.0,109144000000.0,56367000000.0,-3273000000.0,,167200000000.0,,398000000.0,195000000.0,-2196000000.0,,,1774000000.0,,-429000000.0,,9108000000.0,,3315000000.0,2680000000.0,,4751000000.0,977000000.0,,-504000000.0,-6878000000.0,448000000.0,,643000000.0,2879000000.0,
2019-09-30,181254000000.0,21606000000.0,,,25892000000.0,166664000000.0,14590000000.0,,13323000000.0,2752000000.0,10298000000.0,10.82,10.65,952000000.0,967000000.0,12363000000.0,,10964000000.0,,,,,43541000000.0,,8501000000.0,65205000000.0,10521000000.0,9101000000.0,173709000000.0,,14245000000.0,2500000000.0,62641000000.0,,2902000000.0,,9912000000.0,113962000000.0,58696000000.0,-3709000000.0,,173709000000.0,,525000000.0,177000000.0,-957000000.0,,,2181000000.0,,60000000.0,,12258000000.0,,5160000000.0,6198000000.0,,8200000000.0,1421000000.0,,-338000000.0,-11311000000.0,740000000.0,,587000000.0,1497000000.0,
2019-12-31,242155000000.0,28117000000.0,,,35193000000.0,222470000000.0,19685000000.0,,17981000000.0,3742000000.0,13839000000.0,14.55,14.33,951000000.0,966000000.0,10985000000.0,,11822000000.0,,2868000000.0,,,42634000000.0,,8704000000.0,65659000000.0,10349000000.0,9334000000.0,173889000000.0,,14595000000.0,2622000000.0,61782000000.0,,2993000000.0,,10144000000.0,111727000000.0,61178000000.0,-3578000000.0,,173889000000.0,,697000000.0,230000000.0,-162000000.0,,,1563000000.0,,130000000.0,,18463000000.0,,7091000000.0,8536000000.0,,8343000000.0,2071000000.0,,-219000000.0,-12699000000.0,1037000000.0,,-5625000000.0,119000000.0,3542000000.0
2020-03-31,64421000000.0,7687000000.0,,,10015000000.0,59425000000.0,4996000000.0,,4559000000.0,1094000000.0,3382000000.0,3.56,3.52,949000000.0,962000000.0,21569000000.0,,14613000000.0,,,,,58807000000.0,,8173000000.0,65302000000.0,10199000000.0,10008000000.0,189067000000.0,,14652000000.0,2509000000.0,78606000000.0,,,,10048000000.0,127463000000.0,62327000000.0,-5360000000.0,,189067000000.0,,231000000.0,202000000.0,2652000000.0,,,4249000000.0,,-79000000.0,,2943000000.0,,1726000000.0,2170000000.0,,929000000.0,469000000.0,,165000000.0,-1533000000.0,557000000.0,,9303000000.0,10584000000.0,
2020-06-30,126559000000.0,15188000000.0,,,20016000000.0,112322000000.0,14237000000.0,,13370000000.0,3209000000.0,10019000000.0,10.56,10.43,949000000.0,961000000.0,22327000000.0,,12546000000.0,,,,,58918000000.0,,8126000000.0,67872000000.0,10552000000.0,10237000000.0,192483000000.0,,16805000000.0,2299000000.0,69883000000.0,,,,11056000000.0,124126000000.0,67776000000.0,-4550000000.0,,192483000000.0,,388000000.0,114000000.0,439000000.0,,,3784000000.0,,-296000000.0,,12946000000.0,,3437000000.0,3548000000.0,,3952000000.0,920000000.0,,186000000.0,-4485000000.0,870000000.0,,3024000000.0,11342000000.0,
2020-09-30,191674000000.0,23123000000.0,,,30190000000.0,172786000000.0,18888000000.0,,17626000000.0,4209000000.0,13191000000.0,13.9,13.73,950000000.0,962000000.0,17550000000.0,,12171000000.0,,,,,54821000000.0,,8151000000.0,68088000000.0,10373000000.0,10352000000.0,190969000000.0,,17967000000.0,2391000000.0,66597000000.0,,,,11186000000.0,121018000000.0,69715000000.0,-4494000000.0,,190969000000.0,,527000000.0,119000000.0,194000000.0,,,2697000000.0,,-132000000.0,,16073000000.0,,5297000000.0,4887000000.0,,4326000000.0,1477000000.0,,165000000.0,-7354000000.0,1206000000.0,,-1994000000.0,6565000000.0,
2020-12-31,257141000000.0,30745000000.0,,,41704000000.0,234736000000.0,22405000000.0,,20742000000.0,4973000000.0,15403000000.0,16.23,16.03,949000000.0,961000000.0,16921000000.0,,12870000000.0,,3391000000.0,,,53718000000.0,,8626000000.0,71337000000.0,10856000000.0,11510000000.0,197289000000.0,,20392000000.0,2842000000.0,72420000000.0,,,,12315000000.0,126750000000.0,69295000000.0,-3814000000.0,,197289000000.0,,679000000.0,-8000000.0,688000000.0,,,2195000000.0,,278000000.0,,22174000000.0,,7252000000.0,6489000000.0,,7139000000.0,2051000000.0,,506000000.0,-12532000000.0,1440000000.0,,-3590000000.0,5936000000.0,4935000000.0
2021-03-31,70196000000.0,7572000000.0,,,10223000000.0,63457000000.0,6739000000.0,,6342000000.0,1364000000.0,4862000000.0,5.14,5.08,945000000.0,957000000.0,19955000000.0,,15980000000.0,,,,,59508000000.0,,8496000000.0,72162000000.0,10842000000.0,11757000000.0,205171000000.0,,21361000000.0,2612000000.0,80641000000.0,,,,12926000000.0,134589000000.0,71220000000.0,-4826000000.0,,205171000000.0,,256000000.0,341000000.0,2895000000.0,,,955000000.0,,-261000000.0,,6005000000.0,,2255000000.0,643000000.0,,1193000000.0,568000000.0,,232000000.0,-3707000000.0,436000000.0,,787000000.0,3034000000.0,
2021-06-30,141517000000.0,15232000000.0,,,20582000000.0,128800000000.0,12717000000.0,,11910000000.0,2560000000.0,9128000000.0,9.66,9.55,945000000.0,956000000.0,19832000000.0,,14587000000.0,,,,,58916000000.0,,8735000000.0,75827000000.0,10806000000.0,11947000000.0,210292000000.0,,22180000000.0,2365000000.0,76557000000.0,,,,12425000000.0,136971000000.0,73090000000.0,-4086000000.0,,210292000000.0,,426000000.0,327000000.0,1218000000.0,,,1523000000.0,,-523000000.0,,11545000000.0,,4650000000.0,1408000000.0,,4642000000.0,1130000000.0,,648000000.0,-9209000000.0,764000000.0,,569000000.0,2911000000.0,
2021-09-30,213854000000.0,23034000000.0,,,31307000000.0,195425000000.0,18429000000.0,,17200000000.0,3659000000.0,13214000000.0,14.0,13.82,944000000.0,956000000.0,21085000000.0,,14152000000.0,,,,,61610000000.0,,8730000000.0,75435000000.0,10436000000.0,12057000000.0,213045000000.0,,23189000000.0,2556000000.0,79575000000.0,,,,11844000000.0,138413000000.0,75124000000.0,-4856000000.0,,213045000000.0,,591000000.0,373000000.0,847000000.0,,,1435000000.0,,-331000000.0,,19125000000.0,,6556000000.0,2569000000.0,,4727000000.0,1759000000.0,,900000000.0,-11088000000.0,1077000000.0,,-3828000000.0,4164000000.0,
2021-12-31,287597000000.0,31034000000.0,,,42579000000.0,263627000000.0,23970000000.0,,22310000000.0,4578000000.0,17285000000.0,18.33,18.08,943000000.0,956000000.0,21375000000.0,,14216000000.0,,3548000000.0,,,61758000000.0,,8969000000.0,75795000000.0,10044000000.0,12526000000.0,212206000000.0,,22975000000.0,2571000000.0,78292000000.0,,,,11787000000.0,135727000000.0,77134000000.0,-5384000000.0,,212206000000.0,,800000000.0,130000000.0,1000000000.0,,,1031000000.0,,-310000000.0,,22343000000.0,,8251000000.0,7045000000.0,,4821000000.0,2454000000.0,,1254000000.0,-10372000000.0,1355000000.0,,-7455000000.0,4454000000.0,3966000000.0
2022-03-31,80149000000.0,8487000000.0,,,11401000000.0,73199000000.0,6950000000.0,,6517000000.0,1369000000.0,5027000000.0,5.34,5.27,941000000.0,954000000.0,25482000000.0,,18871000000.0,,,,,69029000000.0,,9183000000.0,77548000000.0,9918000000.0,13207000000.0,221238000000.0,,25064000000.0,2675000000.0,88170000000.0,,,,11671000000.0,143591000000.0,78782000000.0,-6026000000.0,,221238000000.0,,299000000.0,161000000.0,4521000000.0,,,1089000000.0,,78000000.0,,5319000000.0,,1759000000.0,1591000000.0,,1231000000.0,555000000.0,,255000000.0,-3673000000.0,551000000.0,,2304000000.0,4107000000.0,
2022-06-30,160481000000.0,17083000000.0,,,23110000000.0,146399000000.0,14082000000.0,,13182000000.0,2835000000.0,10097000000.0,10.75,10.61,939000000.0,952000000.0,24612000000.0,,18718000000.0,,,,,68356000000.0,,9421000000.0,84159000000.0,11285000000.0,14524000000.0,230172000000.0,,26771000000.0,2212000000.0,88698000000.0,,,,11967000000.0,149045000000.0,80540000000.0,-7730000000.0,,230172000000.0,,504000000.0,-15000000.0,4204000000.0,,,643000000.0,,-440000000.0,,12190000000.0,,3189000000.0,2348000000.0,,7150000000.0,1212000000.0,,532000000.0,-12260000000.0,756000000.0,,3250000000.0,3237000000.0,
2022-09-30,241375000000.0,25389000000.0,,,34773000000.0,219831000000.0,21544000000.0,,20128000000.0,4397000000.0,15359000000.0,16.37,16.15,938000000.0,951000000.0,38845000000.0,,17047000000.0,,,,,82937000000.0,,9469000000.0,83904000000.0,10785000000.0,14412000000.0,243064000000.0,,28563000000.0,12847000000.0,100935000000.0,,,,12111000000.0,160143000000.0,83722000000.0,-9086000000.0,,243064000000.0,,675000000.0,-590000000.0,2563000000.0,,,741000000.0,,10201000000.0,,30739000000.0,,4740000000.0,5376000000.0,,7154000000.0,1936000000.0,,-50000000.0,-13107000000.0,1084000000.0,,-166000000.0,17470000000.0,
2022-12-31,324162000000.0,33703000000.0,,,47782000000.0,295727000000.0,28435000000.0,,26343000000.0,5704000000.0,20120000000.0,21.47,21.18,937000000.0,950000000.0,23365000000.0,,17681000000.0,3500000000.0,4597000000.0,,,69069000000.0,,10128000000.0,93352000000.0,14401000000.0,15027000000.0,245705000000.0,,26281000000.0,3075000000.0,89237000000.0,,,,12839000000.0,159358000000.0,86156000000.0,-8393000000.0,,245705000000.0,,925000000.0,-673000000.0,2523000000.0,,,1374000000.0,,126000000.0,,26206000000.0,,6081000000.0,5907000000.0,,21458000000.0,2802000000.0,,793000000.0,-28476000000.0,1253000000.0,,4226000000.0,1990000000.0,5222000000.0
2023-03-31,91931000000.0,9405000000.0,,,13625000000.0,83845000000.0,8086000000.0,,7332000000.0,1558000000.0,5611000000.0,6.01,5.95,933000000.0,943000000.0,41913000000.0,,22414000000.0,,,,,93895000000.0,,10637000000.0,100406000000.0,16165000000.0,15692000000.0,283679000000.0,,30399000000.0,14487000000.0,116482000000.0,,,,13084000000.0,193057000000.0,88852000000.0,-7549000000.0,,283679000000.0,,362000000.0,-332000000.0,4306000000.0,,,1875000000.0,,11402000000.0,,16327000000.0,,2119000000.0,456000000.0,,7826000000.0,760000000.0,,115000000.0,-11020000000.0,344000000.0,,13190000000.0,18548000000.0,
2023-06-30,184834000000.0,19153000000.0,,,27434000000.0,168691000000.0,16143000000.0,,14561000000.0,3130000000.0,11085000000.0,11.91,11.77,931000000.0,942000000.0,41813000000.0,,17952000000.0,,,,,89869000000.0,,10926000000.0,101669000000.0,15643000000.0,16069000000.0,280164000000.0,,30345000000.0,14852000000.0,112981000000.0,,,,13261000000.0,188008000000.0,89994000000.0,-7650000000.0,,280164000000.0,,604000000.0,-482000000.0,-197000000.0,,,2001000000.0,,11755000000.0,,27359000000.0,,4463000000.0,3188000000.0,,8161000000.0,1589000000.0,,424000000.0,-11748000000.0,628000000.0,,2731000000.0,18448000000.0,
2023-09-30,277195000000.0,28576000000.0,,,41289000000.0,252526000000.0,24669000000.0,,22253000000.0,4784000000.0,16926000000.0,18.2,18.01,930000000.0,940000000.0,38915000000.0,,20673000000.0,,,,,91905000000.0,,11070000000.0,101703000000.0,15200000000.0,16711000000.0,282063000000.0,,29622000000.0,15311000000.0,114179000000.0,,,,13615000000.0,188083000000.0,93173000000.0,-8688000000.0,,282063000000.0,,851000000.0,-494000000.0,2574000000.0,,,2358000000.0,,12221000000.0,,34261000000.0,,6474000000.0,3674000000.0,,8389000000.0,2427000000.0,,721000000.0,-14387000000.0,1039000000.0,,-4373000000.0,15550000000.0,
2023-12-31,371622000000.0,38770000000.0,,,54628000000.0,339264000000.0,32358000000.0,,29112000000.0,5968000000.0,22381000000.0,24.12,23.86,928000000.0,938000000.0,25427000000.0,,21276000000.0,2800000000.0,4695000000.0,,,78437000000.0,,11450000000.0,103732000000.0,15194000000.0,17298000000.0,273720000000.0,,27072000000.0,3355000000.0,99054000000.0,,,,14463000000.0,174801000000.0,95774000000.0,-7027000000.0,,273720000000.0,,1059000000.0,-245000000.0,3114000000.0,,,2444000000.0,,203000000.0,,29068000000.0,,9230000000.0,7307000000.0,,10136000000.0,3386000000.0,,960000000.0,-15574000000.0,1353000000.0,,-11529000000.0,2062000000.0,6078000000.0
2024-03-31,99796000000.0,11056000000.0,,,14077000000.0,91865000000.0,7931000000.0,,1000000.0,1222000000.0,-1409000000.0,-1.53,-1.53,922000000.0,922000000.0,28414000000.0,,27197000000.0,,,,,88942000000.0,,10429000000.0,105664000000.0,15543000000.0,17704000000.0,284210000000.0,,26668000000.0,3206000000.0,104431000000.0,,,,14844000000.0,187292000000.0,90118000000.0,-3439000000.0,,284210000000.0,,372000000.0,-27000000.0,6162000000.0,,,1927000000.0,,9000000.0,,1144000000.0,,2314000000.0,2976000000.0,,3006000000.0,743000000.0,,3083000000.0,-6340000000.0,486000000.0,,8231000000.0,2987000000.0,
2024-06-30,198651000000.0,22396000000.0,,,27239000000.0,182845000000.0,15806000000.0,,5666000000.0,2466000000.0,4216000000.0,4.58,4.54,921000000.0,929000000.0,26286000000.0,,23115000000.0,,,,,92038000000.0,,9801000000.0,105436000000.0,14729000000.0,17939000000.0,286056000000.0,,27294000000.0,2572000000.0,104670000000.0,,,,14794000000.0,186822000000.0,92400000000.0,-3423000000.0,,286056000000.0,,594000000.0,-358000000.0,2471000000.0,,,4121000000.0,,-554000000.0,,7890000000.0,,4621000000.0,5288000000.0,,3031000000.0,1596000000.0,,809000000.0,-13757000000.0,744000000.0,,7035000000.0,859000000.0,
2024-09-30,299471000000.0,34230000000.0,,,40519000000.0,274957000000.0,24514000000.0,,13280000000.0,3822000000.0,8862000000.0,9.61,9.53,923000000.0,930000000.0,32400000000.0,,20024000000.0,,,,,92258000000.0,,10139000000.0,105978000000.0,23594000000.0,18651000000.0,299309000000.0,,27305000000.0,3320000000.0,101565000000.0,,,,15174000000.0,194854000000.0,96518000000.0,-2453000000.0,,299309000000.0,,831000000.0,-234000000.0,-685000000.0,,,2988000000.0,,-181000000.0,,21835000000.0,,6738000000.0,15065000000.0,,11674000000.0,2587000000.0,,1284000000.0,-19408000000.0,1611000000.0,,4830000000.0,6973000000.0,
