Date,Net sales,Cost of sales,Gross margin,Research and development,"Selling, general and administrative",Total operating expenses,Operating income,"Other income/(expense), net",Income before provision for income taxes,Provision for income taxes,Net income,Earnings per share basic,Earnings per share diluted,Weighted-average basic,Weighted-average diluted,Cash and cash equivalents,Short-term marketable securities,"Accounts receivable, net",Inventories,Deferred tax assets,Vendor non-trade receivables,Other current assets,Total current assets,Long-term marketable securities,"Property, Plant and Equipment, Net",Goodwill,"Acquired intangible assets, net","Other Assets, Noncurrent",Total assets,accounts payable,Accrued expenses,Deferred revenue,Total current liabilities,Deferred revenue - non-current,deferred tax liabilities,long term taxes payable,Total other non-current liabilities,Total liabilities,Retained Earnings (Accumulated Deficit),Accumulated other comprehensive (loss)/income,Total shareholders equity,Total liabilities and shareholders' equity,"Depreciation, amortization and accretion",Stock-based compensation expense,Deferred income tax expense,"Increase (Decrease) in Accounts receivable, net",Increase (Decrease) in Inventories,Increase (Decrease) in Other Receivables,Increase (Decrease) in Other Operating Assets,Increase (Decrease) in Accounts Payable,Increase (Decrease) in Deferred Revenue,Increase (Decrease) Other liabilities,Cash generated by operating activities,Purchases of marketable securities,Proceeds from maturities of marketable securities,Proceeds from sales of marketable securities,Purchases of other long-term investments,"Business acquisitions, net of cash acquired",Cash payments for capital asset purchases,Payments for acquisition of intangible assets,Payments for (Proceeds from) Other Investing Activities,Cash used in investing activities,Proceeds from issuance of common stock,Excess tax benefits from stock-based compensation,Cash generated/used in financing activities,Increase/(decrease) in cash and cash equivalents,"Cash paid for income taxes, net"
2009-12-31,14143000000.0,,,,,10751000000.0,3392000000.0,,2987000000.0,1089000000.0,1898000000.0,3.77,3.75,503000000.0,505800000.0,1850000000.0,,666000000.0,,339000000.0,,350000000.0,3680000000.0,,37428000000.0,,,266000000.0,42410000000.0,,,,2682000000.0,,11130000000.0,,2021000000.0,25469000000.0,15167000000.0,-654000000.0,16941000000.0,42410000000.0,,,723000000.0,-72000000.0,,,-106000000.0,,,,3234000000.0,,,,,,2384000000.0,,-22000000.0,-2175000000.0,,,-458000000.0,601000000.0,-452000000.0
2010-03-31,3965000000.0,,,,,2977000000.0,988000000.0,,834000000.0,318000000.0,516000000.0,1.02,1.01,504500000.0,508700000.0,1753000000.0,,1218000000.0,,355000000.0,,280000000.0,4112000000.0,,37301000000.0,,,263000000.0,42712000000.0,,,,2909000000.0,,11116000000.0,,1994000000.0,25499000000.0,15406000000.0,-648000000.0,17213000000.0,42712000000.0,,,54000000.0,-552000000.0,,,70000000.0,,,,656000000.0,,,,,,461000000.0,,46000000.0,-495000000.0,,,-258000000.0,-97000000.0,136000000.0
2010-06-30,8147000000.0,,,,,5880000000.0,2267000000.0,,1980000000.0,753000000.0,1227000000.0,2.44,2.42,503100000.0,507600000.0,1317000000.0,,1250000000.0,,364000000.0,,275000000.0,3702000000.0,,37527000000.0,,,242000000.0,42535000000.0,710000000.0,,,3035000000.0,,11189000000.0,,1871000000.0,25212000000.0,15951000000.0,-648000000.0,17323000000.0,42535000000.0,,38000000.0,119000000.0,584000000.0,,,-75000000.0,,,,1695000000.0,,,,,,1056000000.0,,43000000.0,-1068000000.0,,11000000.0,-1160000000.0,-533000000.0,-343000000.0
2010-09-30,12555000000.0,,,,,8887000000.0,3668000000.0,,3253000000.0,1248000000.0,2005000000.0,4.01,3.98,499800000.0,504300000.0,1358000000.0,,1297000000.0,,357000000.0,,394000000.0,3910000000.0,,37749000000.0,,,238000000.0,43001000000.0,634000000.0,,,3185000000.0,,11480000000.0,,1840000000.0,25565000000.0,16566000000.0,-649000000.0,17436000000.0,43001000000.0,,58000000.0,433000000.0,631000000.0,,,44000000.0,,,,2720000000.0,,,,,,1686000000.0,,32000000.0,-1673000000.0,,25000000.0,-1539000000.0,-492000000.0,-796000000.0
2010-12-31,16965000000.0,,,,,11984000000.0,4981000000.0,,4433000000.0,1653000000.0,2780000000.0,5.58,5.53,498200000.0,502900000.0,1086000000.0,,1184000000.0,,11296000000.0,,367000000.0,3432000000.0,,38253000000.0,,,266000000.0,43088000000.0,677000000.0,,,2952000000.0,,11557000000.0,,1813000000.0,25325000000.0,17154000000.0,-734000000.0,17763000000.0,43088000000.0,,74000000.0,647000000.0,518000000.0,,,17000000.0,,,,4105000000.0,,,,,,2482000000.0,,73000000.0,-2488000000.0,,51000000.0,-2381000000.0,-764000000.0,-936000000.0
2011-03-31,4490000000.0,,,,,3353000000.0,1137000000.0,,1011000000.0,372000000.0,639000000.0,1.31,1.29,489600000.0,494100000.0,1248000000.0,,1275000000.0,,307000000.0,,265000000.0,3677000000.0,,38512000000.0,,,241000000.0,43587000000.0,729000000.0,,,2947000000.0,,11788000000.0,,1790000000.0,25541000000.0,17607000000.0,-728000000.0,18046000000.0,43587000000.0,,22000000.0,,91000000.0,,,-102000000.0,,,,1294000000.0,,,,,,602000000.0,,66000000.0,-657000000.0,,38000000.0,-475000000.0,162000000.0,147000000.0
2011-06-30,9348000000.0,,,,,6819000000.0,2529000000.0,,2281000000.0,857000000.0,1424000000.0,2.91,2.89,489000000.0,493300000.0,1055000000.0,,1427000000.0,,315000000.0,,272000000.0,3699000000.0,,38908000000.0,,,246000000.0,44029000000.0,816000000.0,,,3153000000.0,,12016000000.0,,1795000000.0,25723000000.0,18159000000.0,-719000000.0,18306000000.0,44029000000.0,,,,243000000.0,,,-95000000.0,,,,2640000000.0,,,,,,1327000000.0,,69000000.0,-1366000000.0,,67000000.0,-1305000000.0,-31000000.0,-135000000.0
2011-09-30,14449000000.0,,,,,10342000000.0,4107000000.0,,3734000000.0,1406000000.0,2328000000.0,4.78,4.74,487400000.0,491500000.0,1647000000.0,,1424000000.0,,305000000.0,,231000000.0,4214000000.0,,39425000000.0,,,256000000.0,45066000000.0,793000000.0,,,3724000000.0,,12290000000.0,,1722000000.0,26501000000.0,18833000000.0,-732000000.0,18565000000.0,45066000000.0,,,,240000000.0,,,-136000000.0,,,,4334000000.0,,,,,,2218000000.0,,74000000.0,-2241000000.0,,71000000.0,-1532000000.0,561000000.0,274000000.0
2011-12-31,19557000000.0,,,,,13833000000.0,5724000000.0,,5264000000.0,1972000000.0,3292000000.0,6.78,6.72,485700000.0,489800000.0,1217000000.0,,1401000000.0,,-12062000000.0,,189000000.0,3727000000.0,,39934000000.0,,,260000000.0,45096000000.0,819000000.0,,,3317000000.0,,12368000000.0,,2136000000.0,26518000000.0,19508000000.0,-1054000000.0,18578000000.0,45096000000.0,,82000000.0,964000000.0,217000000.0,,,,,,,5873000000.0,,,,,,3176000000.0,,51000000.0,-3119000000.0,,83000000.0,-2623000000.0,131000000.0,-625000000.0
2012-03-31,5112000000.0,,,,,3602000000.0,1510000000.0,,1391000000.0,528000000.0,863000000.0,1.81,1.79,477800000.0,481400000.0,995000000.0,,1327000000.0,,314000000.0,,247000000.0,3565000000.0,,40309000000.0,,,252000000.0,45336000000.0,844000000.0,,,3902000000.0,,12505000000.0,,2108000000.0,26581000000.0,20084000000.0,-1046000000.0,18755000000.0,45336000000.0,,25000000.0,124000000.0,-74000000.0,,,,,,,1404000000.0,,,,,,804000000.0,,39000000.0,-830000000.0,,39000000.0,-796000000.0,-222000000.0,102000000.0
2012-06-30,10333000000.0,,,,,7099000000.0,3234000000.0,,3001000000.0,1136000000.0,1865000000.0,3.92,3.89,475800000.0,479300000.0,1201000000.0,,1497000000.0,,324000000.0,,288000000.0,3956000000.0,,40937000000.0,,,270000000.0,46374000000.0,955000000.0,,,3917000000.0,,12646000000.0,,2088000000.0,27287000000.0,20802000000.0,-1061000000.0,19087000000.0,46374000000.0,,49000000.0,274000000.0,-96000000.0,,,,,,,2776000000.0,,,,,,1816000000.0,,96000000.0,-1882000000.0,,53000000.0,-910000000.0,-16000000.0,-766000000.0
2012-09-30,15676000000.0,,,,,10656000000.0,5020000000.0,,4678000000.0,1771000000.0,2907000000.0,6.13,6.08,474500000.0,477900000.0,1130000000.0,,1583000000.0,,293000000.0,,260000000.0,3946000000.0,,41617000000.0,,,272000000.0,47070000000.0,886000000.0,,,3874000000.0,,12858000000.0,,2016000000.0,27521000000.0,21560000000.0,-1015000000.0,19549000000.0,47070000000.0,,74000000.0,490000000.0,182000000.0,,,,,,,4366000000.0,,,,,,2876000000.0,,45000000.0,-2866000000.0,,86000000.0,-1587000000.0,-87000000.0,-1097000000.0
2012-12-31,20926000000.0,,,,,14181000000.0,6745000000.0,,6318000000.0,2375000000.0,3943000000.0,8.33,8.27,473100000.0,476500000.0,1063000000.0,,1331000000.0,,1255000000.0,,297000000.0,3614000000.0,,41997000000.0,,,283000000.0,47153000000.0,825000000.0,,,3119000000.0,,13108000000.0,,2248000000.0,27276000000.0,22271000000.0,-1186000000.0,19877000000.0,47153000000.0,,93000000.0,880000000.0,-70000000.0,,,,,,,6161000000.0,,,,,,3738000000.0,,-25000000.0,-3633000000.0,,100000000.0,-2682000000.0,-154000000.0,-1552000000.0
2013-03-31,5290000000.0,,,,,3657000000.0,1633000000.0,,1545000000.0,588000000.0,957000000.0,2.05,2.03,467800000.0,470500000.0,1917000000.0,,1512000000.0,,251000000.0,,311000000.0,4646000000.0,,42376000000.0,,,299000000.0,48561000000.0,815000000.0,,,3610000000.0,,13288000000.0,,2210000000.0,28417000000.0,22905000000.0,-1169000000.0,20144000000.0,48561000000.0,,25000000.0,184000000.0,181000000.0,,,,,,,1524000000.0,,,,,,782000000.0,,35000000.0,-800000000.0,,46000000.0,130000000.0,854000000.0,-39000000.0
2013-06-30,10760000000.0,,,,,7249000000.0,3511000000.0,,3313000000.0,1250000000.0,2063000000.0,4.42,4.4,466600000.0,469100000.0,1845000000.0,,1468000000.0,,242000000.0,,334000000.0,4543000000.0,,42911000000.0,,,300000000.0,49026000000.0,908000000.0,,,3825000000.0,,13477000000.0,,2124000000.0,28502000000.0,23690000000.0,-1148000000.0,20524000000.0,49026000000.0,,51000000.0,365000000.0,137000000.0,,,,,,,3218000000.0,,,,,,1730000000.0,,51000000.0,-1739000000.0,,65000000.0,-697000000.0,782000000.0,-715000000.0
2013-09-30,16333000000.0,,,,,10860000000.0,5473000000.0,,5165000000.0,1951000000.0,3214000000.0,6.91,6.88,465000000.0,467400000.0,1366000000.0,,1469000000.0,,230000000.0,,316000000.0,4064000000.0,,43311000000.0,,,301000000.0,48958000000.0,831000000.0,,,3655000000.0,,13739000000.0,,2026000000.0,28184000000.0,24476000000.0,-1143000000.0,20774000000.0,48958000000.0,,77000000.0,637000000.0,138000000.0,,,,,,,4881000000.0,,,,,,2635000000.0,,38000000.0,-2596000000.0,,70000000.0,-1982000000.0,303000000.0,-1165000000.0
2013-12-31,21963000000.0,,,,,14517000000.0,7446000000.0,,7048000000.0,2660000000.0,4388000000.0,9.47,9.42,463300000.0,465800000.0,1432000000.0,,1414000000.0,,813000000.0,,223000000.0,3990000000.0,,43749000000.0,,,671000000.0,49731000000.0,803000000.0,,,3791000000.0,,14163000000.0,,1680000000.0,28506000000.0,25288000000.0,-750000000.0,21225000000.0,49731000000.0,,98000000.0,778000000.0,83000000.0,,,,,,,6823000000.0,,,,,,3496000000.0,,7000000.0,-3405000000.0,,76000000.0,-3049000000.0,369000000.0,-1656000000.0
2014-03-31,5638000000.0,,,,,3784000000.0,1854000000.0,,1759000000.0,671000000.0,1088000000.0,2.4,2.38,454100000.0,456200000.0,1857000000.0,,1542000000.0,,259000000.0,,316000000.0,4679000000.0,,44189000000.0,,,686000000.0,50898000000.0,888000000.0,,,4188000000.0,,14229000000.0,,1665000000.0,29626000000.0,25962000000.0,-734000000.0,21272000000.0,50898000000.0,,35000000.0,75000000.0,128000000.0,,,,,,,1767000000.0,,,,,,893000000.0,,39000000.0,-905000000.0,,60000000.0,-437000000.0,425000000.0,-146000000.0
2014-06-30,11653000000.0,,,,,7603000000.0,4050000000.0,,3839000000.0,1460000000.0,2379000000.0,2.63,2.62,904800000.0,908700000.0,1537000000.0,,1666000000.0,,239000000.0,,322000000.0,4503000000.0,,44901000000.0,,,789000000.0,51562000000.0,924000000.0,,,3777000000.0,,14301000000.0,,1659000000.0,30122000000.0,25456000000.0,-714000000.0,21440000000.0,51562000000.0,,63000000.0,155000000.0,252000000.0,,,,,,,3221000000.0,,,,,,2068000000.0,,150000000.0,-2178000000.0,,103000000.0,-938000000.0,105000000.0,1229000000.0
2014-09-30,17835000000.0,,,,,11455000000.0,6380000000.0,,6045000000.0,2296000000.0,3749000000.0,4.16,4.14,900900000.0,904800000.0,1887000000.0,,1635000000.0,,218000000.0,,304000000.0,4780000000.0,,45553000000.0,,,851000000.0,52568000000.0,870000000.0,,,3833000000.0,,14421000000.0,,1716000000.0,31015000000.0,26380000000.0,-708000000.0,21553000000.0,52568000000.0,,91000000.0,289000000.0,221000000.0,,,,,,,5358000000.0,,,,,,3226000000.0,,158000000.0,-3325000000.0,,110000000.0,-1578000000.0,455000000.0,1907000000.0
2014-12-31,23988000000.0,,,,,15235000000.0,8753000000.0,,8343000000.0,3163000000.0,5180000000.0,5.77,5.75,897100000.0,901100000.0,1586000000.0,,1611000000.0,,1181000000.0,,493000000.0,4679000000.0,,46272000000.0,,,375000000.0,52716000000.0,877000000.0,,,3765000000.0,,14680000000.0,,2064000000.0,31527000000.0,27367000000.0,-1210000000.0,21189000000.0,52716000000.0,,112000000.0,803000000.0,197000000.0,,,,,,,7385000000.0,,,,,,4346000000.0,,41000000.0,-4249000000.0,,118000000.0,-2982000000.0,154000000.0,2492000000.0
2015-03-31,5614000000.0,,,,,3637000000.0,1977000000.0,,1855000000.0,704000000.0,1151000000.0,1.31,1.3,879300000.0,882800000.0,1587000000.0,,1564000000.0,,250000000.0,,334000000.0,4479000000.0,,46928000000.0,,,363000000.0,53145000000.0,882000000.0,,,3390000000.0,,14774000000.0,,2040000000.0,32088000000.0,28034000000.0,-1218000000.0,21057000000.0,53145000000.0,,28000000.0,,-47000000.0,,,,,,,2064000000.0,,,,,,1101000000.0,,73000000.0,-1142000000.0,,53000000.0,-921000000.0,1000000.0,47000000.0
2015-06-30,11043000000.0,,,,,7117000000.0,3926000000.0,,3793000000.0,1438000000.0,2355000000.0,2.69,2.68,875800000.0,879000000.0,2041000000.0,,1513000000.0,,235000000.0,,432000000.0,4983000000.0,,47512000000.0,,,307000000.0,54177000000.0,1005000000.0,,,3413000000.0,,14907000000.0,,1959000000.0,33187000000.0,28759000000.0,-1208000000.0,20990000000.0,54177000000.0,,54000000.0,,-98000000.0,,,,,,,3773000000.0,,,,,,2207000000.0,,100000000.0,-2136000000.0,,55000000.0,-1182000000.0,455000000.0,918000000.0
2015-09-30,16605000000.0,,,,,10471000000.0,6134000000.0,,5874000000.0,2219000000.0,3655000000.0,4.19,4.18,871500000.0,874600000.0,1078000000.0,,1508000000.0,,218000000.0,,397000000.0,3942000000.0,,48149000000.0,,,299000000.0,53763000000.0,934000000.0,,,3508000000.0,,15062000000.0,,1796000000.0,33164000000.0,29583000000.0,-1212000000.0,20599000000.0,53763000000.0,,79000000.0,,-103000000.0,,,,,,,5625000000.0,,,,,,3323000000.0,,118000000.0,-3250000000.0,,57000000.0,-2883000000.0,-508000000.0,1505000000.0
2015-12-31,21813000000.0,,,,,13761000000.0,8052000000.0,,7656000000.0,2884000000.0,4772000000.0,5.51,5.49,866200000.0,869400000.0,1391000000.0,,1356000000.0,,1190000000.0,,647000000.0,4130000000.0,,48866000000.0,,,194000000.0,54600000000.0,743000000.0,,,3206000000.0,,15241000000.0,,1844000000.0,33898000000.0,30233000000.0,-1195000000.0,20702000000.0,54600000000.0,,98000000.0,765000000.0,-255000000.0,,,,,,,7344000000.0,,,,,,4650000000.0,,77000000.0,-4476000000.0,,62000000.0,-3063000000.0,-195000000.0,2156000000.0
2016-03-31,4829000000.0,,,,,3142000000.0,1687000000.0,,1566000000.0,587000000.0,979000000.0,1.16,1.16,844000000.0,846700000.0,2673000000.0,,1355000000.0,,,,339000000.0,5083000000.0,,49071000000.0,,,214000000.0,55772000000.0,791000000.0,,,3287000000.0,,15404000000.0,,1815000000.0,35297000000.0,30747000000.0,-1208000000.0,20475000000.0,55772000000.0,,17000000.0,,-1000000.0,,,,,,,2173000000.0,,,,,,687000000.0,,14000000.0,-672000000.0,,,-219000000.0,1282000000.0,-282000000.0
2016-06-30,9599000000.0,,,,,6252000000.0,3347000000.0,,3130000000.0,1172000000.0,1958000000.0,2.33,2.32,840700000.0,843400000.0,1830000000.0,,1373000000.0,,,,373000000.0,4566000000.0,,49461000000.0,,,255000000.0,55690000000.0,787000000.0,,,3095000000.0,,15593000000.0,,1803000000.0,35268000000.0,31266000000.0,-1198000000.0,20422000000.0,55690000000.0,,41000000.0,,17000000.0,,,,,,,3525000000.0,,,,,,1590000000.0,,17000000.0,-1838000000.0,,,-1248000000.0,439000000.0,460000000.0
2016-09-30,14773000000.0,,,,,9466000000.0,5307000000.0,,4935000000.0,1846000000.0,3089000000.0,3.69,3.68,836800000.0,839600000.0,1909000000.0,,1351000000.0,,,,322000000.0,4602000000.0,,49939000000.0,,,318000000.0,56305000000.0,819000000.0,,,3257000000.0,,15774000000.0,,1785000000.0,36021000000.0,31940000000.0,-1185000000.0,20284000000.0,56305000000.0,,61000000.0,,-5000000.0,,,,,,,5467000000.0,,,,,,2604000000.0,,1000000.0,-2819000000.0,,,-2130000000.0,518000000.0,877000000.0
2016-12-31,19941000000.0,,,,,12669000000.0,7272000000.0,,6766000000.0,2533000000.0,4233000000.0,5.09,5.07,832400000.0,835400000.0,1277000000.0,,1258000000.0,,1037000000.0,,284000000.0,3596000000.0,,50389000000.0,,,276000000.0,55718000000.0,955000000.0,,,3640000000.0,,15996000000.0,,1901000000.0,35786000000.0,32587000000.0,-1272000000.0,19932000000.0,55718000000.0,,82000000.0,831000000.0,-98000000.0,,,,,,,7525000000.0,,,,,,3505000000.0,,-43000000.0,-3393000000.0,,,-4246000000.0,-114000000.0,1347000000.0
2017-03-31,5132000000.0,,,,,3339000000.0,1793000000.0,,1688000000.0,616000000.0,1072000000.0,1.32,1.32,811500000.0,814800000.0,1049000000.0,,1279000000.0,,,,410000000.0,3588000000.0,,50550000000.0,,,282000000.0,55900000000.0,789000000.0,,,3848000000.0,,16157000000.0,,1862000000.0,36177000000.0,33167000000.0,-1252000000.0,19723000000.0,55900000000.0,,26000000.0,,21000000.0,,,,,,,1883000000.0,,,,,,811000000.0,,19000000.0,-843000000.0,,,-1268000000.0,-228000000.0,3000000.0
2017-06-30,10382000000.0,,,,,6584000000.0,3798000000.0,,3557000000.0,1317000000.0,2240000000.0,2.77,2.76,807800000.0,811000000.0,1286000000.0,,1357000000.0,,,,410000000.0,3869000000.0,,50814000000.0,,,291000000.0,56478000000.0,828000000.0,,,3406000000.0,,16329000000.0,,1899000000.0,36863000000.0,33847000000.0,-1221000000.0,19615000000.0,56478000000.0,,53000000.0,,99000000.0,,,,,,,3459000000.0,,,,,,1589000000.0,,15000000.0,-1564000000.0,,,-1886000000.0,9000000.0,977000000.0
2017-09-30,15790000000.0,,,,,9980000000.0,5810000000.0,,5540000000.0,2106000000.0,3434000000.0,4.27,4.26,803400000.0,806500000.0,1847000000.0,,1428000000.0,,,,342000000.0,4449000000.0,,51036000000.0,,,346000000.0,57397000000.0,838000000.0,,,3831000000.0,,16524000000.0,,1961000000.0,38246000000.0,34561000000.0,-1172000000.0,19151000000.0,57397000000.0,,83000000.0,,170000000.0,,,,,,,5398000000.0,,,,,,2379000000.0,,3000000.0,-2260000000.0,,,-2568000000.0,570000000.0,1557000000.0
2017-12-31,21240000000.0,,,,,13179000000.0,8061000000.0,,7632000000.0,-3080000000.0,10712000000.0,13.42,13.36,798400000.0,801700000.0,1275000000.0,,1493000000.0,,523000000.0,,399000000.0,4006000000.0,,51605000000.0,,,386000000.0,57806000000.0,1013000000.0,,,3939000000.0,,10936000000.0,,1931000000.0,32950000000.0,41317000000.0,-1141000000.0,24856000000.0,57806000000.0,,103000000.0,-5067000000.0,235000000.0,,,,,,,7230000000.0,,,,,,3238000000.0,,-14000000.0,-3086000000.0,,,-4146000000.0,-2000000.0,2112000000.0
2018-03-31,5475000000.0,,,,,3536000000.0,1939000000.0,,1711000000.0,401000000.0,1310000000.0,1.69,1.68,776400000.0,779600000.0,1048000000.0,,1571000000.0,,,,380000000.0,3897000000.0,,51696000000.0,,,386000000.0,57789000000.0,768000000.0,,,4746000000.0,,11050000000.0,,1907000000.0,33400000000.0,42359000000.0,-1422000000.0,24389000000.0,57789000000.0,,25000000.0,,78000000.0,,,,,,,1901000000.0,,,,,,910000000.0,,21000000.0,-919000000.0,,,-1209000000.0,-227000000.0,-2000000.0
2018-06-30,11147000000.0,,,,,7109000000.0,4038000000.0,,3649000000.0,830000000.0,2819000000.0,3.67,3.65,768400000.0,771600000.0,1604000000.0,,1634000000.0,,,,394000000.0,4494000000.0,,51947000000.0,,,392000000.0,58689000000.0,844000000.0,,,4372000000.0,,11109000000.0,,1942000000.0,38780000000.0,43311000000.0,-1428000000.0,19909000000.0,58689000000.0,,51000000.0,,141000000.0,,,,,,,4033000000.0,,,,,,1614000000.0,,42000000.0,-1625000000.0,,,-2079000000.0,329000000.0,474000000.0
2018-09-30,17075000000.0,,,,,10768000000.0,6307000000.0,,5725000000.0,1313000000.0,4412000000.0,5.82,5.79,758100000.0,761400000.0,1810000000.0,,1792000000.0,,,,335000000.0,4816000000.0,,52210000000.0,,,399000000.0,59312000000.0,905000000.0,,,4529000000.0,,11270000000.0,,1925000000.0,38667000000.0,44313000000.0,-1392000000.0,20645000000.0,59312000000.0,,77000000.0,,299000000.0,,,,,,,6374000000.0,,,,,,2428000000.0,,45000000.0,-2434000000.0,,,-3405000000.0,535000000.0,845000000.0
2018-12-31,22832000000.0,,,,,14315000000.0,8517000000.0,,7741000000.0,1775000000.0,5966000000.0,7.95,7.91,750900000.0,754300000.0,1273000000.0,,1755000000.0,,501000000.0,,333000000.0,4163000000.0,,52679000000.0,,,393000000.0,59147000000.0,872000000.0,,,4626000000.0,,11302000000.0,,1871000000.0,38724000000.0,45284000000.0,-1415000000.0,20423000000.0,59147000000.0,,96000000.0,339000000.0,262000000.0,,,,,,,8686000000.0,,,,,,3437000000.0,,37000000.0,-3411000000.0,,,-5222000000.0,53000000.0,1205000000.0
2019-03-31,5384000000.0,,,,,3424000000.0,1960000000.0,,1790000000.0,399000000.0,1391000000.0,1.94,1.93,716800000.0,719500000.0,1059000000.0,,1672000000.0,,,,382000000.0,3953000000.0,,52856000000.0,,,413000000.0,61319000000.0,794000000.0,,,5262000000.0,,11408000000.0,,1835000000.0,43577000000.0,46049000000.0,-1378000000.0,17742000000.0,61319000000.0,,27000000.0,,-83000000.0,,,,,,,1959000000.0,,,,,,752000000.0,,46000000.0,-784000000.0,,,-1405000000.0,-230000000.0,1000000.0
2019-06-30,10246000000.0,,,,,6760000000.0,4220000000.0,,3848000000.0,887000000.0,2961000000.0,4.16,4.15,711200000.0,713800000.0,1049000000.0,,1809000000.0,,23000000.0,,393000000.0,4086000000.0,,53115000000.0,,,442000000.0,61708000000.0,746000000.0,,,5665000000.0,,11574000000.0,,1731000000.0,43537000000.0,46997000000.0,-1298000000.0,18171000000.0,61708000000.0,,51000000.0,,54000000.0,,,,,,,3900000000.0,,,,,,1560000000.0,,85000000.0,-1610000000.0,,,-2547000000.0,-257000000.0,717000000.0
2019-09-30,15392000000.0,,,,,10042000000.0,6454000000.0,,5869000000.0,1353000000.0,4516000000.0,6.39,6.36,707200000.0,709800000.0,1250000000.0,,1650000000.0,,,,342000000.0,4073000000.0,,53488000000.0,,,483000000.0,61978000000.0,711000000.0,,,4587000000.0,,11744000000.0,,1775000000.0,43962000000.0,47875000000.0,-1305000000.0,18016000000.0,61978000000.0,,75000000.0,,-105000000.0,,,,,,,6264000000.0,,,,,,2495000000.0,,85000000.0,-2507000000.0,,,-3782000000.0,-25000000.0,1104000000.0
2019-12-31,21708000000.0,,,,,13154000000.0,8554000000.0,,7747000000.0,1828000000.0,5919000000.0,8.41,8.38,703500000.0,706100000.0,831000000.0,,1595000000.0,,533000000.0,,222000000.0,3459000000.0,,53916000000.0,,,436000000.0,61673000000.0,749000000.0,,,4351000000.0,,11992000000.0,,1788000000.0,43545000000.0,48605000000.0,-1356000000.0,18128000000.0,61673000000.0,,93000000.0,566000000.0,-160000000.0,,,,,,,8609000000.0,,,,,,3453000000.0,,71000000.0,-3435000000.0,,,-5646000000.0,-472000000.0,1382000000.0
2020-03-31,4880000000.0,,,,,3086000000.0,2143000000.0,,1918000000.0,444000000.0,1474000000.0,2.15,2.15,684300000.0,686200000.0,1130000000.0,,1669000000.0,,,,253000000.0,3804000000.0,,54121000000.0,,,440000000.0,62216000000.0,711000000.0,,,4641000000.0,,,,1792000000.0,46225000000.0,49419000000.0,-1329000000.0,15991000000.0,62216000000.0,,22000000.0,,74000000.0,,,,,,,2155000000.0,,,,,,807000000.0,,8000000.0,-807000000.0,,,-997000000.0,351000000.0,11000000.0
2020-06-30,8852000000.0,,,,,5676000000.0,3797000000.0,,3414000000.0,808000000.0,2606000000.0,3.83,3.82,681000000.0,682700000.0,2706000000.0,,1388000000.0,,,,261000000.0,5083000000.0,,54270000000.0,,,460000000.0,63555000000.0,595000000.0,,,5279000000.0,,,,1894000000.0,47103000000.0,49892000000.0,-1372000000.0,16452000000.0,63555000000.0,,40000000.0,,-207000000.0,,,,,,,4392000000.0,,,,,,1599000000.0,,-75000000.0,-1417000000.0,,,-1107000000.0,1868000000.0,158000000.0
2020-09-30,13448000000.0,,,,,8564000000.0,5828000000.0,,5187000000.0,1218000000.0,3969000000.0,5.85,5.83,679000000.0,680700000.0,2601000000.0,,1565000000.0,,,,255000000.0,5130000000.0,,54375000000.0,,,496000000.0,63714000000.0,649000000.0,,,4841000000.0,,,,1973000000.0,46515000000.0,50600000000.0,-1351000000.0,17199000000.0,63714000000.0,,57000000.0,,-30000000.0,,,,,,,5993000000.0,,,,,,2294000000.0,,-94000000.0,-2081000000.0,,,-2150000000.0,1762000000.0,925000000.0
2020-12-31,19533000000.0,,,,,11699000000.0,7834000000.0,,6980000000.0,1631000000.0,5349000000.0,7.9,7.88,677300000.0,679100000.0,1799000000.0,,1505000000.0,,1068000000.0,,212000000.0,4214000000.0,,54161000000.0,,,249000000.0,62398000000.0,612000000.0,,,4173000000.0,,,,2077000000.0,45440000000.0,51326000000.0,-1593000000.0,16958000000.0,62398000000.0,,73000000.0,340000000.0,-90000000.0,,,,,,,8540000000.0,,,,,,2927000000.0,,-97000000.0,-2676000000.0,,,-4902000000.0,962000000.0,1214000000.0
2021-03-31,4649000000.0,,,,,3008000000.0,1993000000.0,,1754000000.0,413000000.0,1341000000.0,2.01,2.0,667600000.0,669200000.0,1183000000.0,,1610000000.0,,,,207000000.0,3719000000.0,,54062000000.0,,,264000000.0,61793000000.0,634000000.0,,,4871000000.0,,,,2073000000.0,45539000000.0,52019000000.0,-1594000000.0,16254000000.0,61793000000.0,,20000000.0,,105000000.0,,,,,,,1958000000.0,,,,,,536000000.0,,-14000000.0,-505000000.0,,,-2073000000.0,-620000000.0,1000000.0
2021-06-30,9781000000.0,,,,,6039000000.0,4466000000.0,,4070000000.0,931000000.0,3139000000.0,4.73,4.72,663100000.0,664700000.0,1115000000.0,,1666000000.0,,,,249000000.0,3764000000.0,,54148000000.0,,,249000000.0,62073000000.0,612000000.0,,,4357000000.0,,,,2066000000.0,47770000000.0,53116000000.0,-1551000000.0,14303000000.0,62073000000.0,,42000000.0,,161000000.0,,,,,,,4219000000.0,,,,,,1190000000.0,,6000000.0,-1071000000.0,,,-3807000000.0,-659000000.0,712000000.0
2021-09-30,14947000000.0,,,,,9173000000.0,6898000000.0,,6250000000.0,1438000000.0,4812000000.0,7.31,7.29,658300000.0,659900000.0,1194000000.0,,1679000000.0,,,,227000000.0,3810000000.0,,54362000000.0,,,285000000.0,62360000000.0,683000000.0,,,5111000000.0,,,,2010000000.0,48443000000.0,54094000000.0,-1533000000.0,13917000000.0,62360000000.0,,66000000.0,,174000000.0,,,,,,,6503000000.0,,,,,,1945000000.0,,-9000000.0,-1792000000.0,,,-5291000000.0,-580000000.0,1241000000.0
2021-12-31,21804000000.0,,,,,12466000000.0,9338000000.0,,8478000000.0,1955000000.0,6523000000.0,9.98,9.95,653800000.0,655400000.0,960000000.0,,1722000000.0,,957000000.0,,202000000.0,3551000000.0,,54871000000.0,,,1075000000.0,63525000000.0,752000000.0,,,5744000000.0,,,,1953000000.0,49364000000.0,55049000000.0,-914000000.0,14161000000.0,63525000000.0,,88000000.0,154000000.0,217000000.0,,,,,,,9032000000.0,,,,,,2936000000.0,,-25000000.0,-2709000000.0,,,-7158000000.0,-835000000.0,-1658000000.0
2022-03-31,5860000000.0,,,,,3483000000.0,2377000000.0,,2117000000.0,487000000.0,1630000000.0,2.58,2.57,632200000.0,633600000.0,909000000.0,,1958000000.0,,,,237000000.0,3876000000.0,,55064000000.0,,,1105000000.0,64051000000.0,868000000.0,,,5462000000.0,,,,1982000000.0,52154000000.0,55937000000.0,-878000000.0,11897000000.0,64051000000.0,,30000000.0,,236000000.0,,,,,,,2236000000.0,,,,,,848000000.0,,20000000.0,-836000000.0,,,-1453000000.0,-53000000.0,-7000000.0
2022-06-30,12129000000.0,,,,,7257000000.0,4872000000.0,,4459000000.0,994000000.0,3465000000.0,5.51,5.5,628900000.0,630200000.0,788000000.0,,2052000000.0,,,,300000000.0,3976000000.0,,55315000000.0,,,1156000000.0,64440000000.0,896000000.0,,,6002000000.0,,,,1983000000.0,51730000000.0,56958000000.0,-841000000.0,12710000000.0,64440000000.0,,56000000.0,,330000000.0,,,,,,,4167000000.0,,,,,,1645000000.0,,15000000.0,-1540000000.0,,,-2796000000.0,-169000000.0,-1033000000.0
2022-09-30,18695000000.0,,,,,11190000000.0,7505000000.0,,6901000000.0,1541000000.0,5360000000.0,8.56,8.54,626100000.0,627400000.0,1267000000.0,,2052000000.0,,,,246000000.0,4405000000.0,,55689000000.0,,,1232000000.0,65343000000.0,916000000.0,,,5712000000.0,,,,1973000000.0,53600000000.0,58047000000.0,-832000000.0,11743000000.0,65343000000.0,,77000000.0,,330000000.0,,,,,,,7070000000.0,,,,,,2690000000.0,,41000000.0,-2559000000.0,,,-4210000000.0,301000000.0,-1473000000.0
2022-12-31,24875000000.0,,,,,14958000000.0,9917000000.0,,9072000000.0,2074000000.0,6998000000.0,11.24,11.21,622700000.0,624000000.0,973000000.0,,1891000000.0,,879000000.0,,301000000.0,3952000000.0,,56038000000.0,,,1412000000.0,65449000000.0,784000000.0,,,5520000000.0,,,,1785000000.0,53286000000.0,58887000000.0,-582000000.0,12163000000.0,65449000000.0,,99000000.0,262000000.0,169000000.0,,,,,,,9362000000.0,,,,,,3620000000.0,,45000000.0,-3471000000.0,,,-5887000000.0,4000000.0,-2060000000.0
2023-03-31,6056000000.0,,,,,3762000000.0,2294000000.0,,2142000000.0,512000000.0,1630000000.0,2.67,2.67,610600000.0,611500000.0,1079000000.0,,1955000000.0,,,,296000000.0,4058000000.0,,56274000000.0,,,1497000000.0,65968000000.0,952000000.0,,,6209000000.0,,,,1796000000.0,53514000000.0,59724000000.0,-560000000.0,12454000000.0,65968000000.0,,28000000.0,,59000000.0,,,,,,,1840000000.0,,,,,,772000000.0,,91000000.0,-805000000.0,,,-927000000.0,108000000.0,-35000000.0
2023-06-30,12019000000.0,,,,,7521000000.0,4498000000.0,,4100000000.0,901000000.0,3199000000.0,5.25,5.24,609600000.0,610500000.0,830000000.0,,1826000000.0,,,,354000000.0,3752000000.0,,56641000000.0,,,1465000000.0,66033000000.0,894000000.0,,,5249000000.0,,,,1747000000.0,52839000000.0,60500000000.0,-517000000.0,13194000000.0,66033000000.0,,52000000.0,,-70000000.0,,,,,,,3858000000.0,,,,,,1607000000.0,,158000000.0,-1674000000.0,,,-2328000000.0,-144000000.0,-826000000.0
2023-09-30,17960000000.0,,,,,11285000000.0,6675000000.0,,6049000000.0,1322000000.0,4727000000.0,7.76,7.75,609300000.0,610300000.0,750000000.0,,1934000000.0,,,,343000000.0,3813000000.0,,57010000000.0,,,1467000000.0,66540000000.0,936000000.0,,,5304000000.0,,,,1740000000.0,52536000000.0,61235000000.0,-497000000.0,14004000000.0,66540000000.0,,84000000.0,,38000000.0,,,,,,,5984000000.0,,,,,,2582000000.0,,68000000.0,-2650000000.0,,,-3540000000.0,-206000000.0,1155000000.0
2023-12-31,24119000000.0,,,,,15037000000.0,9082000000.0,,8233000000.0,1854000000.0,6379000000.0,10.47,10.45,609200000.0,610200000.0,1055000000.0,,2073000000.0,,824000000.0,,261000000.0,4148000000.0,,57398000000.0,,,1338000000.0,67132000000.0,856000000.0,,,5106000000.0,,,,1714000000.0,52344000000.0,62093000000.0,-614000000.0,14788000000.0,67132000000.0,,107000000.0,117000000.0,177000000.0,,,,,,,8379000000.0,,,,,,3606000000.0,,61000000.0,-3667000000.0,,,-4625000000.0,87000000.0,-1486000000.0
2024-03-31,6031000000.0,,,,,3659000000.0,2372000000.0,,2140000000.0,499000000.0,1641000000.0,2.69,2.69,609200000.0,610200000.0,925000000.0,,2162000000.0,,,,317000000.0,4194000000.0,,57590000000.0,,,1378000000.0,67266000000.0,814000000.0,,,4534000000.0,,,,1710000000.0,51601000000.0,62940000000.0,-610000000.0,15665000000.0,67266000000.0,,26000000.0,,89000000.0,,,,,,,2122000000.0,,,,,,797000000.0,,5000000.0,-802000000.0,,,-1451000000.0,-131000000.0,-46000000.0
2024-06-30,12038000000.0,,,,,7266000000.0,4772000000.0,,4324000000.0,1010000000.0,3314000000.0,5.44,5.43,609400000.0,610300000.0,1137000000.0,,2118000000.0,,,,416000000.0,4498000000.0,,57835000000.0,,,1393000000.0,67817000000.0,870000000.0,,,4287000000.0,,,,1722000000.0,51328000000.0,63820000000.0,-606000000.0,16489000000.0,67817000000.0,,54000000.0,,45000000.0,,,,,,,4033000000.0,,,,,,1699000000.0,,-107000000.0,-1592000000.0,,,-2368000000.0,73000000.0,-1146000000.0
2024-09-30,18129000000.0,,,,,10941000000.0,7188000000.0,,6513000000.0,1528000000.0,4985000000.0,8.19,8.18,608700000.0,609700000.0,947000000.0,,2036000000.0,,,,371000000.0,4149000000.0,,58036000000.0,,,1391000000.0,67570000000.0,830000000.0,,,5366000000.0,,,,1726000000.0,50986000000.0,64677000000.0,-692000000.0,16584000000.0,67570000000.0,,87000000.0,,-37000000.0,,,,,,,6684000000.0,,,,,,2530000000.0,,-104000000.0,-2426000000.0,,,-4375000000.0,-117000000.0,-1219000000.0
