Date,Net sales,Cost of sales,Gross margin,Research and development,"Selling, general and administrative",Total operating expenses,Operating income,"Other income/(expense), net",Income before provision for income taxes,Provision for income taxes,Net income,Earnings per share basic,Earnings per share diluted,Weighted-average basic,Weighted-average diluted,Cash and cash equivalents,Short-term marketable securities,"Accounts receivable, net",Inventories,Deferred tax assets,Vendor non-trade receivables,Other current assets,Total current assets,Long-term marketable securities,"Property, Plant and Equipment, Net",Goodwill,"Acquired intangible assets, net","Other Assets, Noncurrent",Total assets,accounts payable,Accrued expenses,Deferred revenue,Total current liabilities,Deferred revenue - non-current,deferred tax liabilities,long term taxes payable,Total other non-current liabilities,Total liabilities,Retained Earnings (Accumulated Deficit),Accumulated other comprehensive (loss)/income,Total shareholders equity,Total liabilities and shareholders' equity,"Depreciation, amortization and accretion",Stock-based compensation expense,Deferred income tax expense,"Increase (Decrease) in Accounts receivable, net",Increase (Decrease) in Inventories,Increase (Decrease) in Other Receivables,Increase (Decrease) in Other Operating Assets,Increase (Decrease) in Accounts Payable,Increase (Decrease) in Deferred Revenue,Increase (Decrease) Other liabilities,Cash generated by operating activities,Purchases of marketable securities,Proceeds from maturities of marketable securities,Proceeds from sales of marketable securities,Purchases of other long-term investments,"Business acquisitions, net of cash acquired",Cash payments for capital asset purchases,Payments for acquisition of intangible assets,Payments for (Proceeds from) Other Investing Activities,Cash used in investing activities,Proceeds from issuance of common stock,Excess tax benefits from stock-based compensation,Cash generated/used in financing activities,Increase/(decrease) in cash and cash equivalents,"Cash paid for income taxes, net"
2009-12-31,45297000000.0,,,,,41496000000.0,3801000000.0,-435000000.0,3366000000.0,1214000000.0,2152000000.0,2.16,2.14,,,1542000000.0,558000000.0,5369000000.0,,585000000.0,,668000000.0,9275000000.0,,17979000000.0,2089000000.0,596000000.0,1607000000.0,31883000000.0,1766000000.0,1189000000.0,,6239000000.0,,1293000000.0,,798000000.0,,12745000000.0,-5127000000.0,7630000000.0,31883000000.0,,430000000.0,,30000000.0,,,-136000000.0,-107000000.0,,184000000.0,5285000000.0,,,,,,1602000000.0,,-44000000.0,-1248000000.0,149000000.0,,-3045000000.0,1035000000.0,
2010-03-31,11728000000.0,,,,,10686000000.0,1042000000.0,-89000000.0,953000000.0,420000000.0,533000000.0,0.54,0.53,,,2544000000.0,571000000.0,5077000000.0,,563000000.0,,783000000.0,10060000000.0,,17758000000.0,2070000000.0,628000000.0,1651000000.0,32504000000.0,1788000000.0,1262000000.0,,7366000000.0,,1494000000.0,,827000000.0,,12692000000.0,-5155000000.0,7547000000.0,32504000000.0,,100000000.0,,-177000000.0,,,20000000.0,48000000.0,,89000000.0,1549000000.0,,,,,,283000000.0,,11000000.0,-250000000.0,45000000.0,,-257000000.0,1002000000.0,
2010-06-30,23932000000.0,,,,,21488000000.0,2444000000.0,-191000000.0,2253000000.0,875000000.0,1378000000.0,1.39,1.37,994000000.0,1003000000.0,3252000000.0,755000000.0,5110000000.0,,552000000.0,,805000000.0,11024000000.0,,17615000000.0,2050000000.0,628000000.0,1640000000.0,33269000000.0,1708000000.0,1371000000.0,,7687000000.0,,1429000000.0,,898000000.0,,13067000000.0,-5217000000.0,7865000000.0,33269000000.0,,238000000.0,,-42000000.0,,,18000000.0,-1000000.0,,111000000.0,3012000000.0,,,,,,664000000.0,,-96000000.0,-608000000.0,106000000.0,,-646000000.0,1710000000.0,
2010-09-30,36124000000.0,,,,,32064000000.0,4060000000.0,-267000000.0,3793000000.0,1424000000.0,2369000000.0,2.38,2.36,994000000.0,1004000000.0,3020000000.0,732000000.0,5250000000.0,,662000000.0,,713000000.0,10756000000.0,,17471000000.0,2085000000.0,609000000.0,1673000000.0,32907000000.0,1840000000.0,1256000000.0,,6801000000.0,,1497000000.0,,862000000.0,,13603000000.0,-5153000000.0,8460000000.0,32907000000.0,,349000000.0,,43000000.0,,,-81000000.0,62000000.0,,-221000000.0,3923000000.0,,,,,,1011000000.0,,-181000000.0,-493000000.0,151000000.0,,-1939000000.0,1478000000.0,
2010-12-31,49545000000.0,,,,,43671000000.0,5874000000.0,-351000000.0,5523000000.0,2035000000.0,3488000000.0,3.51,3.48,994000000.0,1003000000.0,3370000000.0,711000000.0,5627000000.0,319000000.0,-1142000000.0,,712000000.0,11569000000.0,,17387000000.0,2081000000.0,599000000.0,1215000000.0,33597000000.0,1974000000.0,1343000000.0,,5902000000.0,,1870000000.0,,815000000.0,,14164000000.0,-6195000000.0,7979000000.0,33597000000.0,,519000000.0,979000000.0,532000000.0,,,60000000.0,265000000.0,,-284000000.0,3835000000.0,,,,,,1389000000.0,,-293000000.0,-654000000.0,218000000.0,,-1346000000.0,1828000000.0,
2011-03-31,12582000000.0,,,,,11156000000.0,1426000000.0,-74000000.0,1352000000.0,467000000.0,885000000.0,0.89,0.88,992000000.0,1002000000.0,4657000000.0,787000000.0,5462000000.0,,695000000.0,,698000000.0,12618000000.0,,17407000000.0,2107000000.0,599000000.0,1285000000.0,34594000000.0,2017000000.0,1315000000.0,,7605000000.0,,2024000000.0,,803000000.0,,14206000000.0,-6052000000.0,8164000000.0,34594000000.0,,120000000.0,,-312000000.0,,,-137000000.0,-81000000.0,,182000000.0,1281000000.0,,,,,,402000000.0,,16000000.0,-282000000.0,104000000.0,,247000000.0,1287000000.0,
2011-06-30,25773000000.0,,,,,22649000000.0,3124000000.0,-148000000.0,2976000000.0,1028000000.0,1948000000.0,1.97,1.95,990000000.0,1000000000.0,4691000000.0,946000000.0,5602000000.0,,661000000.0,,701000000.0,12950000000.0,,17489000000.0,2101000000.0,593000000.0,1467000000.0,35152000000.0,2078000000.0,1710000000.0,,7618000000.0,,2175000000.0,,723000000.0,,14218000000.0,-5977000000.0,8254000000.0,35152000000.0,,272000000.0,,-185000000.0,,,-105000000.0,-23000000.0,,221000000.0,3314000000.0,,,,,,951000000.0,,123000000.0,-1069000000.0,163000000.0,,-971000000.0,1321000000.0,
2011-09-30,38939000000.0,,,,,34196000000.0,4743000000.0,-216000000.0,4527000000.0,1537000000.0,2990000000.0,3.03,3.0,986000000.0,996000000.0,4133000000.0,1320000000.0,5418000000.0,,634000000.0,,957000000.0,12628000000.0,,17581000000.0,2066000000.0,622000000.0,1807000000.0,35238000000.0,1974000000.0,1589000000.0,,7511000000.0,,2394000000.0,,815000000.0,,13828000000.0,-6040000000.0,7798000000.0,35238000000.0,,402000000.0,,-177000000.0,,,-185000000.0,-67000000.0,,88000000.0,5362000000.0,,,,,,1557000000.0,,243000000.0,-2116000000.0,220000000.0,,-2484000000.0,763000000.0,
2011-12-31,53105000000.0,,,,,47025000000.0,6080000000.0,-304000000.0,5776000000.0,1972000000.0,3804000000.0,3.88,3.84,981000000.0,991000000.0,3034000000.0,1241000000.0,6246000000.0,345000000.0,-1202000000.0,,1152000000.0,12284000000.0,,17621000000.0,2101000000.0,585000000.0,1807000000.0,34701000000.0,2300000000.0,1557000000.0,,6514000000.0,,1900000000.0,,773000000.0,,10128000000.0,-3103000000.0,7035000000.0,34701000000.0,,524000000.0,314000000.0,657000000.0,,,62000000.0,249000000.0,,186000000.0,7073000000.0,,,,,,2005000000.0,,257000000.0,-2537000000.0,290000000.0,,-4862000000.0,-336000000.0,
2012-03-31,13136000000.0,,,,,11567000000.0,1569000000.0,-88000000.0,1481000000.0,511000000.0,970000000.0,1.01,1.0,962000000.0,972000000.0,5133000000.0,947000000.0,5637000000.0,,635000000.0,,1121000000.0,13473000000.0,,17614000000.0,2177000000.0,634000000.0,1761000000.0,35963000000.0,2000000000.0,1404000000.0,,7543000000.0,,1870000000.0,,681000000.0,,10433000000.0,-3020000000.0,7423000000.0,35963000000.0,,162000000.0,,-585000000.0,,,34000000.0,-276000000.0,,377000000.0,2280000000.0,,,,,100000000.0,428000000.0,,76000000.0,-259000000.0,131000000.0,,51000000.0,2099000000.0,
2012-06-30,26485000000.0,,,,,23126000000.0,3359000000.0,-174000000.0,3185000000.0,1099000000.0,2086000000.0,2.17,2.15,962000000.0,972000000.0,6718000000.0,604000000.0,5541000000.0,,593000000.0,,1246000000.0,14702000000.0,,17597000000.0,2147000000.0,620000000.0,1807000000.0,37177000000.0,2046000000.0,1494000000.0,,8400000000.0,,1778000000.0,,859000000.0,,10827000000.0,-3192000000.0,7645000000.0,37177000000.0,,295000000.0,,-490000000.0,,,50000000.0,-163000000.0,,304000000.0,3850000000.0,,,,,100000000.0,949000000.0,,-4000000.0,-307000000.0,194000000.0,,158000000.0,3684000000.0,
2012-09-30,39556000000.0,,,,,35431000000.0,4125000000.0,-266000000.0,3859000000.0,1304000000.0,2555000000.0,2.66,2.63,962000000.0,971000000.0,8430000000.0,586000000.0,5545000000.0,,569000000.0,,1214000000.0,16344000000.0,,17829000000.0,2170000000.0,614000000.0,1802000000.0,39064000000.0,1863000000.0,1480000000.0,,10289000000.0,,1332000000.0,,1597000000.0,,10448000000.0,-2929000000.0,7529000000.0,39064000000.0,,421000000.0,,-468000000.0,,,47000000.0,-279000000.0,,196000000.0,5103000000.0,,,,,100000000.0,1603000000.0,,-34000000.0,-907000000.0,253000000.0,,1067000000.0,5396000000.0,
2012-12-31,54127000000.0,,,,,52784000000.0,1343000000.0,-369000000.0,974000000.0,167000000.0,807000000.0,0.84,0.83,960000000.0,969000000.0,7327000000.0,597000000.0,6111000000.0,393000000.0,1183000000.0,,973000000.0,15591000000.0,,17894000000.0,2173000000.0,603000000.0,1076000000.0,38863000000.0,2278000000.0,1641000000.0,,8390000000.0,,48000000.0,,1555000000.0,,7997000000.0,-3354000000.0,4653000000.0,38863000000.0,,547000000.0,-2083000000.0,124000000.0,,,-10000000.0,-58000000.0,,206000000.0,7216000000.0,,,,,100000000.0,2153000000.0,,-94000000.0,-1335000000.0,301000000.0,,-1817000000.0,4293000000.0,
2013-03-31,13434000000.0,,,,,11854000000.0,1580000000.0,-91000000.0,1489000000.0,452000000.0,1037000000.0,1.09,1.08,952000000.0,960000000.0,6456000000.0,876000000.0,5617000000.0,,582000000.0,,950000000.0,14481000000.0,,17888000000.0,2151000000.0,654000000.0,1063000000.0,38005000000.0,1956000000.0,1209000000.0,,8034000000.0,,,,1672000000.0,,7614000000.0,-3595000000.0,4028000000.0,38005000000.0,,157000000.0,,-421000000.0,,,-21000000.0,-281000000.0,,139000000.0,1758000000.0,,,,,0.0,453000000.0,,-78000000.0,-753000000.0,181000000.0,,-1846000000.0,-871000000.0,
2013-06-30,26941000000.0,,,,,23619000000.0,3322000000.0,-186000000.0,3136000000.0,1028000000.0,2108000000.0,2.22,2.21,948000000.0,956000000.0,4808000000.0,1384000000.0,5438000000.0,,564000000.0,,1032000000.0,13226000000.0,,17880000000.0,2149000000.0,678000000.0,1070000000.0,36703000000.0,2008000000.0,1261000000.0,,7183000000.0,,,,1629000000.0,,7185000000.0,-3577000000.0,3617000000.0,36703000000.0,,288000000.0,,-542000000.0,,,15000000.0,-209000000.0,,-134000000.0,3431000000.0,,,,,0.0,990000000.0,,8000000.0,-1853000000.0,293000000.0,,-4041000000.0,-2519000000.0,
2013-09-30,40462000000.0,,,,,35336000000.0,5126000000.0,-276000000.0,4850000000.0,1645000000.0,3205000000.0,3.4,3.37,943000000.0,952000000.0,5182000000.0,1467000000.0,5592000000.0,,587000000.0,,930000000.0,13758000000.0,,17992000000.0,2180000000.0,771000000.0,1059000000.0,37476000000.0,1817000000.0,1303000000.0,,7821000000.0,,,,1534000000.0,,7102000000.0,-3469000000.0,3642000000.0,37476000000.0,,406000000.0,,-417000000.0,,,-11000000.0,-429000000.0,,-154000000.0,5060000000.0,,,,,20000000.0,1605000000.0,,-26000000.0,-2463000000.0,368000000.0,,-4716000000.0,-2145000000.0,
2013-12-31,55438000000.0,,,,,48404000000.0,7034000000.0,-360000000.0,6674000000.0,2302000000.0,4372000000.0,4.65,4.61,940000000.0,948000000.0,4665000000.0,580000000.0,6502000000.0,403000000.0,-498000000.0,,956000000.0,13387000000.0,,17961000000.0,2190000000.0,775000000.0,1022000000.0,36212000000.0,2478000000.0,1561000000.0,,7131000000.0,,1244000000.0,,1415000000.0,,6925000000.0,-460000000.0,6474000000.0,36212000000.0,,513000000.0,-246000000.0,515000000.0,,,13000000.0,218000000.0,,-140000000.0,7304000000.0,,,,,22000000.0,2065000000.0,,179000000.0,-2114000000.0,491000000.0,,-7807000000.0,-2662000000.0,
2014-03-31,13779000000.0,,,,,12266000000.0,1513000000.0,-90000000.0,1423000000.0,512000000.0,911000000.0,0.99,0.98,923000000.0,931000000.0,5946000000.0,1089000000.0,5804000000.0,,685000000.0,,1096000000.0,14620000000.0,,17769000000.0,2208000000.0,796000000.0,942000000.0,37085000000.0,2126000000.0,1294000000.0,,9193000000.0,,1177000000.0,,1389000000.0,,6727000000.0,-489000000.0,6247000000.0,37085000000.0,,164000000.0,,-659000000.0,,,-7000000.0,-358000000.0,,229000000.0,2267000000.0,,,,,22000000.0,322000000.0,,16000000.0,-845000000.0,76000000.0,,-120000000.0,1281000000.0,
2014-06-30,28047000000.0,,,,,25787000000.0,2260000000.0,-154000000.0,2106000000.0,741000000.0,1365000000.0,1.48,1.47,920000000.0,929000000.0,3056000000.0,1543000000.0,5845000000.0,,638000000.0,,1259000000.0,12341000000.0,,17787000000.0,2202000000.0,830000000.0,914000000.0,34861000000.0,2106000000.0,1609000000.0,,8337000000.0,,933000000.0,,1386000000.0,,6155000000.0,-596000000.0,5568000000.0,34861000000.0,,306000000.0,,-585000000.0,,,269000000.0,-357000000.0,,207000000.0,1832000000.0,,,,,22000000.0,813000000.0,,31000000.0,-1802000000.0,149000000.0,,-1632000000.0,-1609000000.0,
2014-09-30,42337000000.0,,,,,38123000000.0,4214000000.0,-239000000.0,3975000000.0,1396000000.0,2579000000.0,2.81,2.78,918000000.0,927000000.0,4204000000.0,1367000000.0,5822000000.0,,591000000.0,,1334000000.0,13318000000.0,,17843000000.0,2154000000.0,828000000.0,877000000.0,35906000000.0,2112000000.0,1846000000.0,,9096000000.0,,1276000000.0,,1351000000.0,,6229000000.0,-611000000.0,5627000000.0,35906000000.0,,430000000.0,,-448000000.0,,,60000000.0,-400000000.0,,312000000.0,4191000000.0,,,,,22000000.0,1444000000.0,,29000000.0,-2139000000.0,203000000.0,,-2413000000.0,-461000000.0,
2014-12-31,58232000000.0,,,,,53264000000.0,4968000000.0,-331000000.0,4637000000.0,1605000000.0,3032000000.0,3.31,3.28,916000000.0,924000000.0,2291000000.0,992000000.0,6661000000.0,344000000.0,1141000000.0,,1274000000.0,11808000000.0,,18281000000.0,2184000000.0,847000000.0,695000000.0,35471000000.0,2754000000.0,1933000000.0,,8639000000.0,,83000000.0,,1359000000.0,,5726000000.0,-3594000000.0,2141000000.0,35471000000.0,,536000000.0,385000000.0,523000000.0,,,-112000000.0,276000000.0,,317000000.0,5726000000.0,,,,,88000000.0,2328000000.0,,63000000.0,-2801000000.0,274000000.0,,-5161000000.0,-2374000000.0,
2015-03-31,13977000000.0,,,,,12304000000.0,1673000000.0,-83000000.0,1590000000.0,564000000.0,1026000000.0,1.13,1.12,906000000.0,913000000.0,4482000000.0,1935000000.0,5724000000.0,,411000000.0,,1363000000.0,13915000000.0,,17901000000.0,2140000000.0,844000000.0,693000000.0,37332000000.0,2055000000.0,1251000000.0,,10610000000.0,,49000000.0,,1367000000.0,,5508000000.0,-3688000000.0,1829000000.0,37332000000.0,,194000000.0,,-763000000.0,,,-219000000.0,-571000000.0,,665000000.0,2751000000.0,,,,,10000000.0,365000000.0,,9000000.0,-1357000000.0,72000000.0,,899000000.0,2191000000.0,
2015-06-30,28072000000.0,,,,,24439000000.0,3633000000.0,-165000000.0,3468000000.0,1212000000.0,2256000000.0,2.5,2.48,903000000.0,911000000.0,3430000000.0,2792000000.0,5618000000.0,,554000000.0,,1374000000.0,13768000000.0,,17970000000.0,2214000000.0,878000000.0,696000000.0,37251000000.0,2150000000.0,1379000000.0,,10303000000.0,,,,1339000000.0,,5668000000.0,-3727000000.0,1950000000.0,37251000000.0,,328000000.0,,-880000000.0,,,-301000000.0,-558000000.0,,14000000.0,4239000000.0,,,,,90000000.0,958000000.0,,10000000.0,-2776000000.0,140000000.0,,-252000000.0,1139000000.0,
2015-09-30,42309000000.0,,,,,36692000000.0,5617000000.0,-244000000.0,5373000000.0,1860000000.0,3513000000.0,3.9,3.87,901000000.0,908000000.0,3441000000.0,753000000.0,6055000000.0,,554000000.0,,1283000000.0,13581000000.0,,18163000000.0,3442000000.0,1523000000.0,699000000.0,39002000000.0,2058000000.0,1606000000.0,,11869000000.0,,77000000.0,,1245000000.0,,5771000000.0,-3851000000.0,1929000000.0,39002000000.0,,452000000.0,,-738000000.0,,,-521000000.0,-745000000.0,,214000000.0,6415000000.0,,,,,1925000000.0,1648000000.0,,136000000.0,-4959000000.0,194000000.0,,-160000000.0,1150000000.0,
2015-12-31,58363000000.0,,,,,50695000000.0,7668000000.0,-326000000.0,7342000000.0,2498000000.0,4844000000.0,5.38,5.35,901000000.0,906000000.0,2730000000.0,567000000.0,7134000000.0,308000000.0,140000000.0,,1348000000.0,13208000000.0,,18352000000.0,3419000000.0,1549000000.0,1055000000.0,38311000000.0,2587000000.0,1464000000.0,,10696000000.0,,115000000.0,,1224000000.0,,6001000000.0,-3540000000.0,2470000000.0,38311000000.0,,574000000.0,540000000.0,452000000.0,,,-414000000.0,-147000000.0,,-6000000.0,7430000000.0,,,,,1904000000.0,2379000000.0,,30000000.0,-5309000000.0,249000000.0,,-1565000000.0,439000000.0,
2016-03-31,14418000000.0,,,,,12595000000.0,1823000000.0,-76000000.0,1747000000.0,616000000.0,1131000000.0,1.27,1.27,889000000.0,894000000.0,3887000000.0,989000000.0,6241000000.0,,,,1404000000.0,13912000000.0,,18285000000.0,3440000000.0,1569000000.0,1150000000.0,39168000000.0,2040000000.0,1216000000.0,,11098000000.0,,104000000.0,,1300000000.0,,6095000000.0,-3647000000.0,2457000000.0,39168000000.0,,215000000.0,,-1082000000.0,,,-135000000.0,-571000000.0,,136000000.0,2670000000.0,,,,,6000000.0,427000000.0,,33000000.0,-1108000000.0,83000000.0,,-440000000.0,1157000000.0,
2016-06-30,29047000000.0,,,,,25186000000.0,3861000000.0,-162000000.0,3699000000.0,1299000000.0,2400000000.0,2.71,2.69,887000000.0,892000000.0,3059000000.0,1002000000.0,6111000000.0,,,,1340000000.0,13123000000.0,,18251000000.0,3427000000.0,1550000000.0,1193000000.0,38339000000.0,2405000000.0,665000000.0,,9961000000.0,,72000000.0,,1266000000.0,,6223000000.0,-3606000000.0,2626000000.0,38339000000.0,,346000000.0,,-1054000000.0,,,-230000000.0,-310000000.0,,-356000000.0,4693000000.0,,,,,3000000.0,963000000.0,,35000000.0,-1794000000.0,147000000.0,,-2584000000.0,329000000.0,
2016-09-30,43975000000.0,,,,,38080000000.0,5895000000.0,-243000000.0,5652000000.0,1982000000.0,3670000000.0,4.15,4.13,885000000.0,889000000.0,3299000000.0,620000000.0,6272000000.0,,,,1223000000.0,12853000000.0,,18489000000.0,3436000000.0,1537000000.0,1086000000.0,38342000000.0,2287000000.0,615000000.0,,10889000000.0,,72000000.0,,1262000000.0,,6385000000.0,-3651000000.0,2743000000.0,38342000000.0,,471000000.0,,-782000000.0,,,-370000000.0,-276000000.0,,-491000000.0,5363000000.0,,,,,3000000.0,1837000000.0,,55000000.0,-2027000000.0,196000000.0,,-2781000000.0,569000000.0,
2016-12-31,60906000000.0,,,,,55439000000.0,5467000000.0,-331000000.0,5136000000.0,1705000000.0,3431000000.0,3.89,3.87,883000000.0,887000000.0,3476000000.0,574000000.0,7695000000.0,342000000.0,479000000.0,,1587000000.0,13849000000.0,,18800000000.0,3757000000.0,1758000000.0,1146000000.0,40377000000.0,3042000000.0,847000000.0,,11730000000.0,,112000000.0,,1224000000.0,,4879000000.0,-4483000000.0,405000000.0,40377000000.0,,591000000.0,123000000.0,704000000.0,,,14000000.0,461000000.0,,-561000000.0,6473000000.0,,,,,547000000.0,2965000000.0,,59000000.0,-2566000000.0,245000000.0,,-3140000000.0,746000000.0,
2017-03-31,15315000000.0,,,,,13531000000.0,1784000000.0,-87000000.0,1697000000.0,539000000.0,1158000000.0,1.32,1.32,874000000.0,879000000.0,2687000000.0,665000000.0,6475000000.0,,,,1301000000.0,11494000000.0,,19225000000.0,3777000000.0,1780000000.0,1088000000.0,38380000000.0,2404000000.0,834000000.0,,11406000000.0,,107000000.0,,1235000000.0,,4988000000.0,-4462000000.0,535000000.0,38380000000.0,,212000000.0,,-1134000000.0,,,-397000000.0,-675000000.0,,-272000000.0,239000000.0,,,,,25000000.0,938000000.0,,-6000000.0,-920000000.0,74000000.0,,-124000000.0,-789000000.0,
2017-06-30,31065000000.0,,,,,27065000000.0,4000000000.0,-184000000.0,3816000000.0,1274000000.0,2542000000.0,2.91,2.9,873000000.0,877000000.0,3544000000.0,619000000.0,6553000000.0,,,,1237000000.0,12394000000.0,,19841000000.0,3845000000.0,1829000000.0,974000000.0,39724000000.0,2648000000.0,874000000.0,,11082000000.0,,95000000.0,,1289000000.0,,5437000000.0,-4202000000.0,1244000000.0,39724000000.0,,345000000.0,,-1138000000.0,,,-440000000.0,-534000000.0,,-456000000.0,2621000000.0,,,,,57000000.0,2009000000.0,,-14000000.0,-2027000000.0,132000000.0,,-556000000.0,68000000.0,
2017-09-30,47043000000.0,,,,,41008000000.0,6035000000.0,-275000000.0,5760000000.0,1954000000.0,3806000000.0,4.36,4.34,872000000.0,876000000.0,3418000000.0,597000000.0,6937000000.0,,,,1512000000.0,12910000000.0,,20988000000.0,3838000000.0,1897000000.0,924000000.0,41356000000.0,2808000000.0,964000000.0,,12167000000.0,,75000000.0,,1405000000.0,,5724000000.0,-4224000000.0,1509000000.0,41356000000.0,,463000000.0,,-818000000.0,,,-185000000.0,-411000000.0,,-580000000.0,4418000000.0,,,,,61000000.0,3708000000.0,,-20000000.0,-3618000000.0,177000000.0,,-914000000.0,-58000000.0,
2017-12-31,65872000000.0,,,,,58343000000.0,7529000000.0,-381000000.0,7148000000.0,2238000000.0,4910000000.0,5.64,5.61,871000000.0,875000000.0,3320000000.0,581000000.0,8773000000.0,404000000.0,-492000000.0,,1133000000.0,15548000000.0,,22118000000.0,3872000000.0,1964000000.0,1153000000.0,45403000000.0,3872000000.0,905000000.0,,12708000000.0,,757000000.0,,1804000000.0,,5858000000.0,-4867000000.0,1000000000.0,45403000000.0,,584000000.0,1230000000.0,1022000000.0,,,982000000.0,592000000.0,,-241000000.0,1479000000.0,,,,,134000000.0,5227000000.0,,-1000000.0,-4975000000.0,247000000.0,,3287000000.0,-156000000.0,
2018-03-31,17113000000.0,,,,,15593000000.0,1520000000.0,141000000.0,1661000000.0,316000000.0,1345000000.0,1.55,1.55,866000000.0,870000000.0,3544000000.0,588000000.0,7606000000.0,,288000000.0,,1517000000.0,13620000000.0,,23239000000.0,3893000000.0,2025000000.0,1112000000.0,44464000000.0,3501000000.0,1064000000.0,,11149000000.0,,837000000.0,,1912000000.0,,6973000000.0,-5638000000.0,1344000000.0,44464000000.0,,239000000.0,,-1201000000.0,,,-1100000000.0,-601000000.0,,-24000000.0,4067000000.0,,,,,0.0,1537000000.0,,-2000000.0,-1446000000.0,77000000.0,,-2550000000.0,57000000.0,
2018-06-30,34569000000.0,,,,,31276000000.0,3293000000.0,294000000.0,3587000000.0,757000000.0,2830000000.0,3.27,3.25,866000000.0,870000000.0,4214000000.0,643000000.0,7363000000.0,,307000000.0,,1270000000.0,13874000000.0,,23901000000.0,3837000000.0,2028000000.0,1067000000.0,45223000000.0,3785000000.0,1171000000.0,8000000.0,11488000000.0,,975000000.0,,1593000000.0,,7665000000.0,-5346000000.0,2328000000.0,45223000000.0,,378000000.0,,-1270000000.0,,,-1345000000.0,-260000000.0,,22000000.0,7200000000.0,,,,,2000000.0,2849000000.0,,7000000.0,-2820000000.0,125000000.0,,-3607000000.0,722000000.0,
2018-09-30,52013000000.0,,,,,46993000000.0,5020000000.0,456000000.0,5476000000.0,1138000000.0,4338000000.0,5.01,4.99,866000000.0,870000000.0,4097000000.0,667000000.0,7494000000.0,,320000000.0,,1336000000.0,13991000000.0,,25379000000.0,3825000000.0,2070000000.0,924000000.0,46689000000.0,3689000000.0,1209000000.0,6000000.0,12222000000.0,,1069000000.0,,1515000000.0,,8377000000.0,-5288000000.0,3098000000.0,46689000000.0,,507000000.0,,-1096000000.0,,,-1299000000.0,-391000000.0,,35000000.0,9422000000.0,,,,,2000000.0,4490000000.0,,23000000.0,-4499000000.0,176000000.0,,-4260000000.0,606000000.0,
2018-12-31,71861000000.0,,,,,64837000000.0,7024000000.0,-1005000000.0,6019000000.0,1228000000.0,4791000000.0,5.53,5.51,866000000.0,870000000.0,4225000000.0,671000000.0,8958000000.0,421000000.0,3025000000.0,,1277000000.0,16210000000.0,,26576000000.0,3811000000.0,2075000000.0,1033000000.0,50016000000.0,5188000000.0,1522000000.0,5000000.0,14087000000.0,,1619000000.0,,1424000000.0,,8006000000.0,-4994000000.0,3021000000.0,50016000000.0,,634000000.0,758000000.0,421000000.0,,,-754000000.0,1034000000.0,,170000000.0,12711000000.0,,,,,2000000.0,6283000000.0,,-1000000.0,-6330000000.0,240000000.0,,-5692000000.0,598000000.0,
2019-03-31,17160000000.0,,,,,15766000000.0,1394000000.0,46000000.0,1440000000.0,329000000.0,1111000000.0,1.28,1.28,866000000.0,869000000.0,4399000000.0,597000000.0,7613000000.0,,847000000.0,,1333000000.0,14904000000.0,,27247000000.0,3813000000.0,2093000000.0,1139000000.0,52061000000.0,3907000000.0,1660000000.0,5000000.0,13209000000.0,,1758000000.0,,1346000000.0,,8249000000.0,-4818000000.0,3467000000.0,52061000000.0,,308000000.0,,-1301000000.0,,,-128000000.0,-1143000000.0,,87000000.0,2277000000.0,,,,,1000000.0,1514000000.0,,16000000.0,-1416000000.0,47000000.0,,-695000000.0,175000000.0,
2019-06-30,35208000000.0,,,,,31671000000.0,3537000000.0,107000000.0,3644000000.0,848000000.0,2796000000.0,3.23,3.22,866000000.0,869000000.0,4072000000.0,609000000.0,8071000000.0,,601000000.0,,1374000000.0,14843000000.0,,28095000000.0,3811000000.0,2121000000.0,1129000000.0,52787000000.0,4291000000.0,1635000000.0,8000000.0,13633000000.0,,1947000000.0,,1314000000.0,,9109000000.0,-4815000000.0,4405000000.0,52787000000.0,,513000000.0,,-817000000.0,,,-398000000.0,-782000000.0,,57000000.0,4207000000.0,,,,,1000000.0,2861000000.0,,96000000.0,-2847000000.0,129000000.0,,-1534000000.0,-151000000.0,
2019-09-30,53526000000.0,,,,,47861000000.0,5665000000.0,185000000.0,5850000000.0,1304000000.0,4546000000.0,5.26,5.23,865000000.0,870000000.0,4040000000.0,387000000.0,7951000000.0,,204000000.0,,1491000000.0,14184000000.0,,29071000000.0,3783000000.0,2131000000.0,1246000000.0,53282000000.0,4218000000.0,1299000000.0,7000000.0,12835000000.0,,1886000000.0,,1299000000.0,,10037000000.0,-4617000000.0,5558000000.0,53282000000.0,,716000000.0,,-843000000.0,,,-778000000.0,-914000000.0,,393000000.0,5693000000.0,,,,,6000000.0,4336000000.0,,84000000.0,-4027000000.0,161000000.0,,-1854000000.0,-182000000.0,
2019-12-31,74094000000.0,,,,,66296000000.0,7798000000.0,-2146000000.0,5652000000.0,1212000000.0,4440000000.0,5.14,5.11,864000000.0,869000000.0,5238000000.0,389000000.0,9552000000.0,511000000.0,4641000000.0,,1428000000.0,17103000000.0,,30482000000.0,3813000000.0,2167000000.0,1082000000.0,57857000000.0,5555000000.0,1641000000.0,7000000.0,15413000000.0,,1632000000.0,,1437000000.0,,9105000000.0,-5997000000.0,3267000000.0,57857000000.0,,915000000.0,100000000.0,717000000.0,,,-698000000.0,419000000.0,,182000000.0,8639000000.0,,,,,6000000.0,6380000000.0,,75000000.0,-6061000000.0,218000000.0,,-1727000000.0,871000000.0,
2020-03-31,18035000000.0,,,,,16963000000.0,1072000000.0,178000000.0,1250000000.0,285000000.0,965000000.0,1.12,1.11,864000000.0,869000000.0,8955000000.0,393000000.0,8126000000.0,,,,1803000000.0,19389000000.0,,30908000000.0,3776000000.0,2176000000.0,1283000000.0,60895000000.0,4779000000.0,1760000000.0,7000000.0,15846000000.0,,,,2783000000.0,,9137000000.0,-5876000000.0,3299000000.0,60895000000.0,,231000000.0,,-1223000000.0,,,-209000000.0,-1101000000.0,,102000000.0,2550000000.0,,,,,0.0,933000000.0,,5000000.0,-934000000.0,70000000.0,,2167000000.0,3718000000.0,
2020-06-30,38494000000.0,,,,,35210000000.0,3284000000.0,323000000.0,3607000000.0,874000000.0,2733000000.0,3.16,3.14,866000000.0,869000000.0,8813000000.0,401000000.0,9230000000.0,,,,1780000000.0,20226000000.0,,31439000000.0,3787000000.0,2207000000.0,1099000000.0,62057000000.0,5271000000.0,1921000000.0,7000000.0,16271000000.0,,,,3276000000.0,,10032000000.0,-5933000000.0,4363000000.0,62057000000.0,,368000000.0,,-105000000.0,,,-301000000.0,-617000000.0,,239000000.0,5947000000.0,,,,,0.0,2065000000.0,,6000000.0,-1943000000.0,131000000.0,,-399000000.0,3576000000.0,
2020-09-30,59732000000.0,,,,,54085000000.0,5647000000.0,485000000.0,6132000000.0,1442000000.0,4690000000.0,5.42,5.39,868000000.0,872000000.0,8839000000.0,400000000.0,8993000000.0,,,,1696000000.0,19930000000.0,,32164000000.0,3816000000.0,2289000000.0,883000000.0,62406000000.0,5609000000.0,1780000000.0,8000000.0,15456000000.0,,,,3760000000.0,,11115000000.0,-6022000000.0,5592000000.0,62406000000.0,,508000000.0,,-352000000.0,,,-391000000.0,-450000000.0,,120000000.0,9283000000.0,,,,,13000000.0,3219000000.0,,15000000.0,-3106000000.0,214000000.0,,-2556000000.0,3602000000.0,
2020-12-31,84628000000.0,,,,,76944000000.0,7684000000.0,-5840000000.0,1844000000.0,501000000.0,1343000000.0,1.55,1.54,867000000.0,871000000.0,5910000000.0,404000000.0,10750000000.0,620000000.0,39000000.0,,1953000000.0,20216000000.0,,32254000000.0,3367000000.0,2274000000.0,672000000.0,62408000000.0,6455000000.0,1450000000.0,21000000.0,17016000000.0,,,,3847000000.0,,6896000000.0,-7113000000.0,657000000.0,62408000000.0,,796000000.0,-858000000.0,1562000000.0,,,-218000000.0,904000000.0,,-110000000.0,10459000000.0,,,,,20000000.0,5412000000.0,,41000000.0,-5283000000.0,285000000.0,,-4517000000.0,672000000.0,
2021-03-31,22908000000.0,,,,,20143000000.0,2765000000.0,3439000000.0,6204000000.0,1412000000.0,4792000000.0,5.5,5.47,872000000.0,876000000.0,7731000000.0,349000000.0,10127000000.0,,,,1641000000.0,20985000000.0,,32455000000.0,3346000000.0,2268000000.0,946000000.0,63312000000.0,6305000000.0,1608000000.0,8000000.0,16306000000.0,,,,3816000000.0,,10748000000.0,-4659000000.0,7147000000.0,63312000000.0,,315000000.0,,-435000000.0,,,-363000000.0,-261000000.0,,180000000.0,4531000000.0,,,,,3000000.0,834000000.0,,6000000.0,-766000000.0,78000000.0,,-1945000000.0,1821000000.0,
2021-06-30,46332000000.0,,,,,40309000000.0,6023000000.0,3617000000.0,9640000000.0,2172000000.0,7468000000.0,8.54,8.51,875000000.0,878000000.0,9608000000.0,344000000.0,10137000000.0,,,,1897000000.0,21988000000.0,,32631000000.0,3357000000.0,2238000000.0,875000000.0,64869000000.0,6563000000.0,1356000000.0,9000000.0,15770000000.0,,,,3953000000.0,,12531000000.0,-3064000000.0,10805000000.0,64869000000.0,,521000000.0,,-439000000.0,,,-169000000.0,56000000.0,,-27000000.0,8454000000.0,,,,,5000000.0,1670000000.0,,11000000.0,-734000000.0,141000000.0,,-4038000000.0,3698000000.0,
2021-09-30,69516000000.0,,,,,60597000000.0,8919000000.0,3714000000.0,12633000000.0,2836000000.0,9797000000.0,11.21,11.16,875000000.0,879000000.0,10212000000.0,346000000.0,10474000000.0,,,,1809000000.0,22843000000.0,,32859000000.0,3332000000.0,2224000000.0,816000000.0,65739000000.0,6445000000.0,1352000000.0,35000000.0,15472000000.0,,,,3987000000.0,,13973000000.0,-3029000000.0,12041000000.0,65739000000.0,,700000000.0,,21000000.0,,,-256000000.0,20000000.0,,65000000.0,11761000000.0,,,,,12000000.0,2570000000.0,,-24000000.0,-1600000000.0,196000000.0,,-5856000000.0,4302000000.0,
2021-12-31,97287000000.0,,,,,84477000000.0,12810000000.0,3785000000.0,16595000000.0,3705000000.0,12890000000.0,14.75,14.68,874000000.0,878000000.0,10255000000.0,336000000.0,12541000000.0,717000000.0,4291000000.0,,1800000000.0,24934000000.0,,33475000000.0,3692000000.0,2486000000.0,1054000000.0,69405000000.0,7523000000.0,1430000000.0,27000000.0,17569000000.0,,,,3578000000.0,,16179000000.0,-3278000000.0,14253000000.0,69405000000.0,,878000000.0,1645000000.0,2147000000.0,,,-312000000.0,1265000000.0,,151000000.0,15007000000.0,,,,,602000000.0,4194000000.0,,-18000000.0,-3818000000.0,251000000.0,,-6823000000.0,4345000000.0,
2022-03-31,24378000000.0,,,,,21127000000.0,3251000000.0,141000000.0,3392000000.0,730000000.0,2662000000.0,3.05,3.03,874000000.0,879000000.0,12208000000.0,335000000.0,11199000000.0,,,,1857000000.0,25601000000.0,,33595000000.0,3668000000.0,2465000000.0,1108000000.0,70113000000.0,7036000000.0,1721000000.0,10000000.0,16842000000.0,,,,3568000000.0,,17433000000.0,-3257000000.0,15416000000.0,70113000000.0,,386000000.0,,-1227000000.0,,,-7000000.0,-743000000.0,,173000000.0,4480000000.0,,,,,-1000000.0,548000000.0,,22000000.0,-572000000.0,67000000.0,,-1970000000.0,1953000000.0,
2022-06-30,49144000000.0,,,,,42358000000.0,6786000000.0,303000000.0,7089000000.0,1578000000.0,5511000000.0,6.31,6.28,874000000.0,878000000.0,11735000000.0,334000000.0,11396000000.0,,,,2104000000.0,25571000000.0,,33487000000.0,3675000000.0,2476000000.0,1265000000.0,70089000000.0,7168000000.0,1628000000.0,10000000.0,17337000000.0,,,,3563000000.0,,18958000000.0,-3251000000.0,16289000000.0,70089000000.0,,617000000.0,,-820000000.0,,,62000000.0,-508000000.0,,22000000.0,8293000000.0,,,,,99000000.0,1388000000.0,,26000000.0,-1499000000.0,136000000.0,,-5286000000.0,1480000000.0,
2022-09-30,73305000000.0,,,,,63406000000.0,9899000000.0,459000000.0,10358000000.0,2263000000.0,8095000000.0,9.27,9.24,873000000.0,876000000.0,11045000000.0,329000000.0,10975000000.0,,,,2247000000.0,24598000000.0,,33625000000.0,3624000000.0,2439000000.0,1678000000.0,69544000000.0,6731000000.0,1046000000.0,10000000.0,17679000000.0,,,,3640000000.0,,20177000000.0,-3218000000.0,16968000000.0,69544000000.0,,850000000.0,,-1022000000.0,,,98000000.0,-952000000.0,,481000000.0,10772000000.0,,,,,106000000.0,2278000000.0,,57000000.0,-2408000000.0,198000000.0,,-7475000000.0,790000000.0,
2022-12-31,100338000000.0,,,,,87244000000.0,13094000000.0,1731000000.0,14825000000.0,3277000000.0,11548000000.0,13.26,13.2,871000000.0,875000000.0,5602000000.0,1991000000.0,12583000000.0,889000000.0,3257000000.0,,2039000000.0,22217000000.0,,34719000000.0,4223000000.0,2796000000.0,3275000000.0,71124000000.0,7512000000.0,1472000000.0,11000000.0,18140000000.0,,,,3513000000.0,,21326000000.0,-1549000000.0,19786000000.0,71124000000.0,,1568000000.0,531000000.0,322000000.0,,,-117000000.0,34000000.0,,-9000000.0,14104000000.0,,,,,755000000.0,4769000000.0,,333000000.0,-7472000000.0,262000000.0,,-11185000000.0,-4653000000.0,
2023-03-31,22925000000.0,,,,,20384000000.0,2541000000.0,-19000000.0,2522000000.0,627000000.0,1895000000.0,2.2,2.19,862000000.0,865000000.0,6190000000.0,3202000000.0,10299000000.0,,,,2028000000.0,21725000000.0,,34995000000.0,4249000000.0,2811000000.0,4165000000.0,72189000000.0,6302000000.0,1683000000.0,10000000.0,16262000000.0,,,,3532000000.0,,21510000000.0,-1481000000.0,20038000000.0,72189000000.0,,126000000.0,,-2254000000.0,,,-62000000.0,-1668000000.0,,405000000.0,2357000000.0,,,,,34000000.0,609000000.0,,-17000000.0,-1813000000.0,49000000.0,,4000000.0,588000000.0,
2023-06-30,44980000000.0,,,,,39659000000.0,5321000000.0,-79000000.0,5242000000.0,1266000000.0,3976000000.0,4.62,4.61,861000000.0,863000000.0,4812000000.0,3071000000.0,9587000000.0,,,,1969000000.0,19439000000.0,,,4250000000.0,2890000000.0,3911000000.0,70347000000.0,6085000000.0,1253000000.0,12000000.0,14686000000.0,,,,3537000000.0,,21584000000.0,-1574000000.0,20019000000.0,70347000000.0,,165000000.0,,-2898000000.0,,,-187000000.0,-1921000000.0,,-132000000.0,5594000000.0,,,,,34000000.0,1820000000.0,,-12000000.0,-2859000000.0,119000000.0,,-3582000000.0,-790000000.0,
2023-09-30,66041000000.0,,,,,59377000000.0,6664000000.0,-154000000.0,6510000000.0,1407000000.0,5103000000.0,5.93,5.92,860000000.0,861000000.0,4311000000.0,2967000000.0,9461000000.0,,,,2512000000.0,19251000000.0,,,4097000000.0,2892000000.0,3739000000.0,70281000000.0,5972000000.0,1226000000.0,13000000.0,15817000000.0,,,,3480000000.0,,20699000000.0,-1540000000.0,19168000000.0,70281000000.0,,186000000.0,,-2880000000.0,,,252000000.0,-2058000000.0,,-157000000.0,7827000000.0,,,,,39000000.0,3109000000.0,,-2000000.0,-3929000000.0,190000000.0,,-5185000000.0,-1291000000.0,
2023-12-31,90958000000.0,,,,,81817000000.0,9141000000.0,-568000000.0,8573000000.0,1865000000.0,6708000000.0,7.81,7.8,859000000.0,860000000.0,3206000000.0,2866000000.0,11216000000.0,935000000.0,3950000000.0,,2125000000.0,19413000000.0,,,4900000000.0,3305000000.0,1888000000.0,70857000000.0,6340000000.0,1256000000.0,20000000.0,17676000000.0,,,,3264000000.0,,21055000000.0,-3758000000.0,17306000000.0,70857000000.0,,220000000.0,199000000.0,-1256000000.0,,,-87000000.0,-1377000000.0,,-42000000.0,10238000000.0,,,,,1329000000.0,5158000000.0,,19000000.0,-7133000000.0,248000000.0,,-5534000000.0,-2396000000.0,
2024-03-31,21706000000.0,,,,,20093000000.0,1613000000.0,-77000000.0,1536000000.0,423000000.0,1113000000.0,1.3,1.3,856000000.0,857000000.0,4281000000.0,232000000.0,9554000000.0,,,,1212000000.0,16177000000.0,,,4846000000.0,3308000000.0,1780000000.0,67628000000.0,5397000000.0,1326000000.0,13000000.0,14696000000.0,,,,3312000000.0,,20681000000.0,-3781000000.0,16909000000.0,67628000000.0,,-27000000.0,,-1492000000.0,,,-55000000.0,-799000000.0,,185000000.0,3316000000.0,,,,,44000000.0,1035000000.0,,14000000.0,1566000000.0,54000000.0,,-3666000000.0,1168000000.0,
2024-06-30,43524000000.0,,,,,39967000000.0,3557000000.0,-152000000.0,3405000000.0,883000000.0,2522000000.0,2.95,2.94,856000000.0,857000000.0,6319000000.0,213000000.0,9048000000.0,,,,2060000000.0,18823000000.0,,,4400000000.0,3106000000.0,1799000000.0,69418000000.0,5299000000.0,939000000.0,16000000.0,15085000000.0,,,,3232000000.0,,20692000000.0,-3807000000.0,17030000000.0,69418000000.0,,30000000.0,,-1526000000.0,,,-73000000.0,-685000000.0,,-619000000.0,5309000000.0,,,,,66000000.0,1968000000.0,,4000000.0,653000000.0,131000000.0,,-2767000000.0,3113000000.0,
2024-09-30,65769000000.0,,,,,60227000000.0,5542000000.0,-227000000.0,5315000000.0,1254000000.0,4061000000.0,4.74,4.74,856000000.0,856000000.0,5855000000.0,205000000.0,9195000000.0,,,,2009000000.0,17264000000.0,,,4411000000.0,3108000000.0,1837000000.0,68263000000.0,5410000000.0,1293000000.0,13000000.0,15081000000.0,,,,3216000000.0,,20552000000.0,-3704000000.0,16857000000.0,68263000000.0,,-24000000.0,,-1395000000.0,,,-116000000.0,-829000000.0,,-335000000.0,6807000000.0,,,,,66000000.0,2811000000.0,,26000000.0,840000000.0,184000000.0,,-5003000000.0,2649000000.0,
