Date,Net sales,Cost of sales,Gross margin,Research and development,"Selling, general and administrative",Total operating expenses,Operating income,"Other income/(expense), net",Income before provision for income taxes,Provision for income taxes,Net income,Earnings per share basic,Earnings per share diluted,Weighted-average basic,Weighted-average diluted,Cash and cash equivalents,Short-term marketable securities,"Accounts receivable, net",Inventories,Deferred tax assets,Vendor non-trade receivables,Other current assets,Total current assets,Long-term marketable securities,"Property, Plant and Equipment, Net",Goodwill,"Acquired intangible assets, net","Other Assets, Noncurrent",Total assets,accounts payable,Accrued expenses,Deferred revenue,Total current liabilities,Deferred revenue - non-current,deferred tax liabilities,long term taxes payable,Total other non-current liabilities,Total liabilities,Retained Earnings (Accumulated Deficit),Accumulated other comprehensive (loss)/income,Total shareholders equity,Total liabilities and shareholders' equity,"Depreciation, amortization and accretion",Stock-based compensation expense,Deferred income tax expense,"Increase (Decrease) in Accounts receivable, net",Increase (Decrease) in Inventories,Increase (Decrease) in Other Receivables,Increase (Decrease) in Other Operating Assets,Increase (Decrease) in Accounts Payable,Increase (Decrease) in Deferred Revenue,Increase (Decrease) Other liabilities,Cash generated by operating activities,Purchases of marketable securities,Proceeds from maturities of marketable securities,Proceeds from sales of marketable securities,Purchases of other long-term investments,"Business acquisitions, net of cash acquired",Cash payments for capital asset purchases,Payments for acquisition of intangible assets,Payments for (Proceeds from) Other Investing Activities,Cash used in investing activities,Proceeds from issuance of common stock,Excess tax benefits from stock-based compensation,Cash generated/used in financing activities,Increase/(decrease) in cash and cash equivalents,"Cash paid for income taxes, net"
2009-12-31,,,,,,,,,,395000000.0,2205000000.0,0.97,0.97,1851000000.0,1859000000.0,6206000000.0,,,,,,,,,2263000000.0,9011000000.0,3406000000.0,,281176000000.0,,,,,,,,,254515000000.0,24116000000.0,-1484000000.0,25963000000.0,281176000000.0,,,-545000000.0,,,,2152000000.0,,,,7600000000.0,,,5784000000.0,,-3074000000.0,,,74000000.0,-719000000.0,2703000000.0,,-7534000000.0,-653000000.0,
2010-03-31,,,,,,,,,,161000000.0,669000000.0,0.34,0.34,1910000000.0,1919000000.0,8380000000.0,,,,,,,,,2246000000.0,9007000000.0,3388000000.0,,282428000000.0,,,,,,,,,255040000000.0,24597000000.0,-1267000000.0,26709000000.0,282428000000.0,,,,,,,,,,,2876000000.0,,,922000000.0,,-832000000.0,,,302000000.0,1081000000.0,28000000.0,,-1783000000.0,2174000000.0,
2010-06-30,,,,,,,,,,360000000.0,1435000000.0,0.79,0.79,1912000000.0,1921000000.0,5033000000.0,,,,309000000.0,,,,,2257000000.0,9002000000.0,3068000000.0,,283243000000.0,,,,,,,,,254303000000.0,25367000000.0,-1060000000.0,28169000000.0,283243000000.0,,,,,,,,,,,3960000000.0,,,1060000000.0,,-832000000.0,,,779000000.0,-2411000000.0,43000000.0,,-2722000000.0,-1173000000.0,
2010-09-30,,,,,,,,,,620000000.0,2343000000.0,1.25,1.24,1913000000.0,1920000000.0,4470000000.0,,,,288000000.0,,,,,2304000000.0,9024000000.0,2856000000.0,,290654000000.0,,,,,,,,,260711000000.0,26147000000.0,-894000000.0,29151000000.0,290654000000.0,,,,,,,,,,,2806000000.0,,,1113000000.0,,-832000000.0,,,1151000000.0,-7715000000.0,56000000.0,,3173000000.0,-1736000000.0,
2010-12-31,,,,,,,,,,935000000.0,3317000000.0,1.74,1.73,1912000000.0,1921000000.0,14487000000.0,,,,424000000.0,,,,,2487000000.0,8954000000.0,3213000000.0,,307786000000.0,,,,,,,,,277464000000.0,27005000000.0,-1469000000.0,29519000000.0,307786000000.0,,,-370000000.0,,,,,,,,5241000000.0,24025000000.0,16068000000.0,1212000000.0,,-923000000.0,,,936000000.0,-16372000000.0,119000000.0,,19412000000.0,8281000000.0,
2011-03-31,,,,,,,,,,366000000.0,1046000000.0,0.52,0.52,1918000000.0,1928000000.0,13800000000.0,,,,-135000000.0,,,,,2508000000.0,8947000000.0,3415000000.0,,311462000000.0,,,,,,,,,280127000000.0,27769000000.0,-1339000000.0,30507000000.0,311462000000.0,,,,,,,,,,,6228000000.0,3896000000.0,,141000000.0,,-650000000.0,,,131000000.0,-7488000000.0,94000000.0,,573000000.0,-687000000.0,
2011-06-30,,,,,,,,,,824000000.0,2249000000.0,1.13,1.12,1921000000.0,1929000000.0,15250000000.0,,,,711000000.0,,,,,2529000000.0,8950000000.0,3266000000.0,,320874000000.0,,,,,,,,,287533000000.0,28701000000.0,-977000000.0,32452000000.0,320874000000.0,,,,,,,,,,,8809000000.0,5750000000.0,,437000000.0,,-650000000.0,,,620000000.0,-15306000000.0,104000000.0,,7260000000.0,763000000.0,
2011-09-30,,,,,,,,,,1314000000.0,3522000000.0,1.78,1.77,1918000000.0,1926000000.0,13708000000.0,,,,-750000000.0,,,,,2581000000.0,8933000000.0,2675000000.0,,330141000000.0,,,,,,,,,295931000000.0,29704000000.0,-930000000.0,33230000000.0,330141000000.0,,,250000000.0,,,,,,,,8755000000.0,8399000000.0,,926000000.0,,-650000000.0,,,1006000000.0,-24189000000.0,125000000.0,,14655000000.0,-779000000.0,
2011-12-31,,,,,,,,,,1841000000.0,4872000000.0,2.47,2.46,1914000000.0,1923000000.0,13962000000.0,,,,-1125000000.0,,,,,2657000000.0,8927000000.0,2736000000.0,,340122000000.0,,,,,,,,,305151000000.0,30785000000.0,-1200000000.0,33978000000.0,340122000000.0,,,748000000.0,,,,,,,,9820000000.0,13229000000.0,,1018000000.0,,-636000000.0,,,1070000000.0,-32704000000.0,180000000.0,,22359000000.0,-525000000.0,
2012-03-31,,,,,,,,,,527000000.0,1338000000.0,0.68,0.67,1901000000.0,1910000000.0,9561000000.0,,,,1400000000.0,,,,,2623000000.0,8941000000.0,2919000000.0,,340762000000.0,,,,,,,,,303848000000.0,31705000000.0,-944000000.0,35900000000.0,340762000000.0,,,73000000.0,,,,,,,,3091000000.0,4738000000.0,,200000000.0,,-108000000.0,,,48000000.0,-5782000000.0,98000000.0,,-1710000000.0,-4401000000.0,
2012-06-30,,,,,,,,,,1091000000.0,2753000000.0,1.39,1.38,1895000000.0,1904000000.0,15403000000.0,,,,1400000000.0,,,,,2638000000.0,8934000000.0,2712000000.0,,353136000000.0,,,,,,,,,314262000000.0,32687000000.0,-830000000.0,37792000000.0,353136000000.0,,,-26000000.0,,,,,,,,3628000000.0,6861000000.0,7889000000.0,345000000.0,,-94000000.0,,,259000000.0,-10274000000.0,191000000.0,,8087000000.0,1441000000.0,
2012-09-30,,,,,,,,,,1684000000.0,4227000000.0,2.13,2.12,1892000000.0,1901000000.0,9382000000.0,,,,1600000000.0,,,,,2650000000.0,8943000000.0,2533000000.0,,352253000000.0,,,,,,,,,312428000000.0,33730000000.0,-603000000.0,38661000000.0,352253000000.0,,,29000000.0,,,,,,,,3875000000.0,12065000000.0,11664000000.0,1753000000.0,,-94000000.0,,,668000000.0,-13263000000.0,342000000.0,,4808000000.0,-4580000000.0,
2012-12-31,,,,,,,,,,2236000000.0,5647000000.0,2.85,2.84,1887000000.0,1896000000.0,8252000000.0,,,,-1320000000.0,,,,,2670000000.0,9143000000.0,2706000000.0,,353855000000.0,,,,,,,,,313588000000.0,34720000000.0,-923000000.0,38998000000.0,353855000000.0,,,49000000.0,,,,,,,,7958000000.0,16605000000.0,15374000000.0,2060000000.0,,-94000000.0,,,1261000000.0,-20253000000.0,395000000.0,,6585000000.0,-5710000000.0,
2013-03-31,,,,,,,,,,558000000.0,1428000000.0,0.73,0.73,1858000000.0,1867000000.0,,,,,-1300000000.0,,,,,2656000000.0,9152000000.0,2918000000.0,,355447000000.0,,,,,,,,,314600000000.0,35720000000.0,-941000000.0,39531000000.0,355447000000.0,,,10000000.0,,,,,,,,1668000000.0,3925000000.0,3203000000.0,166000000.0,,,,,-142000000.0,-1524000000.0,79000000.0,,-1464000000.0,,
2013-06-30,,,,,,,,,3918000000.0,1087000000.0,2912000000.0,1.49,1.49,1851000000.0,1860000000.0,,,,,,,,,,2622000000.0,9156000000.0,3287000000.0,,353415000000.0,,,,,,,,,312365000000.0,36707000000.0,-1288000000.0,39683000000.0,353415000000.0,,,-106000000.0,,,,,,,,6516000000.0,7731000000.0,6074000000.0,679000000.0,,,,,109000000.0,-7343000000.0,169000000.0,,-807000000.0,,
2013-09-30,14713000000.0,,,,,,,,5890000000.0,1629000000.0,4380000000.0,2.26,2.25,1844000000.0,1854000000.0,,,,,,,,,,2608000000.0,9173000000.0,3455000000.0,,360681000000.0,,,,,,,,,319129000000.0,37692000000.0,-1351000000.0,40132000000.0,360681000000.0,,,-38000000.0,,,,,,,,8657000000.0,9381000000.0,8395000000.0,766000000.0,,,,,100000000.0,-12663000000.0,331000000.0,,7369000000.0,,
2013-12-31,19602000000.0,,,,,,,,7764000000.0,2032000000.0,5836000000.0,3.02,3.0,1839000000.0,1849000000.0,,,,,-1305000000.0,,,,,2606000000.0,9205000000.0,3529000000.0,,364021000000.0,,,,,,,,,322214000000.0,38667000000.0,-1071000000.0,41113000000.0,364021000000.0,,,-69000000.0,,,,,,,,11446000000.0,13146000000.0,10147000000.0,947000000.0,,58000000.0,,,303000000.0,-21024000000.0,524000000.0,,9803000000.0,,
2014-03-31,4814000000.0,,,,,,,,1908000000.0,496000000.0,1397000000.0,0.73,0.73,1818000000.0,1828000000.0,,,,,,,,,,2589000000.0,9204000000.0,3422000000.0,,371289000000.0,,,,,,,,,328546000000.0,39584000000.0,-850000000.0,42054000000.0,371289000000.0,,,-77000000.0,,,,,,,,2772000000.0,5062000000.0,1230000000.0,295000000.0,,,,,-222000000.0,-8645000000.0,236000000.0,,4804000000.0,,
2014-06-30,10002000000.0,,,,,,,,3964000000.0,1043000000.0,2892000000.0,1.52,1.51,1815000000.0,1825000000.0,,,,,,,,,,2614000000.0,9422000000.0,3337000000.0,,389065000000.0,,,,,,,,,345679000000.0,40573000000.0,-682000000.0,42700000000.0,389065000000.0,,,-35000000.0,,,,,,,,3884000000.0,10160000000.0,2832000000.0,361000000.0,,-3691000000.0,,,-338000000.0,-14512000000.0,326000000.0,,14787000000.0,,
2014-09-30,14992000000.0,,,,,,,,5973000000.0,1566000000.0,4363000000.0,2.3,2.29,1809000000.0,1819000000.0,,,,,,,,,,2608000000.0,9401000000.0,3338000000.0,,391284000000.0,,,,,,,,,347455000000.0,41543000000.0,-636000000.0,43141000000.0,391284000000.0,,,-36000000.0,,,,,,,,4466000000.0,16627000000.0,4944000000.0,401000000.0,,-3436000000.0,,,-411000000.0,-23372000000.0,377000000.0,,16612000000.0,,
2014-12-31,20161000000.0,,,,,,,,7995000000.0,2087000000.0,5851000000.0,3.1,3.08,1803000000.0,1813000000.0,,,,,-1727000000.0,,,,,2618000000.0,9389000000.0,3162000000.0,,402529000000.0,,,,,,,,,358361000000.0,42530000000.0,-896000000.0,43479000000.0,402529000000.0,,,,,,,,,,,5332000000.0,21752000000.0,7212000000.0,475000000.0,,-3436000000.0,,,-506000000.0,-29812000000.0,453000000.0,,26657000000.0,,
2015-03-31,4906000000.0,,,,,,,,1923000000.0,479000000.0,1431000000.0,0.77,0.76,1781000000.0,1789000000.0,,,,,,,,,,2575000000.0,9363000000.0,3033000000.0,,410233000000.0,,,,,,,,,365268000000.0,43463000000.0,-714000000.0,44277000000.0,410233000000.0,,,,,,,,,,,1751000000.0,3783000000.0,3100000000.0,123000000.0,,,,,404000000.0,-2501000000.0,152000000.0,,4168000000.0,,
2015-06-30,9948000000.0,,,,,,,,3948000000.0,1007000000.0,2914000000.0,1.57,1.56,1776000000.0,1784000000.0,,,,,,,,,,2551000000.0,9374000000.0,3225000000.0,,419075000000.0,,,,,,,,,373844000000.0,44434000000.0,-865000000.0,44537000000.0,419075000000.0,,,,,,,,,,,3397000000.0,8153000000.0,6709000000.0,269000000.0,,,,,1137000000.0,-8124000000.0,188000000.0,,11998000000.0,,
2015-09-30,15095000000.0,,,,,,,,5985000000.0,1541000000.0,4403000000.0,2.38,2.36,1770000000.0,1778000000.0,,,,,,,,,,2515000000.0,9368000000.0,3176000000.0,,415943000000.0,,,,,,,,,370176000000.0,45413000000.0,-721000000.0,45075000000.0,415943000000.0,,,,,,,,,,,6251000000.0,14931000000.0,10354000000.0,282000000.0,,,,,998000000.0,-13111000000.0,262000000.0,,6656000000.0,,
2015-12-31,20306000000.0,,,,,,,,8030000000.0,2097000000.0,5879000000.0,3.18,3.16,1764000000.0,1772000000.0,,,,,,,,,,2513000000.0,9361000000.0,3350000000.0,,421853000000.0,,,,,,,,,375036000000.0,46377000000.0,-1019000000.0,46131000000.0,421853000000.0,,,,,,,,,,,8782000000.0,20502000000.0,13395000000.0,690000000.0,,,,,1526000000.0,-21150000000.0,295000000.0,,12861000000.0,,
2016-03-31,5037000000.0,,,,,,,,1905000000.0,504000000.0,1386000000.0,0.77,0.76,1737000000.0,1743000000.0,,,,,,,,,,2486000000.0,9368000000.0,3042000000.0,,428638000000.0,,,,,,,,,381245000000.0,47267000000.0,-744000000.0,46755000000.0,428638000000.0,,,,,,,,,,,1261000000.0,6183000000.0,3212000000.0,530000000.0,,,,,-150000000.0,-4889000000.0,33000000.0,,3462000000.0,,
2016-06-30,10485000000.0,,,,,,,,3983000000.0,1046000000.0,2908000000.0,1.6,1.59,1731000000.0,1737000000.0,,,,,,,,,,2459000000.0,9359000000.0,2852000000.0,,438463000000.0,,,,,,,,,390434000000.0,48269000000.0,-562000000.0,47390000000.0,438463000000.0,,,,,,,,,,,2684000000.0,15204000000.0,6439000000.0,5071000000.0,,,,,-426000000.0,-10094000000.0,113000000.0,,10301000000.0,,
2016-09-30,15873000000.0,,,,,,,,6065000000.0,1612000000.0,4410000000.0,2.44,2.43,1724000000.0,1730000000.0,,,,,,,,,,2449000000.0,9357000000.0,2887000000.0,,454134000000.0,,,,,,,,,405735000000.0,49231000000.0,-579000000.0,47759000000.0,454134000000.0,,,,,,,,,,,3238000000.0,22897000000.0,10252000000.0,8171000000.0,,,,,38000000.0,-15241000000.0,159000000.0,,24520000000.0,,
2016-12-31,21308000000.0,,,,,,,,8105000000.0,2161000000.0,5888000000.0,3.25,3.24,1718000000.0,1724000000.0,,,,,,,,,,2443000000.0,9344000000.0,3303000000.0,,445964000000.0,,,,,,,,,398031000000.0,50151000000.0,-1535000000.0,47298000000.0,445964000000.0,,,,,,,,,,,5336000000.0,29684000000.0,14625000000.0,9877000000.0,,,,,-322000000.0,-17958000000.0,355000000.0,,17180000000.0,,
2017-03-31,5324000000.0,,,,,,,,1985000000.0,499000000.0,1473000000.0,0.82,0.82,1694000000.0,1701000000.0,,,,,,,,,,2432000000.0,9348000000.0,3313000000.0,,449522000000.0,,,,,,,,,401089000000.0,51069000000.0,-1439000000.0,47798000000.0,449522000000.0,,,,,,,,,,,3190000000.0,4253000000.0,2786000000.0,828000000.0,,,,,-76000000.0,-1721000000.0,112000000.0,,3145000000.0,,
2017-06-30,10811000000.0,,,,,,,,4048000000.0,1050000000.0,2973000000.0,1.67,1.66,1689000000.0,1695000000.0,,,,,,,,,,2413000000.0,9361000000.0,3216000000.0,,463844000000.0,,,,,,,,,414895000000.0,52033000000.0,-1246000000.0,48320000000.0,463844000000.0,,,,,,,,,,,4779000000.0,9883000000.0,6417000000.0,2718000000.0,,,,,568000000.0,-6814000000.0,127000000.0,,15294000000.0,,
2017-09-30,16419000000.0,,,,,,,,6206000000.0,1639000000.0,4536000000.0,2.56,2.55,1683000000.0,1689000000.0,,,,,,,,,,2402000000.0,9370000000.0,3193000000.0,,459227000000.0,,,,,,,,,409876000000.0,53023000000.0,-1219000000.0,48723000000.0,459227000000.0,,,,,,,,,,,6641000000.0,13575000000.0,9459000000.0,3063000000.0,,,,,617000000.0,-9320000000.0,138000000.0,,7514000000.0,,
2017-12-31,22057000000.0,,,,,,,,7517000000.0,1264000000.0,6218000000.0,3.53,3.51,1677000000.0,1683000000.0,,,,,473000000.0,,,,,2432000000.0,9434000000.0,3228000000.0,,462040000000.0,,,,,,,,,412374000000.0,54142000000.0,-1404000000.0,49040000000.0,462040000000.0,,,,,,,,,,,6472000000.0,17860000000.0,13042000000.0,3084000000.0,,,,,350000000.0,-12126000000.0,159000000.0,,9454000000.0,,
2018-03-31,5469000000.0,,,,,,,,2044000000.0,362000000.0,1675000000.0,0.97,0.96,1652000000.0,1657000000.0,,,,,671000000.0,,,,,2441000000.0,9440000000.0,3388000000.0,,460119000000.0,,,,,,,,,410307000000.0,55549000000.0,-2193000000.0,49187000000.0,460119000000.0,,,,,,,,,,,1434000000.0,2068000000.0,2771000000.0,944000000.0,,,,,465000000.0,82000000.0,40000000.0,,-1775000000.0,,
2018-06-30,11109000000.0,,,,,,,,4243000000.0,803000000.0,3425000000.0,1.99,1.98,1647000000.0,1651000000.0,,,,,691000000.0,,,,,2431000000.0,9425000000.0,3415000000.0,,461329000000.0,,,,,,,,,411072000000.0,56742000000.0,-2315000000.0,49628000000.0,461329000000.0,,,,,,,,,,,4689000000.0,4640000000.0,5684000000.0,1158000000.0,,,,,753000000.0,-2169000000.0,45000000.0,,-3004000000.0,,
2018-09-30,16808000000.0,,,,,,,,6525000000.0,1263000000.0,5240000000.0,3.05,3.04,1641000000.0,1645000000.0,,,,,915000000.0,,,,,2438000000.0,9530000000.0,3544000000.0,,464607000000.0,,,,,,,,,413600000000.0,57878000000.0,-2573000000.0,50375000000.0,464607000000.0,,,,,,,,,,,7914000000.0,6848000000.0,8757000000.0,1304000000.0,,,,,895000000.0,-4220000000.0,73000000.0,,-3117000000.0,,
2018-12-31,22637000000.0,,,,,,,,8678000000.0,1554000000.0,7096000000.0,4.15,4.14,1634000000.0,1638000000.0,,,,,809000000.0,,,,,2457000000.0,9369000000.0,3392000000.0,,467374000000.0,,,,,,,,,415717000000.0,59065000000.0,-2322000000.0,51029000000.0,467374000000.0,,,,,,,,,,,10564000000.0,10077000000.0,11411000000.0,1400000000.0,,,,,471000000.0,-8977000000.0,86000000.0,,361000000.0,,
2019-03-31,5577000000.0,,,,,,,,2086000000.0,378000000.0,1699000000.0,1.01,1.0,1602000000.0,1605000000.0,,,,,495000000.0,,,,,3686000000.0,9547000000.0,3341000000.0,,475775000000.0,,,,,,,,,423089000000.0,60092000000.0,-1773000000.0,52057000000.0,475775000000.0,,,,,,,,,,,1296000000.0,3194000000.0,1865000000.0,99000000.0,,,,,102000000.0,-6544000000.0,15000000.0,,1910000000.0,,
2019-06-30,11399000000.0,,,,,,,,4363000000.0,827000000.0,3520000000.0,2.1,2.1,1596000000.0,1599000000.0,,,,,379000000.0,,,,,3690000000.0,9548000000.0,3161000000.0,,481719000000.0,,,,,,,,,428179000000.0,61252000000.0,-1344000000.0,52913000000.0,481719000000.0,,,,,,,,,,,1905000000.0,8886000000.0,4753000000.0,2535000000.0,,,,,-12000000.0,-11872000000.0,24000000.0,,5446000000.0,,
2019-09-30,17319000000.0,,,,,,,,6747000000.0,1294000000.0,5428000000.0,3.26,3.25,1589000000.0,1592000000.0,,,,,409000000.0,,,,,3673000000.0,9632000000.0,2983000000.0,,487671000000.0,,,,,,,,,433524000000.0,62419000000.0,-1173000000.0,53517000000.0,487671000000.0,,,,,,,,,,,4951000000.0,20383000000.0,7885000000.0,5776000000.0,,,,,892000000.0,-21371000000.0,51000000.0,,10239000000.0,-6181000000.0,
2019-12-31,,,,,,,,,8594000000.0,1648000000.0,6914000000.0,4.16,4.16,1581000000.0,1583000000.0,,,,,382000000.0,,,,,3702000000.0,9655000000.0,3223000000.0,,495426000000.0,,,,,,,,,442943000000.0,63186000000.0,-1373000000.0,51853000000.0,495426000000.0,,,,,,,,,,,4889000000.0,33814000000.0,11454000000.0,11252000000.0,,,,,1295000000.0,-21560000000.0,88000000.0,,17623000000.0,952000000.0,
2020-03-31,,,,,,,,,1439000000.0,260000000.0,1171000000.0,0.72,0.72,1518000000.0,1519000000.0,,,,,223000000.0,,,,,3660000000.0,9836000000.0,2629000000.0,,542909000000.0,,,,,,,,,490747000000.0,62544000000.0,503000000.0,51532000000.0,542909000000.0,,,,,,,,,,,2354000000.0,14937000000.0,5649000000.0,9916000000.0,,,,,1085000000.0,-22259000000.0,9000000.0,,44305000000.0,24400000000.0,
2020-06-30,,,,,,,,,2198000000.0,324000000.0,1860000000.0,1.13,1.12,1512000000.0,1513000000.0,,,,,900000000.0,,,,,3616000000.0,9842000000.0,2518000000.0,,546652000000.0,,,,,,,,,494172000000.0,62526000000.0,798000000.0,51850000000.0,546652000000.0,,,,,,,,,,,1501000000.0,30561000000.0,13945000000.0,13366000000.0,,,,,398000000.0,-17995000000.0,10000000.0,,46481000000.0,29987000000.0,
2020-09-30,,,,,,,,,4131000000.0,671000000.0,3440000000.0,2.12,2.11,1510000000.0,1511000000.0,,,,,657000000.0,,,,,3516000000.0,9889000000.0,2654000000.0,,540455000000.0,,,,,,,,,487260000000.0,63391000000.0,612000000.0,52565000000.0,540455000000.0,,,,,,,,,,,4785000000.0,48481000000.0,24992000000.0,13920000000.0,,,,,966000000.0,-21850000000.0,11000000.0,,38707000000.0,21642000000.0,
2020-12-31,,,,,,,,,6051000000.0,1066000000.0,4959000000.0,3.06,3.06,1509000000.0,1510000000.0,,,,,597000000.0,,,,,3468000000.0,9918000000.0,2864000000.0,,553905000000.0,,,,,,,,,500180000000.0,64188000000.0,322000000.0,53095000000.0,553905000000.0,,,,,,,,,,,3716000000.0,68662000000.0,40639000000.0,15596000000.0,,,,,636000000.0,-15440000000.0,15000000.0,,51899000000.0,40175000000.0,
2021-03-31,,,,,,,,,2892000000.0,607000000.0,2280000000.0,1.45,1.45,1502000000.0,1503000000.0,,,,,1300000000.0,,,,,3388000000.0,9905000000.0,3462000000.0,,553375000000.0,,,,,,,,,501067000000.0,65740000000.0,-2095000000.0,51678000000.0,553375000000.0,,,,,,,,,,,937000000.0,36182000000.0,12550000000.0,1062000000.0,,,,,-106000000.0,-19466000000.0,17000000.0,,-550000000.0,-19079000000.0,
2021-06-30,,,,,,,,,5431000000.0,1158000000.0,4262000000.0,2.73,2.73,1495000000.0,1497000000.0,,,,,862000000.0,,,,,3295000000.0,9911000000.0,3363000000.0,,558886000000.0,,,,,,,,,505212000000.0,67039000000.0,-1202000000.0,53039000000.0,558886000000.0,,,,,,,,,,,6520000000.0,54911000000.0,23685000000.0,5567000000.0,,,,,367000000.0,-25356000000.0,36000000.0,,829000000.0,-18007000000.0,
2021-09-30,,,,,,,,,8029000000.0,1722000000.0,6290000000.0,4.04,4.04,1491000000.0,1492000000.0,,,,,946000000.0,,,,,3262000000.0,9996000000.0,3528000000.0,,567495000000.0,,,,,,,,,513117000000.0,68297000000.0,-1792000000.0,53743000000.0,567495000000.0,,,,,,,,,,,9167000000.0,62764000000.0,33740000000.0,13383000000.0,,,,,-120000000.0,-15769000000.0,38000000.0,,7926000000.0,1324000000.0,
2021-12-31,,,,,,,,,10166000000.0,2181000000.0,7963000000.0,5.11,5.1,1489000000.0,1490000000.0,,,,,785000000.0,,,,,3305000000.0,10262000000.0,3738000000.0,,573284000000.0,,,,,,,,,517897000000.0,69201000000.0,-1943000000.0,54918000000.0,573284000000.0,,,,,,,,,,,9870000000.0,99045000000.0,41199000000.0,16075000000.0,,,,,-3000000.0,-57487000000.0,43000000.0,,13942000000.0,-33675000000.0,
2022-03-31,,,,,,,,,1955000000.0,397000000.0,1557000000.0,0.99,0.99,1485000000.0,1486000000.0,,,,,2600000000.0,,,,,3207000000.0,10250000000.0,4194000000.0,,586517000000.0,,,,,,,,,534849000000.0,69987000000.0,-6938000000.0,51200000000.0,586517000000.0,,,,,,,,,,,8477000000.0,15989000000.0,5498000000.0,12527000000.0,,,,,452000000.0,-7364000000.0,15000000.0,,14285000000.0,15398000000.0,
2022-06-30,,,,,,,,,3903000000.0,811000000.0,3088000000.0,1.97,1.97,1486000000.0,1487000000.0,,,,,3600000000.0,,,,,3177000000.0,10157000000.0,4487000000.0,,591381000000.0,,,,,,,,,542312000000.0,70772000000.0,-10361000000.0,48605000000.0,591381000000.0,,,,,,,,,,,10726000000.0,18240000000.0,9665000000.0,14797000000.0,,,,,1604000000.0,-19516000000.0,16000000.0,,19009000000.0,10219000000.0,
2022-09-30,,,,,,,,,6200000000.0,1292000000.0,4900000000.0,3.13,3.13,1486000000.0,1486000000.0,,,,,4400000000.0,,,,,3155000000.0,10125000000.0,4604000000.0,,600973000000.0,,,,,,,,,552995000000.0,71782000000.0,-12500000000.0,47513000000.0,600973000000.0,,,,,,,,,,,14231000000.0,19377000000.0,12407000000.0,15392000000.0,,,,,3407000000.0,-27077000000.0,16000000.0,,25593000000.0,12747000000.0,
2022-12-31,,,,,,,,,7301000000.0,1463000000.0,5825000000.0,3.69,3.69,1489000000.0,1490000000.0,,,,,6294000000.0,,,,,3858000000.0,12373000000.0,7155000000.0,,674805000000.0,,,,,,,,,623573000000.0,71901000000.0,-11407000000.0,50766000000.0,674805000000.0,,,,,,,,,,,21119000000.0,24592000000.0,14927000000.0,36391000000.0,,,,,5392000000.0,7500000000.0,21000000.0,,-3982000000.0,24637000000.0,
2023-03-31,,,,,,,,,2159000000.0,455000000.0,1698000000.0,1.04,1.04,1532000000.0,1532000000.0,,,,,6000000000.0,,,,,3735000000.0,12560000000.0,6883000000.0,,682377000000.0,,,,,,,,,628923000000.0,72807000000.0,-10153000000.0,52989000000.0,682377000000.0,,,,,,,,,,,842000000.0,217000000.0,1407000000.0,7720000000.0,,,,,2912000000.0,4943000000.0,6000000.0,,6901000000.0,12686000000.0,
2023-06-30,,,,,,,,,3910000000.0,837000000.0,3059000000.0,1.87,1.87,1533000000.0,1533000000.0,,,,,6100000000.0,,,,,3695000000.0,12486000000.0,6634000000.0,,680825000000.0,,,,,,,,,627341000000.0,73355000000.0,-10718000000.0,53019000000.0,680825000000.0,,,,,,,,,,,4158000000.0,2790000000.0,3048000000.0,8135000000.0,,,,,1416000000.0,11489000000.0,6000000.0,,1453000000.0,17100000000.0,
2023-09-30,21382000000.0,,,,,,,,5865000000.0,1268000000.0,4582000000.0,2.79,2.79,1548000000.0,1549000000.0,,,,,6700000000.0,,,,,3616000000.0,12472000000.0,6435000000.0,,668039000000.0,,,,,,,,,614461000000.0,74023000000.0,-12255000000.0,53113000000.0,668039000000.0,,,,,,,,,,,8031000000.0,4857000000.0,4828000000.0,8135000000.0,,,,,736000000.0,17125000000.0,942000000.0,,-14344000000.0,10812000000.0,
2023-12-31,28144000000.0,,,,,,,,6865000000.0,1407000000.0,5429000000.0,3.27,3.27,1543000000.0,1543000000.0,,,,,6390000000.0,,,,,,12489000000.0,6084000000.0,,663491000000.0,,,,,,,,,607720000000.0,74026000000.0,-10096000000.0,55306000000.0,663491000000.0,,,,,,,,,,,8447000000.0,8342000000.0,6314000000.0,11209000000.0,,,,,1184000000.0,18925000000.0,951000000.0,,-19722000000.0,7650000000.0,
2024-03-31,6715000000.0,,,,,,,,1673000000.0,347000000.0,1319000000.0,0.78,0.78,1559000000.0,1559000000.0,,,,,6300000000.0,,,,,,12479000000.0,6031000000.0,,683606000000.0,,,,,,,,,627573000000.0,74473000000.0,-10353000000.0,55568000000.0,683606000000.0,,,,,,,,,,,2661000000.0,4851000000.0,1412000000.0,172000000.0,,,,,232000000.0,-4953000000.0,13000000.0,,18085000000.0,15793000000.0,
2024-06-30,13582000000.0,,,,,,,,3729000000.0,792000000.0,2922000000.0,1.75,1.75,1560000000.0,1561000000.0,,,,,6300000000.0,,,,,,12476000000.0,5757000000.0,,680058000000.0,,,,,,,,,623173000000.0,75231000000.0,-10308000000.0,56420000000.0,680058000000.0,,,,,,,,,,,5535000000.0,14085000000.0,2949000000.0,648000000.0,,,,,386000000.0,-13281000000.0,14000000.0,,12386000000.0,4640000000.0,
2024-09-30,20446000000.0,,,,,,,,5801000000.0,1142000000.0,4636000000.0,2.77,2.77,1561000000.0,1561000000.0,,,,,5600000000.0,,,,,,12573000000.0,5488000000.0,,686469000000.0,,,,,,,,,627148000000.0,76057000000.0,-8746000000.0,58859000000.0,686469000000.0,,,,,,,,,,,6507000000.0,23185000000.0,4537000000.0,9867000000.0,,103000000.0,,,1294000000.0,-11659000000.0,22000000.0,,17522000000.0,12370000000.0,
