Date,Net sales,Cost of sales,Gross margin,Research and development,"Selling, general and administrative",Total operating expenses,Operating income,"Other income/(expense), net",Income before provision for income taxes,Provision for income taxes,Net income,Earnings per share basic,Earnings per share diluted,Weighted-average basic,Weighted-average diluted,Cash and cash equivalents,Short-term marketable securities,"Accounts receivable, net",Inventories,Deferred tax assets,Vendor non-trade receivables,Other current assets,Total current assets,Long-term marketable securities,"Property, Plant and Equipment, Net",Goodwill,"Acquired intangible assets, net","Other Assets, Noncurrent",Total assets,accounts payable,Accrued expenses,Deferred revenue,Total current liabilities,Deferred revenue - non-current,deferred tax liabilities,long term taxes payable,Total other non-current liabilities,Total liabilities,Retained Earnings (Accumulated Deficit),Accumulated other comprehensive (loss)/income,Total shareholders equity,Total liabilities and shareholders' equity,"Depreciation, amortization and accretion",Stock-based compensation expense,Deferred income tax expense,"Increase (Decrease) in Accounts receivable, net",Increase (Decrease) in Inventories,Increase (Decrease) in Other Receivables,Increase (Decrease) in Other Operating Assets,Increase (Decrease) in Accounts Payable,Increase (Decrease) in Deferred Revenue,Increase (Decrease) Other liabilities,Cash generated by operating activities,Purchases of marketable securities,Proceeds from maturities of marketable securities,Proceeds from sales of marketable securities,Purchases of other long-term investments,"Business acquisitions, net of cash acquired",Cash payments for capital asset purchases,Payments for acquisition of intangible assets,Payments for (Proceeds from) Other Investing Activities,Cash used in investing activities,Proceeds from issuance of common stock,Excess tax benefits from stock-based compensation,Cash generated/used in financing activities,Increase/(decrease) in cash and cash equivalents,"Cash paid for income taxes, net"
2009-12-31,1960000000.0,,,,,743000000.0,1217000000.0,-9000000.0,,445000000.0,763000000.0,,,,,4160000000.0,25000000.0,536000000.0,,595000000.0,,212000000.0,8753000000.0,159000000.0,1203000000.0,10208000000.0,10883000000.0,120000000.0,31715000000.0,87000000.0,883000000.0,,3637000000.0,,3806000000.0,,494000000.0,8238000000.0,2691000000.0,-175000000.0,23472000000.0,31715000000.0,,32000000.0,102000000.0,92000000.0,,,-137000000.0,-69000000.0,,,-29000000.0,,,,1000000.0,,37000000.0,,,22000000.0,,5000000.0,-452000000.0,-457000000.0,25000000.0
2010-03-31,3919000000.0,,,,,1580000000.0,2339000000.0,-18000000.0,,846000000.0,1476000000.0,,,,,4560000000.0,22000000.0,502000000.0,,470000000.0,,413000000.0,9115000000.0,154000000.0,1183000000.0,10208000000.0,10883000000.0,186000000.0,32068000000.0,78000000.0,698000000.0,,3537000000.0,,3808000000.0,,502000000.0,8081000000.0,3199000000.0,-99000000.0,23983000000.0,32068000000.0,,61000000.0,185000000.0,58000000.0,,,141000000.0,-78000000.0,,,580000000.0,1000000.0,,,1000000.0,,79000000.0,,,52000000.0,,8000000.0,-695000000.0,-57000000.0,759000000.0
2010-06-30,5948000000.0,,,,,2472000000.0,3476000000.0,-33000000.0,,1252000000.0,2192000000.0,,,,,5205000000.0,29000000.0,501000000.0,,448000000.0,,284000000.0,9850000000.0,128000000.0,1185000000.0,10208000000.0,10883000000.0,192000000.0,32696000000.0,94000000.0,707000000.0,,3482000000.0,,3798000000.0,,569000000.0,8016000000.0,3822000000.0,-82000000.0,24676000000.0,32696000000.0,,95000000.0,190000000.0,57000000.0,,,27000000.0,-62000000.0,,,1798000000.0,1000000.0,,,3000000.0,,144000000.0,,,-10000000.0,,13000000.0,-1202000000.0,588000000.0,977000000.0
2010-09-30,8065000000.0,,,,,3476000000.0,4589000000.0,49000000.0,,1674000000.0,2966000000.0,,,,,3867000000.0,124000000.0,476000000.0,,-3558000000.0,,30000000.0,8734000000.0,24000000.0,1357000000.0,11447000000.0,11478000000.0,197000000.0,33408000000.0,137000000.0,625000000.0,,3498000000.0,,4181000000.0,423000000.0,617000000.0,8394000000.0,4368000000.0,-151000000.0,25011000000.0,33408000000.0,,131000000.0,249000000.0,7000000.0,,,41000000.0,-21000000.0,,,2691000000.0,11000000.0,,,17000000.0,1805000000.0,241000000.0,,,-1904000000.0,,14000000.0,-1542000000.0,-750000000.0,1291000000.0
2010-12-31,2238000000.0,,,,,872000000.0,1366000000.0,16000000.0,,498000000.0,884000000.0,,,,,3684000000.0,132000000.0,527000000.0,,545000000.0,,,9355000000.0,13000000.0,1380000000.0,11447000000.0,11463000000.0,217000000.0,33989000000.0,95000000.0,920000000.0,,3679000000.0,,4186000000.0,,551000000.0,8445000000.0,5023000000.0,-150000000.0,25541000000.0,33989000000.0,,48000000.0,82000000.0,51000000.0,,,-57000000.0,-42000000.0,,,1006000000.0,,,,,,75000000.0,,,-73000000.0,,7000000.0,-1121000000.0,-183000000.0,29000000.0
2011-03-31,4483000000.0,,,,,1734000000.0,2749000000.0,10000000.0,,995000000.0,1765000000.0,,,,,3512000000.0,131000000.0,538000000.0,,497000000.0,,,9606000000.0,7000000.0,1453000000.0,11588000000.0,11464000000.0,189000000.0,34422000000.0,86000000.0,780000000.0,,3465000000.0,,4205000000.0,,573000000.0,8268000000.0,5707000000.0,-139000000.0,26151000000.0,34422000000.0,,90000000.0,129000000.0,62000000.0,,,188000000.0,-51000000.0,,,1609000000.0,,,,,162000000.0,147000000.0,,,-196000000.0,,8000000.0,-1779000000.0,-355000000.0,1015000000.0
2011-06-30,6805000000.0,,,,,2711000000.0,4094000000.0,208000000.0,,1534000000.0,2770000000.0,,,,,3600000000.0,155000000.0,551000000.0,,507000000.0,,,9516000000.0,7000000.0,1510000000.0,11668000000.0,11453000000.0,184000000.0,34447000000.0,93000000.0,611000000.0,,3531000000.0,,4254000000.0,,588000000.0,8395000000.0,6130000000.0,-136000000.0,26050000000.0,34447000000.0,,122000000.0,169000000.0,70000000.0,,,-30000000.0,-47000000.0,,,3004000000.0,50000000.0,,,10000000.0,268000000.0,236000000.0,,,-425000000.0,,12000000.0,-2854000000.0,-267000000.0,1251000000.0
2011-09-30,9188000000.0,,,,,3732000000.0,5456000000.0,200000000.0,5656000000.0,2010000000.0,3650000000.0,,,,,2127000000.0,1214000000.0,560000000.0,,-3716000000.0,,27000000.0,9190000000.0,711000000.0,1541000000.0,11668000000.0,11436000000.0,129000000.0,34760000000.0,169000000.0,562000000.0,,3451000000.0,,4205000000.0,468000000.0,667000000.0,8323000000.0,6706000000.0,-176000000.0,26437000000.0,34760000000.0,,154000000.0,164000000.0,79000000.0,,,1000000.0,29000000.0,,,3872000000.0,1910000000.0,,,13000000.0,268000000.0,353000000.0,,,-2299000000.0,,18000000.0,-3304000000.0,-1740000000.0,1731000000.0
2011-12-31,2547000000.0,,,,,929000000.0,1618000000.0,-1000000.0,,590000000.0,1029000000.0,,,,,1942000000.0,734000000.0,629000000.0,,461000000.0,,,9978000000.0,899000000.0,1542000000.0,11668000000.0,11454000000.0,121000000.0,35768000000.0,87000000.0,886000000.0,,3537000000.0,,4212000000.0,,718000000.0,8467000000.0,7544000000.0,-172000000.0,,35768000000.0,,38000000.0,34000000.0,69000000.0,,,-122000000.0,-82000000.0,,,1286000000.0,933000000.0,,,2000000.0,,66000000.0,35000000.0,,194000000.0,,18000000.0,-1665000000.0,-185000000.0,57000000.0
2012-06-30,7690000000.0,,,,,7073000000.0,-2607000000.0,2000000.0,,-768000000.0,-1839000000.0,,,,,1558000000.0,682000000.0,793000000.0,,1645000000.0,,,10899000000.0,2923000000.0,1581000000.0,11681000000.0,11437000000.0,123000000.0,38741000000.0,111000000.0,574000000.0,,7854000000.0,,3944000000.0,,785000000.0,12583000000.0,6411000000.0,-175000000.0,,38741000000.0,,112000000.0,-1427000000.0,231000000.0,,,35000000.0,-58000000.0,,,3640000000.0,3326000000.0,,,9000000.0,3000000.0,235000000.0,35000000.0,,-1943000000.0,,42000000.0,-2262000000.0,-569000000.0,1575000000.0
2012-09-30,10421000000.0,,,,,8282000000.0,2139000000.0,68000000.0,,65000000.0,2144000000.0,,,,,2074000000.0,677000000.0,723000000.0,,-2031000000.0,,40000000.0,11786000000.0,3283000000.0,1634000000.0,11681000000.0,11420000000.0,151000000.0,40013000000.0,152000000.0,584000000.0,,7954000000.0,,4058000000.0,171000000.0,371000000.0,12383000000.0,7809000000.0,-171000000.0,,40013000000.0,,147000000.0,-1690000000.0,161000000.0,,,26000000.0,-17000000.0,,,5009000000.0,4140000000.0,,,12000000.0,3000000.0,376000000.0,,,-2414000000.0,,71000000.0,-2655000000.0,-53000000.0,2057000000.0
2012-12-31,2846000000.0,,,,,1046000000.0,1800000000.0,1000000.0,,508000000.0,1293000000.0,,,,,1334000000.0,1377000000.0,801000000.0,,389000000.0,,,7387000000.0,3401000000.0,1641000000.0,11681000000.0,11403000000.0,306000000.0,35859000000.0,114000000.0,578000000.0,,3747000000.0,,4057000000.0,,467000000.0,8271000000.0,7997000000.0,-137000000.0,,35859000000.0,,48000000.0,1622000000.0,78000000.0,,,228000000.0,1000000.0,,,-2824000000.0,1184000000.0,,,,,100000000.0,,,-865000000.0,,50000000.0,2949000000.0,-740000000.0,45000000.0
2013-03-31,5804000000.0,,,,,2144000000.0,3660000000.0,-3000000.0,,1095000000.0,2563000000.0,,,,,1377000000.0,1270000000.0,802000000.0,,421000000.0,,,6914000000.0,2974000000.0,1674000000.0,11681000000.0,11385000000.0,331000000.0,35059000000.0,118000000.0,599000000.0,,3539000000.0,,4046000000.0,,579000000.0,8164000000.0,7723000000.0,-133000000.0,,35059000000.0,,98000000.0,1580000000.0,79000000.0,,,327000000.0,-15000000.0,,,-1180000000.0,1854000000.0,,,,,211000000.0,,,-449000000.0,,56000000.0,932000000.0,-697000000.0,421000000.0
2013-06-30,8805000000.0,,,,,3317000000.0,5488000000.0,5000000.0,,1703000000.0,3788000000.0,,,,,1453000000.0,1822000000.0,779000000.0,,429000000.0,,,6941000000.0,3189000000.0,1689000000.0,11681000000.0,11368000000.0,332000000.0,35285000000.0,131000000.0,628000000.0,,3671000000.0,,4043000000.0,,568000000.0,8282000000.0,7989000000.0,-116000000.0,,35285000000.0,,139000000.0,1562000000.0,56000000.0,,,310000000.0,5000000.0,,,977000000.0,2789000000.0,,,,0.0,333000000.0,,,-1354000000.0,,64000000.0,-244000000.0,-621000000.0,478000000.0
2013-09-30,11778000000.0,,,,,4539000000.0,7239000000.0,18000000.0,,2277000000.0,4980000000.0,,,,,2186000000.0,1994000000.0,761000000.0,,-3668000000.0,,53000000.0,7822000000.0,2760000000.0,1732000000.0,11681000000.0,11351000000.0,521000000.0,35956000000.0,184000000.0,613000000.0,,4335000000.0,,4149000000.0,453000000.0,602000000.0,9086000000.0,7974000000.0,21000000.0,,35956000000.0,,179000000.0,1527000000.0,38000000.0,,,543000000.0,40000000.0,,,3022000000.0,3164000000.0,,,3000000.0,0.0,471000000.0,,,-1164000000.0,,74000000.0,-1746000000.0,112000000.0,595000000.0
2013-12-31,3155000000.0,,,,,1078000000.0,2077000000.0,6000000.0,,676000000.0,1407000000.0,,,,,2121000000.0,1880000000.0,840000000.0,,466000000.0,,,7765000000.0,3040000000.0,1746000000.0,11681000000.0,11334000000.0,584000000.0,36248000000.0,101000000.0,947000000.0,,4385000000.0,,4160000000.0,539000000.0,689000000.0,9234000000.0,8269000000.0,43000000.0,,36248000000.0,,45000000.0,19000000.0,79000000.0,,,199000000.0,-80000000.0,,,1541000000.0,754000000.0,,,2000000.0,,120000000.0,,,-276000000.0,,54000000.0,-1330000000.0,-65000000.0,96000000.0
2014-03-31,6318000000.0,,,,,2193000000.0,4125000000.0,19000000.0,,1139000000.0,3005000000.0,,,,,1820000000.0,1592000000.0,832000000.0,,850000000.0,,,8507000000.0,3066000000.0,1760000000.0,11681000000.0,11317000000.0,843000000.0,37263000000.0,114000000.0,582000000.0,,4961000000.0,,4146000000.0,741000000.0,861000000.0,9968000000.0,8714000000.0,26000000.0,,37263000000.0,,89000000.0,-375000000.0,71000000.0,,,459000000.0,-68000000.0,,,3470000000.0,1292000000.0,,,3000000.0,,217000000.0,,,-106000000.0,,68000000.0,-3730000000.0,-366000000.0,1392000000.0
2014-06-30,9473000000.0,,,,,3328000000.0,6145000000.0,29000000.0,,1809000000.0,4365000000.0,,,,,2058000000.0,1920000000.0,824000000.0,,830000000.0,,,9025000000.0,2798000000.0,1772000000.0,11741000000.0,11427000000.0,828000000.0,37675000000.0,101000000.0,610000000.0,,5314000000.0,,4170000000.0,758000000.0,905000000.0,10389000000.0,8909000000.0,-16000000.0,,37675000000.0,,130000000.0,-358000000.0,55000000.0,,,434000000.0,-86000000.0,,,5412000000.0,1842000000.0,,,3000000.0,134000000.0,326000000.0,,,-442000000.0,,82000000.0,-5098000000.0,-128000000.0,1943000000.0
2014-09-30,12702000000.0,,,,,5005000000.0,7697000000.0,27000000.0,,2286000000.0,5438000000.0,,,,,1971000000.0,1910000000.0,822000000.0,,-3109000000.0,,73000000.0,9562000000.0,3015000000.0,1892000000.0,11753000000.0,11411000000.0,855000000.0,38569000000.0,147000000.0,624000000.0,,6006000000.0,,4137000000.0,855000000.0,1005000000.0,11156000000.0,9131000000.0,-17000000.0,,38569000000.0,,172000000.0,-580000000.0,53000000.0,,,430000000.0,-56000000.0,,,7205000000.0,2572000000.0,,,9000000.0,149000000.0,553000000.0,,,-941000000.0,,90000000.0,-6478000000.0,-215000000.0,2656000000.0
2014-12-31,3382000000.0,,,,,1144000000.0,2238000000.0,24000000.0,,693000000.0,1569000000.0,,,,,2085000000.0,2417000000.0,900000000.0,,927000000.0,,,9864000000.0,3028000000.0,1861000000.0,11753000000.0,11395000000.0,896000000.0,38884000000.0,135000000.0,1049000000.0,,5798000000.0,,4139000000.0,861000000.0,1005000000.0,10942000000.0,9732000000.0,10000000.0,,38884000000.0,,45000000.0,97000000.0,78000000.0,,,141000000.0,10000000.0,,,1761000000.0,758000000.0,,,0.0,,104000000.0,,,-636000000.0,,58000000.0,-1012000000.0,114000000.0,57000000.0
2015-03-31,6791000000.0,,,,,2272000000.0,4519000000.0,25000000.0,4544000000.0,1425000000.0,3119000000.0,,,,,2039000000.0,2496000000.0,896000000.0,,838000000.0,,,10105000000.0,2779000000.0,1843000000.0,11753000000.0,11379000000.0,887000000.0,38835000000.0,81000000.0,701000000.0,,5443000000.0,,4131000000.0,860000000.0,1024000000.0,10598000000.0,10108000000.0,31000000.0,,38835000000.0,,93000000.0,173000000.0,74000000.0,,,467000000.0,-44000000.0,,,2739000000.0,1267000000.0,,,2000000.0,,202000000.0,,,-557000000.0,,70000000.0,-2115000000.0,68000000.0,1376000000.0
2015-06-30,10309000000.0,,,,,3528000000.0,6781000000.0,-94000000.0,6712000000.0,1896000000.0,4816000000.0,,,,,2147000000.0,2504000000.0,892000000.0,,834000000.0,,,10068000000.0,3300000000.0,1847000000.0,11825000000.0,11375000000.0,920000000.0,39429000000.0,89000000.0,806000000.0,,5789000000.0,,4134000000.0,716000000.0,879000000.0,10802000000.0,10623000000.0,-4000000.0,,39429000000.0,,139000000.0,196000000.0,64000000.0,,,342000000.0,-52000000.0,,,4850000000.0,2315000000.0,,,22000000.0,93000000.0,276000000.0,,,-1276000000.0,,78000000.0,-3399000000.0,176000000.0,1892000000.0
2015-09-30,13880000000.0,,,,,4816000000.0,9064000000.0,-69000000.0,,2667000000.0,6328000000.0,,,,,3518000000.0,2431000000.0,847000000.0,,-3260000000.0,,63000000.0,10892000000.0,3384000000.0,1888000000.0,11825000000.0,11361000000.0,776000000.0,40236000000.0,127000000.0,868000000.0,,5374000000.0,,4123000000.0,752000000.0,897000000.0,10394000000.0,11843000000.0,-74000000.0,,40236000000.0,,187000000.0,195000000.0,19000000.0,,,41000000.0,-13000000.0,,,6584000000.0,2850000000.0,,,25000000.0,93000000.0,414000000.0,,,-1435000000.0,,84000000.0,-3603000000.0,1547000000.0,2486000000.0
2015-12-31,3565000000.0,,,,,1169000000.0,2396000000.0,243000000.0,2639000000.0,698000000.0,1941000000.0,,,,,12837000000.0,8428000000.0,922000000.0,,,,,25473000000.0,3487000000.0,1884000000.0,11825000000.0,11348000000.0,832000000.0,54977000000.0,118000000.0,1009000000.0,,5357000000.0,,3344000000.0,771000000.0,923000000.0,25501000000.0,11701000000.0,-49000000.0,,54977000000.0,,39000000.0,45000000.0,75000000.0,,,-23000000.0,,,,1979000000.0,6803000000.0,,,8000000.0,,126000000.0,,,-6194000000.0,,36000000.0,13534000000.0,9319000000.0,79000000.0
2016-03-31,7191000000.0,,,,,2361000000.0,4830000000.0,250000000.0,5080000000.0,1432000000.0,3648000000.0,,,,,15943000000.0,3885000000.0,944000000.0,,,,,24303000000.0,3577000000.0,1883000000.0,11836000000.0,11335000000.0,852000000.0,54326000000.0,90000000.0,741000000.0,,5125000000.0,,3256000000.0,,938000000.0,25195000000.0,11582000000.0,-96000000.0,,54326000000.0,,97000000.0,-29000000.0,97000000.0,,,397000000.0,-34000000.0,,,2819000000.0,17437000000.0,,,9000000.0,,250000000.0,,,-1846000000.0,,43000000.0,11452000000.0,12425000000.0,1501000000.0
2016-06-30,10821000000.0,,,,,5563000000.0,5258000000.0,244000000.0,5502000000.0,1442000000.0,4060000000.0,,,,,5887000000.0,2796000000.0,1066000000.0,,,,,14374000000.0,3762000000.0,2136000000.0,15044000000.0,27078000000.0,936000000.0,63867000000.0,115000000.0,1195000000.0,,7783000000.0,,4977000000.0,,1192000000.0,31040000000.0,10334000000.0,-543000000.0,,63867000000.0,,152000000.0,-603000000.0,92000000.0,,,552000000.0,-35000000.0,,,3122000000.0,26883000000.0,,,9000000.0,,382000000.0,,,-10159000000.0,,51000000.0,9468000000.0,2369000000.0,2043000000.0
2016-09-30,15082000000.0,,,,,7199000000.0,7883000000.0,129000000.0,,2021000000.0,5991000000.0,,,,,5619000000.0,3248000000.0,1041000000.0,,2712000000.0,,122000000.0,14313000000.0,3931000000.0,2150000000.0,15066000000.0,27234000000.0,893000000.0,64035000000.0,203000000.0,1128000000.0,,8046000000.0,,,911000000.0,1162000000.0,31123000000.0,10462000000.0,-458000000.0,,64035000000.0,,221000000.0,-764000000.0,65000000.0,,,315000000.0,43000000.0,,,5574000000.0,28004000000.0,,,10000000.0,9082000000.0,523000000.0,,,-10916000000.0,,63000000.0,7477000000.0,2101000000.0,2842000000.0
2016-12-31,4461000000.0,,,,,1361000000.0,3100000000.0,-121000000.0,2979000000.0,909000000.0,2070000000.0,,,,,5824000000.0,3615000000.0,1120000000.0,,,,,14689000000.0,3802000000.0,2201000000.0,14892000000.0,26381000000.0,921000000.0,63370000000.0,118000000.0,1546000000.0,,10341000000.0,,4822000000.0,,1179000000.0,31644000000.0,10492000000.0,-1369000000.0,,63370000000.0,,45000000.0,77000000.0,89000000.0,,,-66000000.0,-102000000.0,,,2508000000.0,1032000000.0,,,2000000.0,,171000000.0,,,-417000000.0,,0.0,-1730000000.0,205000000.0,96000000.0
2017-03-31,8938000000.0,,,,,3030000000.0,5908000000.0,-227000000.0,5681000000.0,3181000000.0,2500000000.0,,,,,6427000000.0,1417000000.0,1081000000.0,,,,,15505000000.0,2882000000.0,2133000000.0,14825000000.0,26416000000.0,980000000.0,63227000000.0,120000000.0,1167000000.0,,10206000000.0,,5731000000.0,,1187000000.0,32444000000.0,9140000000.0,-980000000.0,,63227000000.0,,116000000.0,1700000000.0,40000000.0,,,301000000.0,-83000000.0,,,2904000000.0,1083000000.0,,,2000000.0,302000000.0,317000000.0,,,2268000000.0,,0.0,-4243000000.0,808000000.0,1611000000.0
2017-06-30,13503000000.0,,,,,4571000000.0,8932000000.0,-337000000.0,8595000000.0,4036000000.0,4559000000.0,,,,,7437000000.0,2674000000.0,1105000000.0,,,,,15718000000.0,2117000000.0,2202000000.0,15009000000.0,27322000000.0,1079000000.0,64000000000.0,130000000.0,940000000.0,,9511000000.0,,5888000000.0,,1257000000.0,32056000000.0,9299000000.0,118000000.0,,64000000000.0,,183000000.0,1715000000.0,34000000.0,,,192000000.0,-71000000.0,,,6441000000.0,1877000000.0,,,18000000.0,302000000.0,512000000.0,,,1587000000.0,,0.0,-6304000000.0,1818000000.0,2239000000.0
2017-09-30,18358000000.0,,,,,6214000000.0,12144000000.0,-450000000.0,11694000000.0,4995000000.0,6699000000.0,,,,,9874000000.0,3482000000.0,1132000000.0,,1307000000.0,,,19023000000.0,1926000000.0,2253000000.0,15110000000.0,27848000000.0,1226000000.0,67977000000.0,179000000.0,1129000000.0,,9994000000.0,,,1092000000.0,1321000000.0,35217000000.0,9508000000.0,878000000.0,,67977000000.0,,235000000.0,1698000000.0,54000000.0,,,252000000.0,-30000000.0,,,9208000000.0,3238000000.0,,,46000000.0,302000000.0,707000000.0,,,735000000.0,,0.0,-5924000000.0,4255000000.0,3038000000.0
2017-12-31,4862000000.0,,,,,1535000000.0,3327000000.0,-88000000.0,3239000000.0,717000000.0,2522000000.0,,,,,8138000000.0,3307000000.0,1281000000.0,,,,,17287000000.0,2674000000.0,2238000000.0,15162000000.0,28109000000.0,1127000000.0,67154000000.0,108000000.0,1224000000.0,,8363000000.0,,5107000000.0,,2332000000.0,33753000000.0,9966000000.0,1203000000.0,,67154000000.0,,68000000.0,-919000000.0,146000000.0,,,-92000000.0,-51000000.0,,,2762000000.0,1636000000.0,,,6000000.0,,141000000.0,,,-707000000.0,,,-3871000000.0,-1736000000.0,183000000.0
2018-03-31,9935000000.0,,,,,3272000000.0,6663000000.0,-207000000.0,6456000000.0,1329000000.0,5127000000.0,,,,,8142000000.0,3483000000.0,1259000000.0,,,,,18536000000.0,2602000000.0,2366000000.0,15372000000.0,28537000000.0,1063000000.0,69042000000.0,136000000.0,1241000000.0,,9551000000.0,,5110000000.0,,2287000000.0,34939000000.0,10192000000.0,1728000000.0,,69042000000.0,,153000000.0,-945000000.0,113000000.0,,,103000000.0,-26000000.0,,,5582000000.0,2342000000.0,,,16000000.0,196000000.0,354000000.0,,,-1137000000.0,,,-6383000000.0,-1732000000.0,1197000000.0
2018-06-30,15175000000.0,,,,,5627000000.0,9548000000.0,-280000000.0,9268000000.0,1812000000.0,7456000000.0,,,,,8505000000.0,3302000000.0,1220000000.0,,,,,18491000000.0,2835000000.0,2387000000.0,15204000000.0,27628000000.0,1085000000.0,68175000000.0,145000000.0,1099000000.0,,10934000000.0,,4802000000.0,,2494000000.0,34857000000.0,10426000000.0,741000000.0,,68175000000.0,,242000000.0,-1133000000.0,82000000.0,,,143000000.0,-18000000.0,,,9219000000.0,3354000000.0,,,35000000.0,196000000.0,523000000.0,,,-1305000000.0,,,-9194000000.0,-1369000000.0,1649000000.0
2018-09-30,20609000000.0,,,,,7655000000.0,12954000000.0,-148000000.0,12806000000.0,2505000000.0,10301000000.0,,,,,8162000000.0,3449000000.0,1208000000.0,,941000000.0,,,18216000000.0,4082000000.0,2472000000.0,15194000000.0,27558000000.0,1165000000.0,69225000000.0,183000000.0,1160000000.0,,11305000000.0,,,2400000000.0,2666000000.0,35219000000.0,11318000000.0,547000000.0,,69225000000.0,,327000000.0,-1287000000.0,70000000.0,,,160000000.0,3000000.0,,,12713000000.0,5772000000.0,,,50000000.0,196000000.0,718000000.0,,,-3084000000.0,,0.0,-11240000000.0,-1712000000.0,2285000000.0
2018-12-31,5506000000.0,,,,,1789000000.0,3717000000.0,-87000000.0,3630000000.0,653000000.0,2977000000.0,,,,,8289000000.0,,1405000000.0,,,,,20107000000.0,4132000000.0,2437000000.0,15149000000.0,27301000000.0,1265000000.0,71655000000.0,124000000.0,1487000000.0,,13389000000.0,,4835000000.0,,2703000000.0,37560000000.0,11908000000.0,275000000.0,,71655000000.0,,100000000.0,139000000.0,200000000.0,,,37000000.0,-46000000.0,,,3294000000.0,1124000000.0,,,22000000.0,,157000000.0,,,-70000000.0,,,-3018000000.0,138000000.0,168000000.0
2019-03-31,11000000000.0,,,,,3642000000.0,7358000000.0,-51000000.0,7307000000.0,1353000000.0,5954000000.0,,,,,7648000000.0,,1404000000.0,,,,,18490000000.0,3506000000.0,2456000000.0,15088000000.0,26966000000.0,1695000000.0,69865000000.0,119000000.0,1207000000.0,,11380000000.0,,4911000000.0,,2669000000.0,35590000000.0,12513000000.0,-86000000.0,,69865000000.0,,211000000.0,256000000.0,203000000.0,,,245000000.0,-48000000.0,,,5358000000.0,,,,236000000.0,0.0,313000000.0,,89000000.0,-396000000.0,,,-5486000000.0,-695000000.0,1381000000.0
2019-06-30,16840000000.0,,,,,5574000000.0,11266000000.0,-93000000.0,11173000000.0,2118000000.0,9055000000.0,,,,,7912000000.0,,1531000000.0,,,,,18305000000.0,2918000000.0,2549000000.0,15313000000.0,27272000000.0,2038000000.0,70249000000.0,150000000.0,1358000000.0,,10829000000.0,,,,2801000000.0,35254000000.0,13040000000.0,110000000.0,,70249000000.0,,321000000.0,234000000.0,319000000.0,,,172000000.0,-22000000.0,,,8742000000.0,,,,482000000.0,136000000.0,507000000.0,,21000000.0,413000000.0,,,-9401000000.0,-308000000.0,1992000000.0
2019-09-30,22977000000.0,,,,,7976000000.0,15001000000.0,-117000000.0,14884000000.0,2804000000.0,12080000000.0,,,,,7838000000.0,4110000000.0,1542000000.0,,698000000.0,,,20970000000.0,2200000000.0,2695000000.0,15656000000.0,26780000000.0,2232000000.0,72574000000.0,156000000.0,1625000000.0,,13415000000.0,,,2500000000.0,2939000000.0,37890000000.0,13502000000.0,-650000000.0,,72574000000.0,,407000000.0,214000000.0,333000000.0,,,310000000.0,-24000000.0,,,12784000000.0,2653000000.0,,,501000000.0,699000000.0,756000000.0,,-10000000.0,-591000000.0,,,-12061000000.0,-145000000.0,2648000000.0
2019-12-31,6054000000.0,,,,,2038000000.0,4016000000.0,-42000000.0,3974000000.0,702000000.0,3272000000.0,,,,,8768000000.0,,1661000000.0,,,,,22319000000.0,,2739000000.0,15767000000.0,27137000000.0,2619000000.0,74781000000.0,133000000.0,2045000000.0,,17579000000.0,,,,3434000000.0,39511000000.0,13899000000.0,-340000000.0,,74781000000.0,,116000000.0,-47000000.0,107000000.0,,,-123000000.0,-12000000.0,,,3875000000.0,400000000.0,,,9000000.0,77000000.0,191000000.0,,-36000000.0,562000000.0,,,-3133000000.0,1431000000.0,345000000.0
2020-03-31,11908000000.0,,,,,3968000000.0,7940000000.0,-137000000.0,7803000000.0,1447000000.0,6356000000.0,,,,,9740000000.0,,1516000000.0,,,,,19907000000.0,,2776000000.0,15755000000.0,27011000000.0,3197000000.0,72820000000.0,161000000.0,1998000000.0,,15942000000.0,,,,3604000000.0,38235000000.0,13366000000.0,-444000000.0,,72820000000.0,,215000000.0,-37000000.0,-38000000.0,,,496000000.0,14000000.0,,,5342000000.0,499000000.0,,,30000000.0,77000000.0,407000000.0,,-32000000.0,2441000000.0,,,-5887000000.0,1984000000.0,1691000000.0
2020-06-30,16745000000.0,,,,,5806000000.0,10939000000.0,-204000000.0,10735000000.0,2006000000.0,8729000000.0,,,,,13898000000.0,,1453000000.0,,,,,25011000000.0,,2746000000.0,15791000000.0,27188000000.0,3433000000.0,77884000000.0,153000000.0,2397000000.0,,16100000000.0,,,,3652000000.0,42360000000.0,14072000000.0,-279000000.0,,77884000000.0,,322000000.0,-116000000.0,-108000000.0,,,464000000.0,7000000.0,,,8344000000.0,549000000.0,,,254000000.0,77000000.0,568000000.0,,-76000000.0,2308000000.0,,,-4723000000.0,6102000000.0,1793000000.0
2020-09-30,21846000000.0,,,,,7765000000.0,14081000000.0,-291000000.0,13790000000.0,2924000000.0,10866000000.0,,,,,16289000000.0,3604000000.0,1618000000.0,,798000000.0,,,27645000000.0,231000000.0,2737000000.0,15910000000.0,27808000000.0,3413000000.0,80919000000.0,174000000.0,1840000000.0,,14510000000.0,,,2800000000.0,3891000000.0,44709000000.0,14088000000.0,354000000.0,,80919000000.0,,416000000.0,307000000.0,43000000.0,,,402000000.0,21000000.0,,,10440000000.0,2075000000.0,,,267000000.0,77000000.0,736000000.0,,-72000000.0,1427000000.0,,,-3968000000.0,8339000000.0,2671000000.0
2020-12-31,5687000000.0,,,,,1843000000.0,3844000000.0,-96000000.0,3748000000.0,622000000.0,3126000000.0,,,,,15032000000.0,,1746000000.0,,,,,26280000000.0,,2713000000.0,16121000000.0,28593000000.0,3366000000.0,80426000000.0,131000000.0,2230000000.0,,12390000000.0,,,,3959000000.0,42747000000.0,14813000000.0,1154000000.0,,80426000000.0,,122000000.0,5000000.0,108000000.0,,,-235000000.0,-39000000.0,,,3513000000.0,1315000000.0,,,18000000.0,75000000.0,160000000.0,,-44000000.0,639000000.0,,,-5572000000.0,-1116000000.0,252000000.0
2021-03-31,11416000000.0,,,,,3991000000.0,7425000000.0,-49000000.0,7376000000.0,1224000000.0,6152000000.0,,,,,16494000000.0,,1791000000.0,,,,,26901000000.0,,2684000000.0,15980000000.0,27823000000.0,3445000000.0,80195000000.0,126000000.0,2088000000.0,,12711000000.0,,,,3602000000.0,42499000000.0,15513000000.0,372000000.0,,80195000000.0,,275000000.0,-27000000.0,165000000.0,,,116000000.0,-41000000.0,,,6842000000.0,2015000000.0,,,30000000.0,75000000.0,318000000.0,,-41000000.0,1474000000.0,,,-7945000000.0,387000000.0,1505000000.0
2021-06-30,17546000000.0,,,,,6057000000.0,11489000000.0,325000000.0,11765000000.0,3038000000.0,8727000000.0,,,,,18034000000.0,,1852000000.0,,,,,28042000000.0,,2707000000.0,16021000000.0,28023000000.0,3548000000.0,82671000000.0,172000000.0,2196000000.0,,14023000000.0,,,,3622000000.0,44881000000.0,15294000000.0,601000000.0,,82671000000.0,,434000000.0,981000000.0,220000000.0,,,164000000.0,1000000.0,,,11256000000.0,3223000000.0,,,50000000.0,75000000.0,497000000.0,,-105000000.0,1546000000.0,,,-10791000000.0,2103000000.0,2134000000.0
2021-09-30,24105000000.0,,,,,8301000000.0,15804000000.0,259000000.0,16063000000.0,3752000000.0,12311000000.0,,,,,16487000000.0,,1968000000.0,,1046000000.0,,,27607000000.0,,2715000000.0,15958000000.0,27664000000.0,4002000000.0,82896000000.0,266000000.0,2334000000.0,,15739000000.0,,,2400000000.0,3462000000.0,45307000000.0,15351000000.0,436000000.0,,82896000000.0,,542000000.0,871000000.0,343000000.0,,,147000000.0,88000000.0,,,15227000000.0,5111000000.0,,,71000000.0,75000000.0,705000000.0,,-109000000.0,-152000000.0,,,-14410000000.0,628000000.0,3012000000.0
2021-12-31,7059000000.0,,,,,2283000000.0,4776000000.0,121000000.0,4897000000.0,938000000.0,3959000000.0,,,,,14720000000.0,,2168000000.0,,,,,25906000000.0,,2908000000.0,16555000000.0,27272000000.0,3911000000.0,81929000000.0,252000000.0,2965000000.0,,18568000000.0,,,,3416000000.0,45735000000.0,14606000000.0,-72000000.0,,81929000000.0,,128000000.0,-15000000.0,213000000.0,,,163000000.0,-9000000.0,,,4232000000.0,951000000.0,,,37000000.0,832000000.0,173000000.0,,-72000000.0,-547000000.0,,,-4967000000.0,-1476000000.0,268000000.0
2022-03-31,14248000000.0,,,,,4670000000.0,9578000000.0,-260000000.0,9439000000.0,1833000000.0,7606000000.0,,,,,12299000000.0,,2135000000.0,,,,,24091000000.0,,3120000000.0,18143000000.0,27006000000.0,3896000000.0,81808000000.0,182000000.0,3172000000.0,,18702000000.0,,,,3557000000.0,45819000000.0,14651000000.0,-405000000.0,,81808000000.0,,318000000.0,21000000.0,173000000.0,,,291000000.0,-75000000.0,,,7721000000.0,1948000000.0,,,55000000.0,1945000000.0,440000000.0,,-81000000.0,-2332000000.0,,,-8367000000.0,-3283000000.0,2107000000.0
2022-06-30,21523000000.0,,,,,7797000000.0,13726000000.0,-458000000.0,13268000000.0,2251000000.0,11017000000.0,,,,,14047000000.0,,2021000000.0,,,,,28971000000.0,,3146000000.0,17977000000.0,26093000000.0,3662000000.0,85410000000.0,228000000.0,3303000000.0,,20309000000.0,,,,3387000000.0,49927000000.0,14960000000.0,-1267000000.0,,85410000000.0,,470000000.0,-203000000.0,80000000.0,,,455000000.0,-29000000.0,,,12973000000.0,4415000000.0,,,68000000.0,1945000000.0,675000000.0,,-128000000.0,-4395000000.0,,,-8656000000.0,-803000000.0,2891000000.0
2022-09-30,29310000000.0,,,,,10497000000.0,18813000000.0,-677000000.0,18136000000.0,3179000000.0,14957000000.0,,,,,15689000000.0,,2020000000.0,,1167000000.0,,,30205000000.0,,3223000000.0,17787000000.0,25065000000.0,3737000000.0,85501000000.0,340000000.0,3726000000.0,,20853000000.0,,,2300000000.0,3535000000.0,49920000000.0,16116000000.0,-2369000000.0,,85501000000.0,,602000000.0,-336000000.0,97000000.0,,,666000000.0,67000000.0,,,18849000000.0,5997000000.0,,,86000000.0,1948000000.0,970000000.0,,-128000000.0,-4288000000.0,,,-12696000000.0,578000000.0,3741000000.0
2022-12-31,7936000000.0,,,,,2846000000.0,5090000000.0,-113000000.0,4977000000.0,798000000.0,4179000000.0,,,,,13334000000.0,,2113000000.0,,,,,27859000000.0,,3236000000.0,18024000000.0,26307000000.0,3569000000.0,85387000000.0,258000000.0,3940000000.0,,19353000000.0,,,,3180000000.0,48463000000.0,16403000000.0,-1259000000.0,,85387000000.0,,177000000.0,-132000000.0,60000000.0,,,-160000000.0,-64000000.0,,,4171000000.0,1995000000.0,,,20000000.0,0.0,249000000.0,,-42000000.0,-510000000.0,,,-6347000000.0,-1994000000.0,721000000.0
2023-03-31,15921000000.0,,,,,5495000000.0,10426000000.0,-171000000.0,10255000000.0,1819000000.0,8436000000.0,,,,,13842000000.0,,2122000000.0,,,,,28657000000.0,,3359000000.0,18078000000.0,26574000000.0,3510000000.0,86755000000.0,280000000.0,3626000000.0,,19097000000.0,,,,3025000000.0,48190000000.0,17610000000.0,-990000000.0,,86755000000.0,,400000000.0,-154000000.0,67000000.0,,,77000000.0,-48000000.0,,,8031000000.0,2487000000.0,,,70000000.0,0.0,459000000.0,,-19000000.0,-835000000.0,,,-9273000000.0,-1249000000.0,2635000000.0
2023-06-30,24044000000.0,,,,,8594000000.0,15450000000.0,122000000.0,15401000000.0,2809000000.0,12592000000.0,,,,,15590000000.0,,2282000000.0,,,,,31670000000.0,,3370000000.0,18082000000.0,26576000000.0,3603000000.0,89234000000.0,281000000.0,4075000000.0,,21230000000.0,,,,3083000000.0,50253000000.0,17908000000.0,-978000000.0,,89234000000.0,,591000000.0,-253000000.0,228000000.0,,,66000000.0,-51000000.0,,,13828000000.0,2817000000.0,,,81000000.0,0.0,754000000.0,,-22000000.0,-818000000.0,,,-13192000000.0,662000000.0,3013000000.0
2023-09-30,32653000000.0,,,,,11653000000.0,21000000000.0,37000000.0,21037000000.0,3764000000.0,17273000000.0,,,,,16286000000.0,,2291000000.0,,1553000000.0,,,33532000000.0,,3425000000.0,17997000000.0,26104000000.0,3731000000.0,90499000000.0,375000000.0,5015000000.0,,23098000000.0,,,1900000000.0,3091000000.0,51766000000.0,18040000000.0,-1317000000.0,,90499000000.0,,765000000.0,-483000000.0,250000000.0,,,24000000.0,34000000.0,,,20755000000.0,4363000000.0,,,121000000.0,0.0,1059000000.0,,25000000.0,-2006000000.0,,,-17772000000.0,1613000000.0,3433000000.0
2023-12-31,8634000000.0,,,,,2680000000.0,5954000000.0,88000000.0,6042000000.0,1152000000.0,4890000000.0,,,,,13591000000.0,,2506000000.0,,,,,32732000000.0,,3472000000.0,18120000000.0,26739000000.0,3596000000.0,91409000000.0,348000000.0,5077000000.0,,22634000000.0,,,,3064000000.0,51676000000.0,18422000000.0,-655000000.0,,91409000000.0,,209000000.0,59000000.0,195000000.0,,,204000000.0,-18000000.0,,,3614000000.0,2743000000.0,,,11000000.0,,267000000.0,,5000000.0,-1889000000.0,,,-4379000000.0,-2354000000.0,1503000000.0
2024-03-31,17409000000.0,,,,,6101000000.0,11308000000.0,247000000.0,11555000000.0,2002000000.0,9553000000.0,,,,,12993000000.0,,2272000000.0,,,,,32775000000.0,,3630000000.0,18837000000.0,26375000000.0,3692000000.0,92399000000.0,338000000.0,4386000000.0,,23443000000.0,,,,2723000000.0,51914000000.0,19347000000.0,-998000000.0,,92399000000.0,,451000000.0,-68000000.0,-34000000.0,,,258000000.0,-25000000.0,,,8152000000.0,3686000000.0,,,14000000.0,915000000.0,548000000.0,,47000000.0,-3065000000.0,,,-8253000000.0,-3042000000.0,3658000000.0
2024-06-30,26309000000.0,,,,,9063000000.0,17246000000.0,298000000.0,17544000000.0,3119000000.0,14425000000.0,,,,,12947000000.0,,2521000000.0,,,,,31039000000.0,,3766000000.0,18816000000.0,26243000000.0,4006000000.0,91040000000.0,331000000.0,4732000000.0,,22612000000.0,,,,2978000000.0,51311000000.0,18578000000.0,-1060000000.0,,91040000000.0,,662000000.0,-99000000.0,214000000.0,,,173000000.0,-27000000.0,,,13286000000.0,4443000000.0,,,19000000.0,915000000.0,948000000.0,,51000000.0,-2510000000.0,,,-13564000000.0,-2714000000.0,4699000000.0
2024-09-30,35926000000.0,,,,,12331000000.0,23595000000.0,321000000.0,23916000000.0,4173000000.0,19743000000.0,,,,,11975000000.0,,2561000000.0,,1641000000.0,,,34033000000.0,,3824000000.0,18941000000.0,26889000000.0,3651000000.0,94511000000.0,479000000.0,4909000000.0,,26517000000.0,,,1400000000.0,2720000000.0,55374000000.0,17289000000.0,-308000000.0,,94511000000.0,,850000000.0,-100000000.0,237000000.0,,,199000000.0,109000000.0,,,19950000000.0,4443000000.0,,,231000000.0,915000000.0,1257000000.0,,93000000.0,-1926000000.0,,,-20633000000.0,-2227000000.0,5775000000.0
