Date,Net sales,Cost of sales,Gross margin,Research and development,"Selling, general and administrative",Total operating expenses,Operating income,"Other income/(expense), net",Income before provision for income taxes,Provision for income taxes,Net income,Earnings per share basic,Earnings per share diluted,Weighted-average basic,Weighted-average diluted,Cash and cash equivalents,Short-term marketable securities,"Accounts receivable, net",Inventories,Deferred tax assets,Vendor non-trade receivables,Other current assets,Total current assets,Long-term marketable securities,"Property, Plant and Equipment, Net",Goodwill,"Acquired intangible assets, net","Other Assets, Noncurrent",Total assets,accounts payable,Accrued expenses,Deferred revenue,Total current liabilities,Deferred revenue - non-current,deferred tax liabilities,long term taxes payable,Total other non-current liabilities,Total liabilities,Retained Earnings (Accumulated Deficit),Accumulated other comprehensive (loss)/income,Total shareholders equity,Total liabilities and shareholders' equity,"Depreciation, amortization and accretion",Stock-based compensation expense,Deferred income tax expense,"Increase (Decrease) in Accounts receivable, net",Increase (Decrease) in Inventories,Increase (Decrease) in Other Receivables,Increase (Decrease) in Other Operating Assets,Increase (Decrease) in Accounts Payable,Increase (Decrease) in Deferred Revenue,Increase (Decrease) Other liabilities,Cash generated by operating activities,Purchases of marketable securities,Proceeds from maturities of marketable securities,Proceeds from sales of marketable securities,Purchases of other long-term investments,"Business acquisitions, net of cash acquired",Cash payments for capital asset purchases,Payments for acquisition of intangible assets,Payments for (Proceeds from) Other Investing Activities,Cash used in investing activities,Proceeds from issuance of common stock,Excess tax benefits from stock-based compensation,Cash generated/used in financing activities,Increase/(decrease) in cash and cash equivalents,"Cash paid for income taxes, net"
2009-12-31,,,,,,68202000000.0,-58000000.0,,-449000000.0,-97000000.0,-1982000000.0,-3.67,-3.67,541000000.0,541000000.0,825000000.0,,,4863000000.0,180000000.0,,,10923000000.0,,23012000000.0,,227000000.0,1395000000.0,35629000000.0,5760000000.0,514000000.0,,7798000000.0,,4063000000.0,,1869000000.0,,13178000000.0,365000000.0,14725000000.0,35629000000.0,1527000000.0,66000000.0,,,,,,,,,1823000000.0,,,,,,2306000000.0,,8000000.0,-3292000000.0,799000000.0,5000000.0,1289000000.0,-115000000.0,
2010-03-31,,,,,,19675000000.0,-32000000.0,,-148000000.0,-47000000.0,-113000000.0,-0.2,-0.2,562000000.0,562000000.0,1887000000.0,,,4724000000.0,175000000.0,,,11320000000.0,,23335000000.0,,226000000.0,1584000000.0,36465000000.0,5986000000.0,502000000.0,,8095000000.0,,4131000000.0,,1855000000.0,,13036000000.0,432000000.0,14666000000.0,36465000000.0,357000000.0,12000000.0,,,,,,,,,982000000.0,,,,,,382000000.0,,-15000000.0,-856000000.0,,2000000.0,916000000.0,1062000000.0,
2010-06-30,,,,,,40529000000.0,921000000.0,,806000000.0,276000000.0,583000000.0,1.04,1.03,563000000.0,567000000.0,2001000000.0,,,4767000000.0,171000000.0,,,11348000000.0,,23363000000.0,,223000000.0,1543000000.0,36477000000.0,5856000000.0,440000000.0,,7914000000.0,,4270000000.0,,1731000000.0,,13591000000.0,240000000.0,15051000000.0,36477000000.0,724000000.0,22000000.0,,-394000000.0,102000000.0,,,-122000000.0,,,1770000000.0,,,,,,785000000.0,,-11000000.0,-1157000000.0,,,575000000.0,1176000000.0,-797000000.0
2010-09-30,,,,,,62168000000.0,1460000000.0,,1128000000.0,407000000.0,762000000.0,1.34,1.34,564000000.0,568000000.0,2352000000.0,,,4804000000.0,184000000.0,,,11877000000.0,,23590000000.0,,224000000.0,1585000000.0,37276000000.0,6096000000.0,548000000.0,,8213000000.0,,4430000000.0,,1720000000.0,,13855000000.0,314000000.0,15400000000.0,37276000000.0,1096000000.0,32000000.0,,-516000000.0,79000000.0,,,-358000000.0,,,2622000000.0,,,,,,1226000000.0,,-15000000.0,-1661000000.0,,,547000000.0,1527000000.0,645000000.0
2011-12-31,,,,,,122307000000.0,3680000000.0,,3322000000.0,1226000000.0,2090000000.0,3.69,3.68,563000000.0,569000000.0,1024000000.0,,,5623000000.0,-4983000000.0,,,15972000000.0,,25177000000.0,,227000000.0,1407000000.0,42783000000.0,9472000000.0,595000000.0,,12708000000.0,,5017000000.0,,1881000000.0,,15309000000.0,96000000.0,16423000000.0,42783000000.0,1534000000.0,58000000.0,465000000.0,3110000000.0,-643000000.0,,,2004000000.0,,,4038000000.0,,,,,,2355000000.0,,39000000.0,-5298000000.0,0.0,23000000.0,-1066000000.0,-2310000000.0,-486000000.0
2012-03-31,,,,,,35411000000.0,-244000000.0,,-337000000.0,95000000.0,-432000000.0,-0.78,-0.78,551000000.0,551000000.0,1559000000.0,,,6145000000.0,358000000.0,,,15824000000.0,,25155000000.0,,227000000.0,1428000000.0,42634000000.0,9941000000.0,483000000.0,,13076000000.0,,5210000000.0,,1896000000.0,,14794000000.0,221000000.0,15959000000.0,42634000000.0,384000000.0,10000000.0,,-1319000000.0,471000000.0,,,410000000.0,,,1704000000.0,,,,,,726000000.0,,-10000000.0,-874000000.0,,,-319000000.0,535000000.0,142000000.0
2012-06-30,,,,,,68712000000.0,1361000000.0,,1282000000.0,547000000.0,831000000.0,1.5,1.5,550000000.0,556000000.0,1295000000.0,,,5443000000.0,246000000.0,,,14033000000.0,,25521000000.0,,218000000.0,1416000000.0,41188000000.0,7998000000.0,527000000.0,,10798000000.0,,5411000000.0,,1896000000.0,,15542000000.0,119000000.0,16577000000.0,41188000000.0,770000000.0,20000000.0,,-2087000000.0,-198000000.0,,,-1413000000.0,,,2994000000.0,,,,,,1420000000.0,,-9000000.0,-1741000000.0,,,-991000000.0,271000000.0,204000000.0
2012-09-30,,,,,,102129000000.0,2426000000.0,,2182000000.0,1111000000.0,1073000000.0,1.94,1.93,550000000.0,556000000.0,2549000000.0,,,5787000000.0,292000000.0,,,16267000000.0,,25873000000.0,,216000000.0,1436000000.0,43792000000.0,9286000000.0,612000000.0,,12251000000.0,,5758000000.0,,1934000000.0,,16119000000.0,252000000.0,17332000000.0,43792000000.0,1172000000.0,29000000.0,,-1293000000.0,116000000.0,,,-150000000.0,,,5107000000.0,,,,,0.0,2129000000.0,,28000000.0,-2573000000.0,,,-1045000000.0,1525000000.0,238000000.0
2012-12-31,,,,,,135240000000.0,4010000000.0,,3706000000.0,1626000000.0,2083000000.0,3.77,3.75,550000000.0,556000000.0,1723000000.0,,,5973000000.0,-5964000000.0,,,16460000000.0,,26300000000.0,,213000000.0,1504000000.0,44477000000.0,9348000000.0,590000000.0,,11929000000.0,,5860000000.0,,2130000000.0,,17032000000.0,108000000.0,18032000000.0,44477000000.0,1574000000.0,58000000.0,963000000.0,-437000000.0,282000000.0,,,-113000000.0,,,5270000000.0,,,,,,2931000000.0,,21000000.0,-3351000000.0,,27000000.0,-1233000000.0,699000000.0,705000000.0
2013-03-31,,,,,,32413000000.0,1061000000.0,,992000000.0,340000000.0,654000000.0,1.18,1.18,550000000.0,556000000.0,1857000000.0,,,6937000000.0,280000000.0,,,17206000000.0,,26398000000.0,,203000000.0,1694000000.0,45501000000.0,9821000000.0,761000000.0,,12705000000.0,,6131000000.0,,1784000000.0,,17575000000.0,121000000.0,18343000000.0,45501000000.0,430000000.0,12000000.0,,-409000000.0,1074000000.0,,,561000000.0,,,1549000000.0,,,,,,577000000.0,,-4000000.0,-860000000.0,,,-522000000.0,134000000.0,48000000.0
2013-06-30,,,,,,65639000000.0,1869000000.0,,1733000000.0,616000000.0,1120000000.0,2.04,2.03,546000000.0,552000000.0,2398000000.0,,,6446000000.0,246000000.0,,,16768000000.0,,25386000000.0,,159000000.0,1864000000.0,44177000000.0,9507000000.0,504000000.0,,12035000000.0,,6159000000.0,,1697000000.0,,17593000000.0,-99000000.0,17920000000.0,44177000000.0,835000000.0,25000000.0,,-412000000.0,824000000.0,,,625000000.0,,,2814000000.0,,,,,,1211000000.0,,23000000.0,-1683000000.0,,,-413000000.0,675000000.0,243000000.0
2013-09-30,,,,,,101244000000.0,2401000000.0,,2180000000.0,739000000.0,1432000000.0,2.62,2.61,544000000.0,549000000.0,1908000000.0,,,7063000000.0,257000000.0,,,18593000000.0,,25642000000.0,,160000000.0,1898000000.0,46293000000.0,10998000000.0,598000000.0,,13668000000.0,,6312000000.0,,1665000000.0,,17804000000.0,83000000.0,18270000000.0,46293000000.0,1283000000.0,31000000.0,,1135000000.0,1335000000.0,,,2031000000.0,,,3035000000.0,,,,,,1690000000.0,,56000000.0,-2273000000.0,,,-558000000.0,185000000.0,347000000.0
2013-12-31,,,,,,134111000000.0,3963000000.0,,3982000000.0,1254000000.0,2720000000.0,4.99,4.97,542000000.0,548000000.0,4292000000.0,,,5758000000.0,768000000.0,,,19277000000.0,,25707000000.0,,156000000.0,2120000000.0,47260000000.0,9931000000.0,522000000.0,,13123000000.0,,6601000000.0,,1329000000.0,,18970000000.0,350000000.0,19460000000.0,47260000000.0,1720000000.0,64000000.0,501000000.0,753000000.0,13000000.0,,,977000000.0,,,5564000000.0,,,,,,2757000000.0,,57000000.0,-2812000000.0,,47000000.0,-163000000.0,2569000000.0,387000000.0
2014-03-31,,,,,,32313000000.0,1350000000.0,,1265000000.0,429000000.0,828000000.0,1.55,1.54,531000000.0,536000000.0,3647000000.0,,,7106000000.0,256000000.0,,,19030000000.0,,25766000000.0,,,2303000000.0,47099000000.0,9617000000.0,488000000.0,,12926000000.0,,6615000000.0,,1290000000.0,,19665000000.0,277000000.0,19915000000.0,47099000000.0,421000000.0,,,-958000000.0,1356000000.0,,,-299000000.0,,,244000000.0,,,,,,388000000.0,,41000000.0,-558000000.0,,,-312000000.0,-645000000.0,459000000.0
2014-06-30,,,,,,66141000000.0,2436000000.0,,2265000000.0,772000000.0,1416000000.0,2.66,2.65,530000000.0,535000000.0,3480000000.0,,,6526000000.0,275000000.0,,,18450000000.0,,26122000000.0,,,2441000000.0,47013000000.0,9355000000.0,584000000.0,,12523000000.0,,6659000000.0,,1327000000.0,,20120000000.0,426000000.0,20211000000.0,47013000000.0,835000000.0,,,-837000000.0,721000000.0,,,-707000000.0,,,1378000000.0,,,,,,954000000.0,,43000000.0,-1366000000.0,,,-827000000.0,-812000000.0,1054000000.0
2014-09-30,,,,,,98879000000.0,4106000000.0,,3848000000.0,1293000000.0,2475000000.0,4.66,4.64,529000000.0,533000000.0,4191000000.0,,,6860000000.0,229000000.0,,,19666000000.0,,26449000000.0,,,2340000000.0,48455000000.0,9939000000.0,630000000.0,,13460000000.0,,6601000000.0,,1549000000.0,,21034000000.0,149000000.0,20554000000.0,48455000000.0,1265000000.0,,,-503000000.0,1164000000.0,,,-57000000.0,,,3244000000.0,,,,,,1453000000.0,,41000000.0,-1986000000.0,,,-1316000000.0,-101000000.0,1209000000.0
2014-12-31,,,,,,124942000000.0,5902000000.0,,5552000000.0,1777000000.0,3630000000.0,6.88,6.85,526000000.0,530000000.0,3689000000.0,,,6623000000.0,868000000.0,,,16614000000.0,,26735000000.0,,,2201000000.0,45550000000.0,6760000000.0,596000000.0,,9980000000.0,,6607000000.0,,1939000000.0,,22046000000.0,-367000000.0,20677000000.0,45550000000.0,1690000000.0,60000000.0,445000000.0,-2753000000.0,1014000000.0,,,-3149000000.0,,,4241000000.0,,,,,,2822000000.0,,42000000.0,-2844000000.0,,47000000.0,-1930000000.0,-603000000.0,1624000000.0
2015-03-31,,,,,,19835000000.0,1495000000.0,,1418000000.0,450000000.0,964000000.0,1.87,1.87,513000000.0,516000000.0,4870000000.0,,,6666000000.0,121000000.0,,,16788000000.0,,26596000000.0,,,2357000000.0,45741000000.0,6010000000.0,512000000.0,,8634000000.0,,6624000000.0,,1917000000.0,,22804000000.0,-730000000.0,20774000000.0,45741000000.0,441000000.0,,,-892000000.0,166000000.0,,,-688000000.0,,,1433000000.0,,,,,,458000000.0,,15000000.0,-713000000.0,,,526000000.0,1181000000.0,298000000.0
2015-06-30,,,,,,42875000000.0,3573000000.0,,3391000000.0,1058000000.0,2315000000.0,4.53,4.52,509000000.0,512000000.0,5764000000.0,,,6618000000.0,141000000.0,,,18492000000.0,,26734000000.0,,,2373000000.0,47599000000.0,7315000000.0,529000000.0,,9865000000.0,,6640000000.0,,1889000000.0,,23953000000.0,-529000000.0,21453000000.0,47599000000.0,866000000.0,,,-77000000.0,19000000.0,,,575000000.0,,,3762000000.0,,,,,,828000000.0,,-14000000.0,-1214000000.0,,,-432000000.0,2075000000.0,1079000000.0
2015-09-30,,,,,,63315000000.0,5712000000.0,,5421000000.0,1715000000.0,3692000000.0,7.31,7.3,503000000.0,506000000.0,5301000000.0,,,6557000000.0,98000000.0,,,16827000000.0,,26688000000.0,,,2310000000.0,45825000000.0,5679000000.0,595000000.0,,8289000000.0,,6656000000.0,,1760000000.0,,25130000000.0,-795000000.0,21321000000.0,45825000000.0,1348000000.0,,,-1093000000.0,45000000.0,,,-1007000000.0,,,5124000000.0,,,,,,1186000000.0,,-16000000.0,-1679000000.0,,,-1727000000.0,1612000000.0,1532000000.0
2015-12-31,,,,,,81446000000.0,6358000000.0,,5971000000.0,1870000000.0,3990000000.0,8.0,7.99,497000000.0,500000000.0,4114000000.0,,,5898000000.0,643000000.0,,,14972000000.0,,26703000000.0,,156000000.0,2668000000.0,44343000000.0,4907000000.0,554000000.0,,7360000000.0,,6768000000.0,,1611000000.0,,25188000000.0,-933000000.0,20527000000.0,44343000000.0,1842000000.0,59000000.0,165000000.0,-1294000000.0,222000000.0,,,-1787000000.0,,,5611000000.0,,,,,,2350000000.0,,55000000.0,-2487000000.0,,44000000.0,-2545000000.0,425000000.0,2093000000.0
2016-03-31,,,,,,14885000000.0,829000000.0,,730000000.0,217000000.0,495000000.0,1.05,1.05,469000000.0,471000000.0,3778000000.0,,,6056000000.0,,,,14861000000.0,,26745000000.0,,,2653000000.0,44259000000.0,4980000000.0,416000000.0,,6775000000.0,,7192000000.0,,1590000000.0,,25401000000.0,-802000000.0,20656000000.0,44259000000.0,485000000.0,,,47000000.0,-147000000.0,,,108000000.0,,,640000000.0,,,,,,316000000.0,,4000000.0,-481000000.0,,,-544000000.0,-336000000.0,95000000.0
2016-06-30,,,,,,33238000000.0,2060000000.0,,1864000000.0,508000000.0,1309000000.0,2.79,2.78,468000000.0,471000000.0,4925000000.0,,,6137000000.0,,,,16180000000.0,,26589000000.0,,,2683000000.0,45452000000.0,5943000000.0,439000000.0,,8652000000.0,,,,1471000000.0,,25933000000.0,-1002000000.0,20576000000.0,45452000000.0,956000000.0,,,467000000.0,-422000000.0,,,1090000000.0,,,2959000000.0,,,,,,610000000.0,,-4000000.0,-931000000.0,,,-1237000000.0,811000000.0,137000000.0
2016-09-30,,,,,,51995000000.0,2952000000.0,,2653000000.0,652000000.0,1922000000.0,4.12,4.12,465000000.0,467000000.0,5949000000.0,,,5979000000.0,,,,16878000000.0,,26518000000.0,,,2869000000.0,46265000000.0,5368000000.0,628000000.0,,8224000000.0,,,,1654000000.0,,26270000000.0,-1120000000.0,20339000000.0,46265000000.0,1426000000.0,,,278000000.0,-557000000.0,,,494000000.0,,,3822000000.0,,,,,,912000000.0,,-2000000.0,-1384000000.0,,,-579000000.0,1835000000.0,305000000.0
2016-12-31,,,,,,72087000000.0,3572000000.0,,3182000000.0,765000000.0,2289000000.0,4.94,4.94,461000000.0,464000000.0,4816000000.0,,,5709000000.0,671000000.0,,,16800000000.0,,26472000000.0,,148000000.0,2901000000.0,46173000000.0,6357000000.0,694000000.0,,8328000000.0,,,,1744000000.0,,26366000000.0,-1410000000.0,20024000000.0,46173000000.0,1894000000.0,68000000.0,230000000.0,1531000000.0,-771000000.0,,,1556000000.0,,,4820000000.0,,,,,,1996000000.0,,6000000.0,-2006000000.0,,22000000.0,-2012000000.0,702000000.0,444000000.0
2017-03-31,,,,,,21235000000.0,537000000.0,,433000000.0,112000000.0,305000000.0,0.68,0.68,448000000.0,451000000.0,4463000000.0,,,6025000000.0,,,,15908000000.0,,26991000000.0,,,3148000000.0,46047000000.0,6037000000.0,707000000.0,,7899000000.0,,,,1932000000.0,,26366000000.0,-1334000000.0,19825000000.0,46047000000.0,500000000.0,,,-817000000.0,291000000.0,,,-306000000.0,,,988000000.0,,,,,,279000000.0,,1000000.0,-714000000.0,,,-652000000.0,-353000000.0,96000000.0
2017-06-30,,,,,,42618000000.0,1408000000.0,,1201000000.0,308000000.0,853000000.0,1.9,1.9,446000000.0,448000000.0,5207000000.0,,,5674000000.0,,,,15731000000.0,,27054000000.0,,,3189000000.0,45974000000.0,5456000000.0,955000000.0,,7683000000.0,,,,1906000000.0,,26603000000.0,-1123000000.0,19923000000.0,45974000000.0,999000000.0,,,-1396000000.0,-123000000.0,,,-942000000.0,,,2785000000.0,,,,,,572000000.0,,0.0,-1174000000.0,,,-1328000000.0,391000000.0,263000000.0
2017-09-30,,64162000000.0,,,,,2746000000.0,,2442000000.0,686000000.0,1694000000.0,3.8,3.8,444000000.0,446000000.0,5176000000.0,,,6137000000.0,,,,17442000000.0,,27274000000.0,,,3272000000.0,47988000000.0,6677000000.0,817000000.0,,9130000000.0,,,,1908000000.0,,27135000000.0,-893000000.0,20370000000.0,47988000000.0,1496000000.0,,,-74000000.0,285000000.0,,,227000000.0,,,3822000000.0,,,,,,913000000.0,,1000000.0,-1740000000.0,,,-1943000000.0,360000000.0,357000000.0
2017-12-31,,89433000000.0,,,,,3599000000.0,,3207000000.0,-949000000.0,4065000000.0,9.17,9.16,442000000.0,444000000.0,5850000000.0,,,6384000000.0,536000000.0,,,19312000000.0,,27480000000.0,,142000000.0,3366000000.0,50158000000.0,8348000000.0,712000000.0,,11071000000.0,,,,2729000000.0,,29200000000.0,-940000000.0,21991000000.0,50158000000.0,1986000000.0,77000000.0,-2543000000.0,870000000.0,516000000.0,,,1842000000.0,,,5482000000.0,,,,,,1948000000.0,,2000000.0,-2382000000.0,,24000000.0,-2272000000.0,1034000000.0,410000000.0
2018-03-31,,25377000000.0,,,,,801000000.0,,731000000.0,149000000.0,469000000.0,1.09,1.09,431000000.0,432000000.0,4658000000.0,,,6555000000.0,,,,18260000000.0,,27731000000.0,,,3385000000.0,49376000000.0,7966000000.0,590000000.0,,10752000000.0,,,,2902000000.0,,29415000000.0,-983000000.0,21877000000.0,49376000000.0,498000000.0,,,-145000000.0,126000000.0,,,-322000000.0,,,138000000.0,,,,,,356000000.0,,8000000.0,-752000000.0,,,-573000000.0,-1192000000.0,552000000.0
2018-06-30,,54857000000.0,,,,,2054000000.0,,1855000000.0,398000000.0,1314000000.0,3.05,3.04,430000000.0,432000000.0,4451000000.0,,,6420000000.0,,,,18948000000.0,,28180000000.0,,,3550000000.0,50678000000.0,8963000000.0,641000000.0,,11341000000.0,,,,2897000000.0,,29915000000.0,-1262000000.0,21769000000.0,50678000000.0,1021000000.0,,,595000000.0,46000000.0,,,661000000.0,,,2197000000.0,,,,,471000000.0,740000000.0,,-2000000.0,-2132000000.0,,,-1402000000.0,-1399000000.0,817000000.0
2018-09-30,,84255000000.0,,,,,3273000000.0,,3005000000.0,674000000.0,2170000000.0,5.05,5.05,428000000.0,430000000.0,3551000000.0,,,7501000000.0,,,,19891000000.0,,28428000000.0,,,3575000000.0,51894000000.0,10224000000.0,553000000.0,,12482000000.0,,,,2850000000.0,,30430000000.0,-1235000000.0,21910000000.0,51894000000.0,1538000000.0,,,1307000000.0,1134000000.0,,,1890000000.0,,,2693000000.0,,,,,466000000.0,1168000000.0,,-9000000.0,-2768000000.0,,,-2181000000.0,-2299000000.0,1116000000.0
2018-12-31,,111439000000.0,,,,,4572000000.0,,4232000000.0,879000000.0,3122000000.0,7.3,7.29,426000000.0,428000000.0,2982000000.0,,,6532000000.0,544000000.0,,,17675000000.0,,28848000000.0,260000000.0,307000000.0,3632000000.0,50155000000.0,8594000000.0,630000000.0,,10724000000.0,,,,2867000000.0,,31044000000.0,-1507000000.0,21667000000.0,50155000000.0,2069000000.0,86000000.0,203000000.0,457000000.0,197000000.0,,,304000000.0,,,4371000000.0,,,,,468000000.0,3376000000.0,,-8000000.0,-3928000000.0,,,-3168000000.0,-2868000000.0,1361000000.0
2019-03-31,,23730000000.0,,,,,308000000.0,,218000000.0,51000000.0,141000000.0,0.34,0.34,416000000.0,418000000.0,2777000000.0,,,6554000000.0,,,,18480000000.0,,28408000000.0,,,5207000000.0,52095000000.0,10005000000.0,772000000.0,,12913000000.0,,,,3530000000.0,,30810000000.0,-1352000000.0,21309000000.0,52095000000.0,551000000.0,,,895000000.0,-28000000.0,,,1400000000.0,,,877000000.0,,,,,,,,1000000.0,-747000000.0,,,-378000000.0,-205000000.0,59000000.0
2019-06-30,,51540000000.0,,,,,1216000000.0,,1026000000.0,211000000.0,753000000.0,1.8,1.8,416000000.0,417000000.0,2033000000.0,,,6281000000.0,,,,17811000000.0,,28784000000.0,,,5427000000.0,52022000000.0,10135000000.0,764000000.0,,12548000000.0,,,,3571000000.0,,31046000000.0,-1350000000.0,21345000000.0,52022000000.0,1117000000.0,,,1664000000.0,-278000000.0,,,1555000000.0,,,2394000000.0,,,,,0.0,,,-9000000.0,-1555000000.0,,,-1825000000.0,-949000000.0,-331000000.0
2019-09-30,,77670000000.0,,,,,2097000000.0,,1830000000.0,376000000.0,1362000000.0,3.28,3.28,415000000.0,416000000.0,2137000000.0,,,6376000000.0,,,,17033000000.0,,28890000000.0,,,5306000000.0,51229000000.0,9504000000.0,881000000.0,,12130000000.0,,,,3421000000.0,,31283000000.0,-1529000000.0,21107000000.0,51229000000.0,1684000000.0,,,669000000.0,-126000000.0,,,914000000.0,,,3823000000.0,,,,,0.0,,,-5000000.0,-2190000000.0,,,-2474000000.0,-845000000.0,-184000000.0
2019-12-31,,103546000000.0,,,,,3836000000.0,,3486000000.0,702000000.0,2422000000.0,5.84,5.84,413000000.0,414000000.0,2583000000.0,,,7013000000.0,644000000.0,,,18969000000.0,,29264000000.0,260000000.0,283000000.0,5631000000.0,53864000000.0,10205000000.0,949000000.0,55000000.0,13160000000.0,,,,3887000000.0,,31974000000.0,-1351000000.0,21803000000.0,53864000000.0,2255000000.0,89000000.0,234000000.0,1468000000.0,385000000.0,,,1534000000.0,,,5531000000.0,,,,,0.0,2846000000.0,,-12000000.0,-3001000000.0,,,-2997000000.0,-399000000.0,-116000000.0
2020-03-31,,24187000000.0,,,,,-2277000000.0,,-2370000000.0,-616000000.0,-1851000000.0,-4.54,-4.54,408000000.0,408000000.0,1515000000.0,,,3675000000.0,,,,11465000000.0,,30526000000.0,260000000.0,,5756000000.0,47747000000.0,5906000000.0,866000000.0,,8732000000.0,,,,3847000000.0,,29722000000.0,-1937000000.0,18842000000.0,47747000000.0,582000000.0,,,-3397000000.0,-627000000.0,,,-4222000000.0,-36000000.0,,-49000000.0,,,,,,,,-10000000.0,-757000000.0,,,-195000000.0,-1068000000.0,121000000.0
2020-06-30,,32611000000.0,,,,,1789000000.0,,1674000000.0,339000000.0,1253000000.0,3.07,3.07,407000000.0,407000000.0,2319000000.0,,,5420000000.0,,,,12762000000.0,,,260000000.0,,5684000000.0,49099000000.0,4652000000.0,861000000.0,,7300000000.0,,,,3770000000.0,,30575000000.0,-1799000000.0,19847000000.0,49099000000.0,1160000000.0,,,-4100000000.0,-1136000000.0,,,-5446000000.0,-21000000.0,,687000000.0,,,,,,,,-12000000.0,-1339000000.0,,,435000000.0,-264000000.0,76000000.0
2020-09-30,,48818000000.0,,,,,-1109000000.0,,-1412000000.0,-614000000.0,-1062000000.0,-2.62,-2.62,407000000.0,407000000.0,4047000000.0,,,5357000000.0,,,,15422000000.0,,,260000000.0,,5581000000.0,51732000000.0,5237000000.0,926000000.0,,8122000000.0,,,,3720000000.0,,29712000000.0,-1571000000.0,19223000000.0,51732000000.0,1774000000.0,,,-3600000000.0,-1577000000.0,,,-4893000000.0,-12000000.0,,852000000.0,,,,,,,,-16000000.0,-1852000000.0,,,2470000000.0,1464000000.0,206000000.0
2020-12-31,,65652000000.0,,,,,-1579000000.0,,-2010000000.0,-903000000.0,-1421000000.0,-3.5,-3.5,407000000.0,407000000.0,3313000000.0,,4807000000.0,6038000000.0,597000000.0,,,15844000000.0,,,260000000.0,248000000.0,5541000000.0,51774000000.0,6082000000.0,994000000.0,56000000.0,9283000000.0,,,,3620000000.0,,28953000000.0,-1254000000.0,18801000000.0,51774000000.0,2351000000.0,80000000.0,158000000.0,-3300000000.0,-1007000000.0,,,-4068000000.0,0.0,,948000000.0,,,,,0.0,2436000000.0,,-65000000.0,-2425000000.0,,,2077000000.0,730000000.0,203000000.0
2021-03-31,,21214000000.0,,,,,-666000000.0,,-770000000.0,-148000000.0,-704000000.0,-1.73,-1.73,407000000.0,407000000.0,2254000000.0,,,5881000000.0,,,,17591000000.0,,,,,5644000000.0,53614000000.0,9113000000.0,1087000000.0,,12307000000.0,,,,3616000000.0,,27849000000.0,-1165000000.0,17801000000.0,53614000000.0,578000000.0,,,2946000000.0,-175000000.0,,,2992000000.0,49000000.0,,-52000000.0,,,,,,,,-2000000.0,-580000000.0,,,-439000000.0,-1059000000.0,36000000.0
2021-06-30,,48253000000.0,,,,,509000000.0,,461000000.0,169000000.0,-542000000.0,-1.34,-1.34,407000000.0,407000000.0,3572000000.0,,,6103000000.0,,,,19372000000.0,,,,,5623000000.0,55456000000.0,10168000000.0,1286000000.0,,14214000000.0,,,,3760000000.0,,27610000000.0,-1089000000.0,17651000000.0,55456000000.0,1166000000.0,,,3069000000.0,47000000.0,,,3979000000.0,-15000000.0,,1956000000.0,,,,,,,,-24000000.0,-836000000.0,,,-866000000.0,259000000.0,-882000000.0
2021-09-30,,76855000000.0,,,,,693000000.0,,573000000.0,86000000.0,463000000.0,1.13,1.13,407000000.0,408000000.0,3498000000.0,,,6227000000.0,,,,18790000000.0,,,,,5461000000.0,54691000000.0,9820000000.0,1539000000.0,,14313000000.0,,,,3608000000.0,,27673000000.0,-1338000000.0,17476000000.0,54691000000.0,1807000000.0,,,2643000000.0,232000000.0,,,3624000000.0,,,3405000000.0,,,,,,,,-33000000.0,-1412000000.0,,,-1739000000.0,185000000.0,-876000000.0
2021-12-31,,110848000000.0,,,,,2130000000.0,,1543000000.0,255000000.0,930000000.0,2.27,2.27,407000000.0,407000000.0,4122000000.0,,9968000000.0,6265000000.0,656000000.0,,,21165000000.0,,,260000000.0,218000000.0,5876000000.0,57888000000.0,12495000000.0,1253000000.0,78000000.0,16851000000.0,,,,3404000000.0,,28281000000.0,-1008000000.0,18430000000.0,57888000000.0,2405000000.0,88000000.0,-126000000.0,4382000000.0,253000000.0,,,6301000000.0,,,5859000000.0,,,,,,2458000000.0,,-38000000.0,-2159000000.0,,,-2846000000.0,809000000.0,-842000000.0
2022-03-31,,36923000000.0,,,,,1384000000.0,,1219000000.0,252000000.0,905000000.0,2.21,2.21,408000000.0,408000000.0,2638000000.0,,,7174000000.0,,,,23313000000.0,,,,,6213000000.0,60402000000.0,15236000000.0,1140000000.0,,19785000000.0,,,,3370000000.0,,28785000000.0,-1009000000.0,18821000000.0,60402000000.0,606000000.0,,,2653000000.0,940000000.0,,,2744000000.0,,,588000000.0,,,,,,,,-2000000.0,-841000000.0,,,-1228000000.0,-1484000000.0,204000000.0
2022-06-30,,82085000000.0,,,,,7603000000.0,,7329000000.0,1594000000.0,5598000000.0,13.75,13.74,406000000.0,406000000.0,5392000000.0,,,7147000000.0,,,,27409000000.0,,,,,6182000000.0,64345000000.0,16643000000.0,1112000000.0,,21969000000.0,,,,2993000000.0,,33079000000.0,-1425000000.0,20969000000.0,64345000000.0,1208000000.0,,,4163000000.0,1056000000.0,,,4240000000.0,,,6433000000.0,,,,,,,,-4000000.0,-1460000000.0,,,-3642000000.0,1270000000.0,916000000.0
2022-09-30,,122516000000.0,,,,,11395000000.0,,11057000000.0,2410000000.0,8415000000.0,20.94,20.93,400000000.0,401000000.0,3969000000.0,,,6628000000.0,,,,22696000000.0,,,,,6125000000.0,59329000000.0,13003000000.0,1265000000.0,,17237000000.0,,,,2869000000.0,,35510000000.0,-1997000000.0,21912000000.0,59329000000.0,1840000000.0,,,1435000000.0,703000000.0,,,746000000.0,,,8478000000.0,,,,,,,,4000000.0,-2070000000.0,,,-6269000000.0,-153000000.0,2630000000.0
2022-12-31,,159587000000.0,,,,,15690000000.0,,15307000000.0,3428000000.0,11528000000.0,29.05,29.04,395000000.0,396000000.0,4862000000.0,,10761000000.0,6752000000.0,681000000.0,,,24133000000.0,,,260000000.0,202000000.0,5871000000.0,60982000000.0,12728000000.0,1215000000.0,129000000.0,17461000000.0,,,,2310000000.0,,38247000000.0,-1359000000.0,23561000000.0,60982000000.0,2473000000.0,103000000.0,50000000.0,1619000000.0,672000000.0,,,521000000.0,,,12574000000.0,,,,,,2737000000.0,,99000000.0,-2805000000.0,,,-8849000000.0,740000000.0,3288000000.0
2023-03-31,,32132000000.0,,,,,4043000000.0,,4026000000.0,880000000.0,3067000000.0,8.3,8.29,369000000.0,369000000.0,5521000000.0,,,7455000000.0,,,,23335000000.0,,,,,6062000000.0,60177000000.0,10498000000.0,1168000000.0,,15365000000.0,,,,2292000000.0,,40935000000.0,-1205000000.0,24977000000.0,60177000000.0,660000000.0,,,-2381000000.0,641000000.0,,,-2269000000.0,,,3170000000.0,100000000.0,,,,,,,-4000000.0,-549000000.0,,,-1998000000.0,659000000.0,616000000.0
2023-06-30,,63660000000.0,,,,,6802000000.0,,6743000000.0,1475000000.0,5011000000.0,13.75,13.74,363000000.0,363000000.0,5075000000.0,,,6961000000.0,,,,23695000000.0,,,,,6402000000.0,60667000000.0,10825000000.0,1117000000.0,,14948000000.0,,,,2213000000.0,,42512000000.0,-971000000.0,25851000000.0,60667000000.0,1329000000.0,,,-1225000000.0,73000000.0,,,-1909000000.0,,,4682000000.0,354000000.0,,,,,,,-7000000.0,-1078000000.0,,,-3520000000.0,213000000.0,2410000000.0
2023-09-30,,98294000000.0,,,,,10305000000.0,,10219000000.0,2288000000.0,7633000000.0,21.22,21.21,359000000.0,359000000.0,5831000000.0,,,7513000000.0,,,,26577000000.0,,,,,6345000000.0,63175000000.0,13342000000.0,1219000000.0,,17592000000.0,,,,2188000000.0,,44774000000.0,-1325000000.0,25975000000.0,63175000000.0,2011000000.0,,,709000000.0,720000000.0,,,656000000.0,,,7990000000.0,237000000.0,,,,,,,-11000000.0,-1382000000.0,,,-5645000000.0,969000000.0,3098000000.0
2023-12-31,,131834000000.0,,,,,11858000000.0,,11768000000.0,2619000000.0,8835000000.0,24.93,24.92,353000000.0,353000000.0,5424000000.0,,11038000000.0,7583000000.0,1427000000.0,,,26221000000.0,,,260000000.0,183000000.0,6626000000.0,63056000000.0,12567000000.0,1240000000.0,40000000.0,16802000000.0,,,,2263000000.0,,45630000000.0,-870000000.0,26346000000.0,63056000000.0,2701000000.0,107000000.0,103000000.0,387000000.0,684000000.0,,,-169000000.0,,,9229000000.0,276000000.0,,,,,1916000000.0,,-13000000.0,-1865000000.0,,,-6941000000.0,562000000.0,3494000000.0
2024-03-31,,29776000000.0,,,,,1679000000.0,,1683000000.0,353000000.0,1245000000.0,3.75,3.75,331000000.0,331000000.0,4917000000.0,,,7912000000.0,,,,25674000000.0,,,,,6828000000.0,62574000000.0,12458000000.0,1097000000.0,,16149000000.0,,,,2297000000.0,,46519000000.0,-1055000000.0,26057000000.0,62574000000.0,695000000.0,,,-257000000.0,356000000.0,,,-130000000.0,,,1846000000.0,11000000.0,,,,,,,-2000000.0,-637000000.0,,,-1644000000.0,-507000000.0,103000000.0
2024-06-30,,62827000000.0,,,,,2900000000.0,,2886000000.0,630000000.0,2125000000.0,6.47,6.47,327000000.0,327000000.0,5246000000.0,,,8028000000.0,,,,27115000000.0,,,,,6731000000.0,63615000000.0,14565000000.0,1065000000.0,,18318000000.0,,,,2077000000.0,,47052000000.0,-1172000000.0,25443000000.0,63615000000.0,1391000000.0,,,801000000.0,503000000.0,,,2021000000.0,,,4318000000.0,14000000.0,,,,,,,2000000.0,-1029000000.0,,,-3191000000.0,-10000000.0,659000000.0
2024-09-30,,94949000000.0,,,,,3407000000.0,,3375000000.0,726000000.0,2489000000.0,7.66,7.66,324000000.0,324000000.0,5184000000.0,,,7048000000.0,,,,23976000000.0,,,,,6725000000.0,60382000000.0,11516000000.0,1190000000.0,,15298000000.0,,,,2031000000.0,,47074000000.0,-830000000.0,25253000000.0,60382000000.0,2076000000.0,,,-1382000000.0,-574000000.0,,,-1081000000.0,,,5613000000.0,17000000.0,,,,,,,-11000000.0,-1437000000.0,,,-4265000000.0,-70000000.0,835000000.0
