Date,Net sales,Cost of sales,Gross margin,Research and development,"Selling, general and administrative",Total operating expenses,Operating income,"Other income/(expense), net",Income before provision for income taxes,Provision for income taxes,Net income,Earnings per share basic,Earnings per share diluted,Weighted-average basic,Weighted-average diluted,Cash and cash equivalents,Short-term marketable securities,"Accounts receivable, net",Inventories,Deferred tax assets,Vendor non-trade receivables,Other current assets,Total current assets,Long-term marketable securities,"Property, Plant and Equipment, Net",Goodwill,"Acquired intangible assets, net","Other Assets, Noncurrent",Total assets,accounts payable,Accrued expenses,Deferred revenue,Total current liabilities,Deferred revenue - non-current,deferred tax liabilities,long term taxes payable,Total other non-current liabilities,Total liabilities,Retained Earnings (Accumulated Deficit),Accumulated other comprehensive (loss)/income,Total shareholders equity,Total liabilities and shareholders' equity,"Depreciation, amortization and accretion",Stock-based compensation expense,Deferred income tax expense,"Increase (Decrease) in Accounts receivable, net",Increase (Decrease) in Inventories,Increase (Decrease) in Other Receivables,Increase (Decrease) in Other Operating Assets,Increase (Decrease) in Accounts Payable,Increase (Decrease) in Deferred Revenue,Increase (Decrease) Other liabilities,Cash generated by operating activities,Purchases of marketable securities,Proceeds from maturities of marketable securities,Proceeds from sales of marketable securities,Purchases of other long-term investments,"Business acquisitions, net of cash acquired",Cash payments for capital asset purchases,Payments for acquisition of intangible assets,Payments for (Proceeds from) Other Investing Activities,Cash used in investing activities,Proceeds from issuance of common stock,Excess tax benefits from stock-based compensation,Cash generated/used in financing activities,Increase/(decrease) in cash and cash equivalents,"Cash paid for income taxes, net"
2011-03-31,,,,,49256000.0,193572000.0,119297000.0,-9243000.0,110054000.0,44178000.0,65876000.0,0.39,0.37,169030227.0,176964192.0,101238000.0,5603000.0,163888000.0,,3681000.0,,7705000.0,311698000.0,,100774000.0,632668000.0,191774000.0,26196000.0,1286431000.0,,,247064000.0,492470000.0,,0.0,,89605000.0,1395522000.0,359703000.0,-54837000.0,-109091000.0,1286431000.0,,3818000.0,-158000.0,37475000.0,,,,,84057000.0,-4957000.0,145581000.0,960000.0,,,,0.0,13648000.0,,0.0,-13454000.0,,0.0,-86201000.0,46264000.0,
2011-06-30,,,,,105165000.0,397034000.0,243115000.0,-24013000.0,219102000.0,87649000.0,131453000.0,0.78,0.75,167995517.0,175799120.0,51970000.0,5351000.0,145632000.0,,3681000.0,,29155000.0,295477000.0,,107645000.0,712561000.0,241330000.0,28326000.0,1408089000.0,,,214989000.0,511600000.0,,0.0,,80232000.0,1552529000.0,425280000.0,-53508000.0,-144440000.0,1408089000.0,,12331000.0,1660000.0,16979000.0,,,,,50520000.0,-14913000.0,187087000.0,1338000.0,,,,121721000.0,28171000.0,,0.0,-172586000.0,,5470000.0,-18078000.0,-3004000.0,
2011-09-30,,,,,156640000.0,605723000.0,374524000.0,-38593000.0,335931000.0,133491000.0,202440000.0,1.21,1.16,166728786.0,174255965.0,52846000.0,4828000.0,152803000.0,,22800000.0,,28268000.0,271764000.0,,110328000.0,712561000.0,232533000.0,27699000.0,1379933000.0,,,189310000.0,506001000.0,,0.0,,79806000.0,1538806000.0,496267000.0,-53656000.0,-158873000.0,1379933000.0,,17288000.0,-2083000.0,24445000.0,,,,,24841000.0,-20809000.0,323754000.0,1422000.0,,,,121721000.0,41925000.0,,0.0,-186406000.0,,5470000.0,-139494000.0,-2128000.0,
2011-12-31,,,,15393000.0,209469000.0,818459000.0,513381000.0,-52960000.0,460421000.0,177663000.0,282758000.0,1.7,1.63,166015238.0,173325110.0,191603000.0,5066000.0,153339000.0,,14298000.0,,41248000.0,453654000.0,,119411000.0,709944000.0,226424000.0,21193000.0,1541106000.0,,65739000.0,176842000.0,349650000.0,,0.0,22567000.0,61866000.0,1639596000.0,576585000.0,-78287000.0,-98490000.0,1541106000.0,,22656000.0,23277000.0,25926000.0,,,,,12373000.0,-35675000.0,375721000.0,1549000.0,,,,121721000.0,59829000.0,,,-204129000.0,0.0,53195000.0,-34780000.0,136629000.0,
2012-03-31,,,,,53979000.0,207540000.0,138961000.0,-15950000.0,123011000.0,48410000.0,74601000.0,0.45,0.44,164836992.0,171350820.0,114930000.0,4968000.0,194540000.0,,13500000.0,,39536000.0,419840000.0,,124781000.0,933298000.0,375742000.0,38382000.0,1892043000.0,,,288942000.0,567556000.0,,39868000.0,,80043000.0,1902301000.0,651186000.0,-77403000.0,-10258000.0,1892043000.0,,4446000.0,,34479000.0,,,,,112100000.0,-2269000.0,189613000.0,791000.0,,,,330777000.0,17442000.0,,,-367112000.0,,,100673000.0,-76673000.0,
2012-06-30,,,,,116452000.0,442364000.0,277363000.0,-33201000.0,244162000.0,96230000.0,147932000.0,0.89,0.86,165946009.0,171901349.0,97198000.0,4782000.0,173607000.0,,15613000.0,,46460000.0,397495000.0,,133731000.0,934762000.0,363555000.0,23800000.0,1853343000.0,,,253880000.0,612259000.0,,41880000.0,,62506000.0,1806661000.0,724517000.0,-77354000.0,46682000.0,1853343000.0,,13653000.0,,13652000.0,,,,,77038000.0,-7617000.0,187435000.0,1128000.0,,,,331330000.0,36532000.0,,,-387037000.0,,31624000.0,105331000.0,-94405000.0,
2012-09-30,,,,,175159000.0,685976000.0,432614000.0,-51836000.0,380778000.0,149935000.0,230843000.0,1.39,1.34,165978080.0,171660543.0,97770000.0,4895000.0,175520000.0,,15614000.0,,33613000.0,361337000.0,,144799000.0,1220384000.0,530023000.0,46890000.0,2303433000.0,,,219800000.0,668257000.0,,80755000.0,,82799000.0,2161385000.0,807428000.0,-76853000.0,142048000.0,2303433000.0,,19303000.0,,3026000.0,,,,,39588000.0,-8133000.0,320997000.0,1317000.0,,,,743091000.0,55724000.0,,,-838704000.0,,55056000.0,424004000.0,-93833000.0,
2012-12-31,,,,18386000.0,231359000.0,942732000.0,591588000.0,-72380000.0,519208000.0,190066000.0,329142000.0,1.98,1.92,165890258.0,171709518.0,89819000.0,4883000.0,178430000.0,,-123364000.0,,39109000.0,390559000.0,,154084000.0,1247459000.0,520935000.0,47299000.0,2360336000.0,,79715000.0,200705000.0,585350000.0,,133761000.0,21611000.0,78190000.0,2104745000.0,905727000.0,-89160000.0,255591000.0,2360336000.0,,24696000.0,63262000.0,6425000.0,,,,,20493000.0,-13860000.0,468229000.0,1784000.0,,,,769513000.0,74373000.0,,-1455000.0,-883583000.0,,60672000.0,313555000.0,-101784000.0,
2013-03-31,,,,,59028000.0,255898000.0,147425000.0,-20235000.0,127190000.0,46679000.0,80511000.0,0.48,0.47,168078589.0,172760641.0,267358000.0,5141000.0,190917000.0,,10463000.0,,31629000.0,552543000.0,,167129000.0,1248261000.0,503728000.0,44686000.0,2516347000.0,,,314448000.0,650422000.0,,134499000.0,,74484000.0,2163823000.0,986238000.0,-88927000.0,352524000.0,2516347000.0,,4571000.0,,12785000.0,,,,,113743000.0,-3706000.0,191257000.0,3747000.0,,,,,28065000.0,,,-27608000.0,,36128000.0,14296000.0,177539000.0,
2013-06-30,,,,,120180000.0,525720000.0,298923000.0,-39806000.0,259117000.0,94401000.0,164716000.0,0.98,0.95,168147069.0,172614164.0,172587000.0,4254000.0,186549000.0,,10463000.0,,34695000.0,493609000.0,,185928000.0,1249271000.0,486532000.0,24011000.0,2439351000.0,,,287571000.0,585136000.0,,135257000.0,,52138000.0,2073846000.0,1070443000.0,-88338000.0,365505000.0,2439351000.0,,10955000.0,,8752000.0,,,,,86866000.0,-26052000.0,246691000.0,4967000.0,,,,983000.0,63505000.0,,-192000.0,-62998000.0,,63934000.0,-100244000.0,82768000.0,
2013-09-30,,,,,179510000.0,794727000.0,468513000.0,-58270000.0,410243000.0,149086000.0,261157000.0,1.55,1.51,168089919.0,172460960.0,180203000.0,4514000.0,167767000.0,,11960000.0,,28709000.0,461330000.0,,219116000.0,1250888000.0,471139000.0,27399000.0,2429872000.0,,,244160000.0,456638000.0,,143432000.0,,45174000.0,1946870000.0,1166884000.0,-86592000.0,483002000.0,2429872000.0,,16745000.0,,-9475000.0,,,,,43372000.0,-33016000.0,386452000.0,5003000.0,,,,983000.0,107915000.0,,-280000.0,-107357000.0,0.0,81689000.0,-188305000.0,90384000.0,
2013-12-31,,,,21426000.0,228982000.0,981436000.0,614267000.0,-75527000.0,538740000.0,196426000.0,348380000.0,2.07,2.02,168031412.0,172276360.0,165801000.0,3911000.0,158547000.0,,-193527000.0,,34681000.0,474845000.0,,233373000.0,1181681000.0,447618000.0,20034000.0,2504451000.0,,80974000.0,226581000.0,431179000.0,,198604000.0,12143000.0,36043000.0,1956862000.0,1254107000.0,-43488000.0,547589000.0,2504451000.0,70279000.0,21087000.0,42447000.0,-2106000.0,,,,,26970000.0,-41593000.0,506920000.0,5870000.0,,,,983000.0,145976000.0,,-280000.0,-145626000.0,0.0,109946000.0,-284472000.0,75982000.0,
2014-03-31,,,,,57134000.0,260800000.0,148843000.0,-17430000.0,131413000.0,46972000.0,115558000.0,0.69,0.68,166981982.0,170421489.0,427376000.0,3918000.0,173451000.0,,5075000.0,,35478000.0,679204000.0,,251731000.0,1184374000.0,434968000.0,24926000.0,2640004000.0,,,343827000.0,515640000.0,,194305000.0,,44425000.0,2040478000.0,1369665000.0,-42822000.0,599526000.0,2640004000.0,20776000.0,4983000.0,,7078000.0,,,,,116318000.0,-280000.0,232828000.0,6000.0,,,,4001000.0,36144000.0,,0.0,109865000.0,0.0,0.0,-81625000.0,261575000.0,
2014-06-30,,,,,114208000.0,525288000.0,307909000.0,-34689000.0,273220000.0,100680000.0,203657000.0,1.22,1.2,166662806.0,169962577.0,419448000.0,3837000.0,177973000.0,,5076000.0,,32546000.0,704563000.0,,272875000.0,1184374000.0,420747000.0,24059000.0,2675277000.0,,,309175000.0,608743000.0,,194523000.0,,43917000.0,1998992000.0,1457764000.0,-42377000.0,676285000.0,2675277000.0,41499000.0,11057000.0,,12186000.0,,,,,81666000.0,-848000.0,286835000.0,32000.0,,,,4001000.0,75764000.0,,0.0,70484000.0,0.0,6094000.0,-104432000.0,253647000.0,
2014-09-30,,,,,170372000.0,798463000.0,483399000.0,-52472000.0,430927000.0,159372000.0,302672000.0,1.82,1.78,166504384.0,169815867.0,432490000.0,3730000.0,188711000.0,,5076000.0,,14383000.0,705652000.0,,281347000.0,1184374000.0,406560000.0,27255000.0,2677700000.0,,,254160000.0,561340000.0,,194871000.0,,43288000.0,1951716000.0,1556779000.0,-42861000.0,725984000.0,2677700000.0,63450000.0,16323000.0,,23530000.0,,,,,26651000.0,-522000.0,378635000.0,83000.0,,,,4001000.0,102992000.0,,0.0,39475000.0,0.0,16665000.0,-151634000.0,266689000.0,
2014-12-31,,,,25508000.0,227306000.0,1086280000.0,660446000.0,-69826000.0,590620000.0,219755000.0,400042000.0,2.41,2.37,165823803.0,169132423.0,39359000.0,3801000.0,220668000.0,,51240000.0,,18875000.0,384483000.0,,302273000.0,1207146000.0,406476000.0,26363000.0,2345330000.0,,87432000.0,252592000.0,771270000.0,,202540000.0,13455000.0,43388000.0,2134287000.0,1654149000.0,-80514000.0,211043000.0,2345330000.0,86501000.0,20253000.0,24269000.0,54515000.0,,,,,22114000.0,-1042000.0,489452000.0,203000.0,,,,35192000.0,146818000.0,,0.0,-35530000.0,0.0,22566000.0,-579078000.0,-126442000.0,
2015-03-31,,,,,58306000.0,281105000.0,178292000.0,-18800000.0,159492000.0,60806000.0,98686000.0,0.62,0.61,158087919.0,161481213.0,152847000.0,3855000.0,226637000.0,,4770000.0,,23350000.0,453993000.0,,303829000.0,1207144000.0,392335000.0,24475000.0,2404499000.0,,,359527000.0,709770000.0,,203383000.0,,43095000.0,2072777000.0,1752835000.0,-80058000.0,331722000.0,2404499000.0,24442000.0,4224000.0,,6094000.0,,,,,106935000.0,-391000.0,270990000.0,8000.0,,,,405000.0,24760000.0,,,-25225000.0,0.0,,-132057000.0,113488000.0,
2015-06-30,,,,,149598000.0,625033000.0,332014000.0,47304000.0,360518000.0,98512000.0,262006000.0,1.63,1.59,164141804.0,167586100.0,145491000.0,3725000.0,267379000.0,,4770000.0,,85962000.0,609987000.0,,386093000.0,3057642000.0,1655565000.0,39350000.0,5775663000.0,,,436001000.0,1710053000.0,,463561000.0,,47985000.0,4531341000.0,1916155000.0,-83873000.0,1244322000.0,5775663000.0,53070000.0,19047000.0,,-37981000.0,,,,,38305000.0,-2990000.0,355501000.0,29000.0,,,,2811759000.0,60092000.0,,,-2865258000.0,720848000.0,8419000.0,2603364000.0,106132000.0,
2015-09-30,,,,,228908000.0,966554000.0,540894000.0,-15091000.0,554307000.0,160487000.0,393820000.0,2.41,2.36,168739437.0,172171337.0,168825000.0,3630000.0,266000000.0,,4769000.0,,83200000.0,617762000.0,,391625000.0,3119485000.0,1415566000.0,43414000.0,5619097000.0,,,366924000.0,1540758000.0,,401422000.0,,54501000.0,4305461000.0,2047969000.0,-179417000.0,1313636000.0,5619097000.0,86571000.0,25471000.0,,-39651000.0,,,,,-30772000.0,2148000.0,520044000.0,54000.0,,,,2811759000.0,105765000.0,,,-2895202000.0,720848000.0,18214000.0,2503235000.0,129466000.0,
2015-12-31,,,,22737000.0,312690000.0,1331448000.0,736562000.0,-19126000.0,717436000.0,209859000.0,507577000.0,3.07,3.01,165090380.0,168451343.0,138348000.0,3576000.0,320099000.0,,53626000.0,,52952000.0,604569000.0,,418168000.0,3134826000.0,1376745000.0,48697000.0,5615927000.0,,105773000.0,356951000.0,1479257000.0,,396430000.0,17290000.0,60098000.0,4243916000.0,2161726000.0,-242052000.0,1372011000.0,5615927000.0,120620000.0,30542000.0,-656000.0,14609000.0,,,,,-43546000.0,2775000.0,623687000.0,165000.0,,,,2858233000.0,166138000.0,,0.0,-3006317000.0,720848000.0,40147000.0,2481013000.0,98989000.0,
2016-03-31,,,,,71037000.0,300072000.0,192629000.0,-31988000.0,160641000.0,50911000.0,92639000.0,0.55,0.54,168453750.0,171480884.0,131818000.0,3472000.0,297312000.0,,,,52307000.0,586783000.0,,341989000.0,2703914000.0,1191470000.0,24558000.0,5459147000.0,,,486551000.0,1416879000.0,,342166000.0,,53302000.0,4168682000.0,2254365000.0,-316777000.0,1290465000.0,5459147000.0,38874000.0,5547000.0,,34016000.0,,,,,146477000.0,-4218000.0,303879000.0,3000.0,,,,0.0,30763000.0,,620000.0,-31290000.0,,,-277805000.0,-6530000.0,
2016-06-30,,,,,146594000.0,607289000.0,383708000.0,-62577000.0,321131000.0,104665000.0,354375000.0,2.1,2.07,168375034.0,171349833.0,196402000.0,3372000.0,241326000.0,,,,19199000.0,496917000.0,,334631000.0,2629941000.0,1104262000.0,119778000.0,4725063000.0,,,431171000.0,615166000.0,,314705000.0,,57730000.0,3275199000.0,2516101000.0,-457143000.0,1449864000.0,4725063000.0,68331000.0,16468000.0,,-21179000.0,,,,,92581000.0,131000.0,378485000.0,25000.0,,,,6200000.0,62231000.0,,620000.0,650581000.0,0.0,6570000.0,-969933000.0,58054000.0,
2016-09-30,,,,,224408000.0,906947000.0,582130000.0,-88603000.0,493527000.0,149484000.0,481952000.0,2.86,2.81,168874129.0,171785900.0,164787000.0,3457000.0,229939000.0,,,,26266000.0,464301000.0,,355867000.0,2632178000.0,1069089000.0,121092000.0,4685051000.0,,,355459000.0,556490000.0,,305694000.0,,54061000.0,3209621000.0,2643678000.0,-518934000.0,1475430000.0,4685051000.0,97832000.0,23822000.0,,-32608000.0,,,,,14655000.0,-3170000.0,463671000.0,158000.0,,,,45161000.0,98570000.0,,620000.0,579326000.0,0.0,20763000.0,-1007118000.0,26439000.0,
2016-12-31,,,,27400000.0,301600000.0,1227600000.0,767600000.0,-113900000.0,653700000.0,202200000.0,591200000.0,3.51,3.45,168248304.0,171171572.0,135100000.0,3400000.0,263900000.0,,68400000.0,,20300000.0,500900000.0,,380300000.0,2578100000.0,1010800000.0,125900000.0,4631200000.0,,90400000.0,330800000.0,621600000.0,,,,60500000.0,3298800000.0,2752900000.0,-650800000.0,1332400000.0,4631200000.0,126200000.0,30000000.0,2900000.0,5700000.0,,,,,-8200000.0,-4800000.0,546100000.0,300000.0,,,,67700000.0,156500000.0,,,493200000.0,0.0,31400000.0,-1032800000.0,-3200000.0,
2017-03-31,,,,,75900000.0,314900000.0,187700000.0,-26500000.0,161200000.0,52400000.0,108800000.0,0.65,0.64,166442991.0,170150862.0,155000000.0,3600000.0,298700000.0,,,,28200000.0,513800000.0,,377800000.0,2653300000.0,1027200000.0,160800000.0,4748700000.0,,,501600000.0,672400000.0,,329400000.0,,80300000.0,3363100000.0,2861700000.0,-616900000.0,1385600000.0,4748700000.0,33800000.0,6500000.0,,31000000.0,,,,,168100000.0,-6900000.0,317900000.0,100000.0,,,,66500000.0,31100000.0,,0.0,-107400000.0,,,-192300000.0,19900000.0,
2017-06-30,,,,,154700000.0,643100000.0,382700000.0,-51600000.0,331100000.0,101300000.0,229800000.0,1.39,1.36,165682614.0,169232579.0,140700000.0,3600000.0,266400000.0,,,,20800000.0,522800000.0,,403500000.0,2733800000.0,1052000000.0,170200000.0,4898700000.0,,,449000000.0,737200000.0,,337500000.0,,81500000.0,3432800000.0,2982700000.0,-526400000.0,1465900000.0,4898700000.0,65600000.0,15400000.0,,-6300000.0,,,,,111000000.0,-9200000.0,429800000.0,200000.0,,,,109800000.0,72500000.0,,0.0,-194700000.0,,,-232800000.0,5600000.0,
2017-09-30,,,,,235600000.0,983700000.0,591200000.0,-79400000.0,511800000.0,161300000.0,350500000.0,2.12,2.08,165314267.0,168807405.0,142000000.0,3700000.0,285800000.0,,,,36500000.0,544700000.0,,437800000.0,3188800000.0,1256200000.0,183800000.0,5628200000.0,,,390000000.0,1203100000.0,,384100000.0,,89600000.0,3955600000.0,3103400000.0,-443300000.0,1672600000.0,5628200000.0,99400000.0,24200000.0,,-4000000.0,,,,,47200000.0,-16500000.0,592100000.0,300000.0,,,,674300000.0,113800000.0,,0.0,-823900000.0,,,234300000.0,6900000.0,
2017-12-31,,,,37400000.0,322800000.0,1344000000.0,801200000.0,-110200000.0,691000000.0,135900000.0,555100000.0,3.36,3.29,165168224.0,168688868.0,142300000.0,3800000.0,345500000.0,,57500000.0,,39100000.0,597600000.0,,478300000.0,3368700000.0,1345300000.0,214500000.0,6020300000.0,,68900000.0,384700000.0,1337600000.0,,,,135100000.0,4094900000.0,3308000000.0,-412300000.0,1925400000.0,6020300000.0,135600000.0,31800000.0,-73600000.0,45500000.0,,,,,29200000.0,-17800000.0,743500000.0,300000.0,,,,873300000.0,183500000.0,,7200000.0,-1105500000.0,0.0,,362500000.0,7200000.0,
2018-03-31,581200000.0,,,,91800000.0,386700000.0,194500000.0,-32200000.0,162300000.0,29300000.0,133000000.0,,,165043047.0,168992535.0,149800000.0,3800000.0,424100000.0,,,,70200000.0,708600000.0,,489000000.0,3454200000.0,1356600000.0,221900000.0,6246900000.0,,,586600000.0,1558100000.0,,356500000.0,,106900000.0,4062600000.0,3476900000.0,-309300000.0,2184300000.0,6246900000.0,40500000.0,8800000.0,,74700000.0,,,,,199100000.0,-29300000.0,327000000.0,100000.0,,,,21800000.0,43200000.0,,3100000.0,-68500000.0,,,-254200000.0,7500000.0,
2018-06-30,1182500000.0,443600000.0,,,184900000.0,775700000.0,406800000.0,-59500000.0,347300000.0,60800000.0,286500000.0,,,165029345.0,168821869.0,132000000.0,3800000.0,347800000.0,,,,58000000.0,625100000.0,,501900000.0,41100000.0,1289500000.0,234700000.0,6039600000.0,,,513000000.0,1466300000.0,,349600000.0,,105900000.0,3966000000.0,3630400000.0,-474200000.0,2073600000.0,6039600000.0,82000000.0,19800000.0,,2800000.0,,,,,123800000.0,-29100000.0,534200000.0,100000.0,,,,67200000.0,99300000.0,,3100000.0,-170000000.0,,,-377100000.0,-10300000.0,
2018-09-30,1781200000.0,662200000.0,,,281000000.0,1163300000.0,617900000.0,-77800000.0,540100000.0,87600000.0,452500000.0,,,164962647.0,168614835.0,147600000.0,4000000.0,324200000.0,,,,46600000.0,593700000.0,,518500000.0,40800000.0,1254400000.0,130100000.0,5851100000.0,,,433200000.0,1219200000.0,,341600000.0,,104200000.0,3709900000.0,3796400000.0,-509600000.0,2141200000.0,5851100000.0,121600000.0,30100000.0,,-15700000.0,,,,,51300000.0,-29500000.0,761000000.0,100000.0,,,,67200000.0,154500000.0,,3100000.0,-103800000.0,,,-648500000.0,5300000.0,
2018-12-31,2395100000.0,886200000.0,,47600000.0,378700000.0,1561000000.0,834100000.0,-114400000.0,719700000.0,121000000.0,598700000.0,3.63,3.56,164808110.0,168297836.0,139500000.0,,356400000.0,,56300000.0,,50700000.0,644500000.0,,555900000.0,3361500000.0,1227800000.0,99500000.0,5900300000.0,,77200000.0,383100000.0,1324600000.0,,,,104000000.0,3829700000.0,3942600000.0,-591900000.0,2070600000.0,5900300000.0,165300000.0,38500000.0,18800000.0,17400000.0,,,,,800000.0,-35200000.0,934400000.0,100000.0,,,,138200000.0,231000000.0,,3100000.0,-265400000.0,,,-669800000.0,-2800000.0,
2019-03-31,625000000.0,231400000.0,,,111400000.0,422600000.0,202400000.0,-400000.0,170100000.0,35700000.0,134400000.0,,,163528343.0,166544945.0,179500000.0,,438600000.0,,,,51000000.0,734900000.0,,557700000.0,3431700000.0,1249000000.0,116800000.0,6341100000.0,,,602100000.0,1058400000.0,,,,84200000.0,4170600000.0,4036000000.0,-532300000.0,2170500000.0,6341100000.0,46600000.0,9200000.0,,81600000.0,,,,,217700000.0,-400000.0,366100000.0,100000.0,,,,,45200000.0,,6000000.0,-120300000.0,,,-206400000.0,40000000.0,
2019-06-30,1277600000.0,474100000.0,,,223700000.0,856900000.0,420700000.0,-900000.0,357400000.0,72600000.0,284800000.0,,,163743835.0,166697276.0,153300000.0,,442600000.0,,,,26600000.0,710300000.0,,566500000.0,3400700000.0,1193900000.0,120900000.0,6234000000.0,,,559900000.0,920800000.0,,,,83700000.0,4023300000.0,4145300000.0,-592200000.0,2210700000.0,6234000000.0,92200000.0,27600000.0,,89700000.0,,,,,166800000.0,6800000.0,566400000.0,0.0,,,,,92100000.0,,7500000.0,-168100000.0,,,-386200000.0,-26200000.0,
2019-09-30,1930300000.0,717000000.0,,,478700000.0,1433800000.0,496500000.0,-6500000.0,396300000.0,78600000.0,317700000.0,,,163617580.0,166779618.0,311800000.0,,405500000.0,,,,18500000.0,831000000.0,,586500000.0,3367000000.0,1141200000.0,130600000.0,6289100000.0,,,460400000.0,973600000.0,,,,48700000.0,4225400000.0,4136600000.0,-678400000.0,2063700000.0,6289100000.0,,36400000.0,,54500000.0,,,,,-95300000.0,-7500000.0,779900000.0,,,,,114000000.0,152800000.0,,7700000.0,-274500000.0,,,-334800000.0,172300000.0,
2019-12-31,2607100000.0,976800000.0,,65600000.0,603500000.0,1910200000.0,696900000.0,-128500000.0,568400000.0,118500000.0,449900000.0,2.75,2.7,163535438.0,166560115.0,184600000.0,,441600000.0,,85300000.0,,17800000.0,744900000.0,,548100000.0,3864300000.0,1398900000.0,159800000.0,7055200000.0,,80000000.0,,1491800000.0,,,,48600000.0,4794400000.0,4228400000.0,-486900000.0,2260800000.0,7055200000.0,185700000.0,42700000.0,-27400000.0,70300000.0,,,,,11400000.0,-6900000.0,956300000.0,,,,,699200000.0,216800000.0,,7400000.0,-927900000.0,,,10900000.0,45100000.0,
2020-03-31,689800000.0,257700000.0,,,112100000.0,437500000.0,252300000.0,,216700000.0,45000000.0,171700000.0,,,162894306.0,165724120.0,204400000.0,,523300000.0,,,,19700000.0,814000000.0,,549300000.0,3742600000.0,1306600000.0,297900000.0,6928100000.0,,,668400000.0,1597900000.0,,,,49100000.0,4847600000.0,4353400000.0,-658700000.0,2080500000.0,6928100000.0,,19600000.0,,96500000.0,,,,,237600000.0,500000.0,362600000.0,,,,,,52900000.0,,-6100000.0,-87500000.0,,,-255400000.0,19500000.0,
2020-06-30,1368600000.0,493500000.0,,,208500000.0,856600000.0,512000000.0,-70500000.0,441500000.0,90800000.0,350700000.0,2.16,2.12,162633113.0,165413604.0,309400000.0,,454500000.0,,,,33200000.0,878700000.0,,560100000.0,3744100000.0,1264300000.0,309300000.0,7007900000.0,,,,1490300000.0,,,,57000000.0,4831800000.0,4488800000.0,-657200000.0,2176100000.0,7007900000.0,92000000.0,29100000.0,,-66100000.0,,,,,184800000.0,8700000.0,612100000.0,,,,,-0.0,109600000.0,,-4600000.0,-145700000.0,,,-342400000.0,124500000.0,
2020-09-30,2071200000.0,733400000.0,,,304800000.0,1283700000.0,787500000.0,-106000000.0,681500000.0,145000000.0,536500000.0,3.3,3.24,162589473.0,165731226.0,221800000.0,,433400000.0,,,,36200000.0,799700000.0,,606400000.0,3924900000.0,1316300000.0,325000000.0,7219600000.0,,,,1422900000.0,,,,67100000.0,4798300000.0,4630400000.0,-540900000.0,2421300000.0,7219600000.0,141300000.0,39100000.0,,-26800000.0,,,,,94300000.0,10200000.0,819200000.0,,,,,151900000.0,174400000.0,,-10300000.0,-364700000.0,,,-418900000.0,-87600000.0,
2020-12-31,2784600000.0,993900000.0,,48900000.0,413900000.0,1746500000.0,1038100000.0,-140600000.0,897500000.0,184800000.0,712700000.0,4.38,4.31,162610586.0,165320709.0,218800000.0,,432400000.0,,81500000.0,,36400000.0,794200000.0,,632300000.0,4108100000.0,1384800000.0,365700000.0,7561800000.0,,99300000.0,466700000.0,1430800000.0,,,,64700000.0,4863600000.0,4762200000.0,-375700000.0,2698200000.0,7561800000.0,192200000.0,47600000.0,31800000.0,-1800000.0,,,,,21200000.0,5800000.0,1068200000.0,,,,,275800000.0,246800000.0,,-7800000.0,-595800000.0,,,-445200000.0,34200000.0,
2021-03-31,726100000.0,262400000.0,,,119800000.0,475700000.0,250400000.0,-33700000.0,216700000.0,48700000.0,168600000.0,1.04,1.03,162641819.0,164436717.0,390900000.0,,519500000.0,,,,48300000.0,1041600000.0,,646600000.0,4135600000.0,1355700000.0,358000000.0,7810500000.0,,,723900000.0,1622900000.0,,,,47300000.0,5039000000.0,4884100000.0,-366200000.0,2756300000.0,7810500000.0,48500000.0,25400000.0,,89500000.0,,,,,256900000.0,-17100000.0,448700000.0,,,,,13700000.0,59200000.0,,-400000.0,-73700000.0,,,-199200000.0,172100000.0,
2021-06-30,1473600000.0,527300000.0,,,231200000.0,955800000.0,517800000.0,-65700000.0,452100000.0,132500000.0,322600000.0,1.99,1.97,162324802.0,163741628.0,276300000.0,,467400000.0,,,,45400000.0,918700000.0,,657600000.0,4168900000.0,1319000000.0,382900000.0,7713600000.0,,,655300000.0,1493900000.0,,,,51200000.0,4943400000.0,4991000000.0,-348900000.0,2753500000.0,7713600000.0,101800000.0,36200000.0,,-48500000.0,,,,,187700000.0,-17900000.0,681900000.0,,,,,31500000.0,121700000.0,,-800000.0,-173500000.0,,,-447900000.0,-114600000.0,
2021-09-30,2232600000.0,792600000.0,,,346300000.0,1425900000.0,806700000.0,-95500000.0,711200000.0,186700000.0,524300000.0,3.24,3.21,162005382.0,163425349.0,302100000.0,,468000000.0,,,,40100000.0,934100000.0,,674600000.0,4129500000.0,1265300000.0,392700000.0,7662500000.0,,,584400000.0,1843100000.0,,,,48700000.0,4928700000.0,5145700000.0,-428600000.0,2714400000.0,7662500000.0,153900000.0,47400000.0,,48900000.0,,,,,116500000.0,-20600000.0,967100000.0,,,,,49400000.0,183100000.0,,-800000.0,-261200000.0,,,-617100000.0,83300000.0,
2021-12-31,2998600000.0,1057800000.0,,49200000.0,422700000.0,1998100000.0,1000500000.0,-125100000.0,875400000.0,209100000.0,666200000.0,4.12,4.08,161841441.0,163338909.0,280300000.0,,446300000.0,,81000000.0,,36700000.0,902600000.0,,658200000.0,4331200000.0,1225900000.0,430500000.0,7808100000.0,,117300000.0,501000000.0,1843200000.0,,,,54400000.0,4965600000.0,5240400000.0,-394600000.0,2816500000.0,7808100000.0,206900000.0,55700000.0,49800000.0,29700000.0,,,,,32400000.0,-35800000.0,1155700000.0,,,,,289800000.0,268400000.0,,-200000.0,-592000000.0,,,-498900000.0,61500000.0,
2022-03-31,775500000.0,280500000.0,,,135300000.0,132900000.0,642600000.0,-31700000.0,610900000.0,105100000.0,505700000.0,3.15,3.13,160680955.0,161638617.0,397900000.0,,528300000.0,,,,36000000.0,1119400000.0,,635900000.0,3957600000.0,1280100000.0,438600000.0,8159000000.0,,,707000000.0,2404600000.0,,,,47500000.0,5483100000.0,5696900000.0,-465000000.0,2658600000.0,8159000000.0,49600000.0,20500000.0,,133100000.0,,,,,266100000.0,-4200000.0,399600000.0,,,,,445400000.0,60000000.0,,-0.0,26300000.0,,,-293600000.0,125700000.0,
2022-06-30,1521800000.0,526600000.0,,,261200000.0,610100000.0,911700000.0,-58800000.0,852900000.0,149300000.0,703400000.0,4.41,4.39,159326855.0,160381090.0,480700000.0,,488900000.0,,,,44100000.0,1186600000.0,,646900000.0,3820400000.0,1183400000.0,440900000.0,7508900000.0,,,659600000.0,2112500000.0,,,,42400000.0,5138900000.0,5845500000.0,-683400000.0,2351900000.0,7508900000.0,99400000.0,38900000.0,,103300000.0,,,,,227700000.0,-9100000.0,529800000.0,,,,,448900000.0,129200000.0,,-0.0,451100000.0,,,-761000000.0,200400000.0,
2022-09-30,2267100000.0,773300000.0,,,387100000.0,1078800000.0,1188300000.0,-90200000.0,1098100000.0,205000000.0,892800000.0,5.63,5.59,158531439.0,159580262.0,276800000.0,,458400000.0,,,,40400000.0,918400000.0,,652000000.0,3655600000.0,1090500000.0,440400000.0,6974600000.0,,,560100000.0,1980300000.0,,,,42200000.0,4968600000.0,5986100000.0,-916100000.0,1989000000.0,6974600000.0,151100000.0,50200000.0,,82300000.0,,,,,134300000.0,-9200000.0,810000000.0,,,,,448900000.0,195000000.0,,-0.0,383200000.0,,,-1160800000.0,-203900000.0,
2022-12-31,2497000000.0,824600000.0,,43100000.0,381500000.0,1090500000.0,1406500000.0,-144100000.0,1262400000.0,220300000.0,953900000.0,6.04,6.0,157905718.0,158928942.0,112500000.0,,290100000.0,,190900000.0,,32000000.0,925100000.0,,541500000.0,1676000000.0,504800000.0,371400000.0,6961100000.0,,128700000.0,321700000.0,2319200000.0,,,,17900000.0,5193400000.0,5999100000.0,-731200000.0,1749300000.0,6961100000.0,197100000.0,56500000.0,-93300000.0,57700000.0,,,,,64500000.0,-29000000.0,1059000000.0,,,,,448900000.0,274700000.0,,-0.0,301400000.0,,,-1330200000.0,12400000.0,
2023-03-31,651600000.0,216200000.0,,,79000000.0,357500000.0,294100000.0,-27500000.0,266600000.0,72200000.0,56300000.0,0.37,0.37,152032255.0,152709319.0,231900000.0,,433300000.0,,,,45500000.0,790800000.0,,561100000.0,1705500000.0,505900000.0,391800000.0,4190000000.0,,,549500000.0,890100000.0,,,,37000000.0,4110400000.0,6006700000.0,29400000.0,68400000.0,4190000000.0,44600000.0,23900000.0,,185400000.0,,,,,261300000.0,17600000.0,365300000.0,,,,,,61200000.0,,100000.0,2967100000.0,,,-3405000000.0,-60800000.0,
2023-06-30,1326600000.0,433100000.0,,,165800000.0,726500000.0,600100000.0,-65300000.0,534800000.0,136100000.0,253200000.0,1.71,1.7,148433375.0,149104720.0,308700000.0,,381300000.0,,,,52600000.0,854800000.0,,581900000.0,1755200000.0,508000000.0,385700000.0,4315700000.0,,,468700000.0,800800000.0,,,,36800000.0,4009900000.0,6153800000.0,45700000.0,294000000.0,4315700000.0,91100000.0,33900000.0,,127200000.0,,,,,174700000.0,17400000.0,558200000.0,,,,,,119400000.0,,300000.0,2858800000.0,,,-3401800000.0,76800000.0,
2023-09-30,2004200000.0,650300000.0,,,277400000.0,1123000000.0,881200000.0,-96700000.0,784500000.0,198400000.0,440600000.0,2.99,2.98,147292590.0,147983986.0,416800000.0,,353400000.0,,,,51600000.0,928200000.0,,611700000.0,1731800000.0,481500000.0,387900000.0,4363900000.0,,,423800000.0,784100000.0,,,,16400000.0,3968700000.0,6291800000.0,15800000.0,384500000.0,4363900000.0,139200000.0,46300000.0,,104300000.0,,,,,131100000.0,-38500000.0,808300000.0,,,,,,173700000.0,,400000.0,2803500000.0,,,-3491400000.0,124100000.0,
2023-12-31,2681400000.0,876500000.0,,36800000.0,391800000.0,1549700000.0,1131700000.0,-104500000.0,1027200000.0,258800000.0,614600000.0,4.19,4.17,146623989.0,147336159.0,302700000.0,,334200000.0,,157200000.0,,65200000.0,810100000.0,,604900000.0,1760800000.0,471700000.0,496100000.0,4366100000.0,,158400000.0,375100000.0,771400000.0,,,,14600000.0,4043900000.0,6416900000.0,58200000.0,310000000.0,4366100000.0,206800000.0,54000000.0,-29000000.0,83000000.0,,,,,81200000.0,-5100000.0,1060700000.0,,,,,83300000.0,230000000.0,,600000.0,2746500000.0,,,-3786500000.0,10000000.0,
2024-03-31,704000000.0,227800000.0,,,92900000.0,396600000.0,307400000.0,-32200000.0,275200000.0,55800000.0,219600000.0,1.53,1.52,143298163.0,143973534.0,352400000.0,,486600000.0,,,,60500000.0,1017000000.0,,612500000.0,1760600000.0,452100000.0,438400000.0,4498600000.0,,,635500000.0,929800000.0,,,,21100000.0,4210800000.0,6580900000.0,43600000.0,282200000.0,4498600000.0,57400000.0,13200000.0,,155900000.0,,,,,260800000.0,4100000.0,372200000.0,,,,,,55200000.0,,-0.0,-79900000.0,,,-242500000.0,49700000.0,
2024-06-30,1420800000.0,447200000.0,,,194400000.0,794700000.0,626100000.0,74300000.0,668200000.0,141000000.0,527700000.0,3.69,3.67,143001836.0,143633378.0,632100000.0,,479100000.0,,,,36000000.0,1307200000.0,,623800000.0,1758500000.0,433100000.0,433300000.0,4767900000.0,,,572700000.0,1371300000.0,,,,22600000.0,4332600000.0,6833300000.0,43300000.0,430300000.0,4767900000.0,116400000.0,25600000.0,,151800000.0,,,,,197900000.0,5300000.0,592400000.0,,,,,,113000000.0,,-0.0,56100000.0,,,-236900000.0,329400000.0,
2024-09-30,2146100000.0,670600000.0,,,308400000.0,1208500000.0,937600000.0,-26200000.0,953500000.0,206300000.0,747800000.0,5.24,5.22,142594074.0,143259411.0,458000000.0,,446100000.0,,,,31000000.0,1092600000.0,,621800000.0,1792800000.0,422600000.0,437000000.0,4563200000.0,,,499000000.0,1335100000.0,,,,20200000.0,4258500000.0,6998100000.0,91000000.0,299600000.0,4563200000.0,174500000.0,37200000.0,,120200000.0,,,,,122200000.0,3100000.0,888600000.0,,,,,,168500000.0,,-0.0,-76400000.0,,,-658200000.0,-174100000.0,
,,,,,,,,,,,,,,,,,,,,,,,,,,,,,,,,,,,,,,,,,,,,,,,,,,,,,,,,,,,,,,,,,,,
,,,,,,,,,,,,,,,,,,,,,,,,,,,,,,,,,,,,,,,,,,,,,,,,,,,,,,,,,,,,,,,,,,,
,,,,,,,,,,,,,,,,,,,,,,,,,,,,,,,,,,,,,,,,,,,,,,,,,,,,,,,,,,,,,,,,,,,
,,,,,,,,,,,,,,,,,,,,,,,,,,,,,,,,,,,,,,,,,,,,,,,,,,,,,,,,,,,,,,,,,,,
,,,,,,,,,,,,,,,,,,,,,,,,,,,,,,,,,,,,,,,,,,,,,,,,,,,,,,,,,,,,,,,,,,,
