Date,Net sales,Cost of sales,Gross margin,Research and development,"Selling, general and administrative",Total operating expenses,Operating income,"Other income/(expense), net",Income before provision for income taxes,Provision for income taxes,Net income,Earnings per share basic,Earnings per share diluted,Weighted-average basic,Weighted-average diluted,Cash and cash equivalents,Short-term marketable securities,"Accounts receivable, net",Inventories,Deferred tax assets,Vendor non-trade receivables,Other current assets,Total current assets,Long-term marketable securities,"Property, Plant and Equipment, Net",Goodwill,"Acquired intangible assets, net","Other Assets, Noncurrent",Total assets,accounts payable,Accrued expenses,Deferred revenue,Total current liabilities,Deferred revenue - non-current,deferred tax liabilities,long term taxes payable,Total other non-current liabilities,Total liabilities,Retained Earnings (Accumulated Deficit),Accumulated other comprehensive (loss)/income,Total shareholders equity,Total liabilities and shareholders' equity,"Depreciation, amortization and accretion",Stock-based compensation expense,Deferred income tax expense,"Increase (Decrease) in Accounts receivable, net",Increase (Decrease) in Inventories,Increase (Decrease) in Other Receivables,Increase (Decrease) in Other Operating Assets,Increase (Decrease) in Accounts Payable,Increase (Decrease) in Deferred Revenue,Increase (Decrease) Other liabilities,Cash generated by operating activities,Purchases of marketable securities,Proceeds from maturities of marketable securities,Proceeds from sales of marketable securities,Purchases of other long-term investments,"Business acquisitions, net of cash acquired",Cash payments for capital asset purchases,Payments for acquisition of intangible assets,Payments for (Proceeds from) Other Investing Activities,Cash used in investing activities,Proceeds from issuance of common stock,Excess tax benefits from stock-based compensation,Cash generated/used in financing activities,Increase/(decrease) in cash and cash equivalents,"Cash paid for income taxes, net"
2010-03-31,22429000.0,,,143012000.0,35552000.0,182711000.0,-160282000.0,,,,,-0.83,-0.83,198935000.0,198935000.0,396547000.0,696136000.0,7876000.0,,,,,1126768000.0,,58109000.0,26102000.0,,10310000.0,1770302000.0,29121000.0,92234000.0,69575000.0,211540000.0,215488000.0,160278000.0,,,779690000.0,-2855054000.0,-1080000.0,,1770302000.0,7584000.0,19333000.0,,-1714000.0,,,,-7964000.0,-15468000.0,,-196462000.0,42022000.0,,,,,3110000.0,,380000.0,138762000.0,,,7642000.0,-50111000.0,
2010-06-30,54051000.0,,,298094000.0,76467000.0,383906000.0,-329855000.0,,,,,-1.83,-1.83,200397000.0,200397000.0,337608000.0,641537000.0,3548000.0,,,,,1004555000.0,,60438000.0,26102000.0,,10317000.0,1654202000.0,46495000.0,106668000.0,78273000.0,292376000.0,195223000.0,160278000.0,,,827067000.0,-3055060000.0,-558000.0,,1654202000.0,15496000.0,43782000.0,,-6045000.0,,,,9636000.0,-27035000.0,,-305349000.0,321252000.0,,,,,12796000.0,,906000.0,179410000.0,,,17115000.0,-109050000.0,
2010-09-30,77846000.0,,,468528000.0,125322000.0,607289000.0,-529443000.0,,,,,-2.87,-2.87,200887000.0,200887000.0,569901000.0,633110000.0,4964000.0,,,,,1226439000.0,,65439000.0,26102000.0,,18059000.0,1888829000.0,24644000.0,127969000.0,98977000.0,311567000.0,177962000.0,160278000.0,,,1238733000.0,-3264017000.0,-677000.0,,1888829000.0,22254000.0,67550000.0,,-4641000.0,,,,-12315000.0,-23592000.0,,-469339000.0,774530000.0,,,,,23626000.0,,862000.0,176996000.0,,,415610000.0,123243000.0,
2011-03-31,73662000.0,,,158612000.0,71523000.0,233561000.0,-159899000.0,,,,,-0.87,-0.87,202329000.0,202329000.0,446536000.0,376916000.0,5594000.0,17816000.0,,,,872974000.0,,70877000.0,26102000.0,,15723000.0,1538487000.0,34881000.0,116092000.0,74193000.0,416195000.0,144416000.0,160278000.0,,,1146815000.0,-3620505000.0,-633000.0,,1538487000.0,8858000.0,27879000.0,,-6922000.0,17662000.0,,,-1066000.0,-16059000.0,,-186628000.0,124996000.0,,,,,4850000.0,,543000.0,405952000.0,,,-16357000.0,203339000.0,
2011-06-30,188086000.0,,,332216000.0,168186000.0,513875000.0,-325789000.0,,-350966000.0,24448000.0,-350165000.0,-1.72,-1.72,204413000.0,204413000.0,458195000.0,135296000.0,96016000.0,52622000.0,,,,827124000.0,,84203000.0,33501000.0,,14858000.0,1763100000.0,67275000.0,141167000.0,65018000.0,478968000.0,134036000.0,260448000.0,,6233000.0,1313920000.0,-3794574000.0,-707000.0,307549000.0,1763100000.0,17567000.0,59758000.0,,83714000.0,52086000.0,,,30147000.0,-35614000.0,,-402823000.0,135109000.0,,,,,15281000.0,60000000.0,350000.0,578742000.0,,,38673000.0,214998000.0,
2011-09-30,847286000.0,,,521268000.0,278840000.0,957368000.0,215707000.0,,200610000.0,-27842000.0,221110000.0,1.06,1.02,206002000.0,219349000.0,542545000.0,116140000.0,445661000.0,67654000.0,,,,1245825000.0,,101268000.0,33501000.0,,13785000.0,2091998000.0,49248000.0,229865000.0,55695000.0,548949000.0,126221000.0,231184000.0,,7848000.0,1361152000.0,-3573464000.0,-945000.0,579762000.0,2091998000.0,25317000.0,89172000.0,,433132000.0,66824000.0,,,12103000.0,-52752000.0,,-359928000.0,251089000.0,,,,,25266000.0,60000000.0,545000.0,600188000.0,,,58742000.0,,
2011-12-31,1410626000.0,,,707706000.0,400721000.0,1296806000.0,113820000.0,,60445000.0,19266000.0,29574000.0,0.14,0.14,204891000.0,208807000.0,475320000.0,493602000.0,183135000.0,112430000.0,230000.0,,,1331254000.0,,133176000.0,30992000.0,,11268000.0,2204280000.0,74642000.0,252299000.0,45037000.0,392348000.0,118095000.0,243707000.0,,7287000.0,1238768000.0,-3414835000.0,-1053000.0,786843000.0,2204280000.0,35041000.0,118226000.0,-11103000.0,170606000.0,111388000.0,,,37468000.0,-71536000.0,,143735000.0,721545000.0,,,,,34595000.0,60000000.0,183000.0,212412000.0,,900000.0,-124238000.0,,0.0
2012-03-31,438737000.0,,,196371000.0,111146000.0,347088000.0,91649000.0,,87908000.0,32000.0,91590000.0,0.44,0.43,208018000.0,219264000.0,267923000.0,712944000.0,232228000.0,129595000.0,,,,1436114000.0,,170331000.0,30992000.0,,10816000.0,2345843000.0,73226000.0,241483000.0,30491000.0,356815000.0,116189000.0,241426000.0,,10885000.0,1240266000.0,-3323245000.0,-628000.0,930498000.0,2345843000.0,8560000.0,27688000.0,,49093000.0,16915000.0,,,-1400000.0,-16452000.0,,2916000.0,403179000.0,,,,,6155000.0,,216000.0,-231702000.0,,227000.0,21525000.0,,
2012-06-30,857042000.0,,,392915000.0,228660000.0,776163000.0,80879000.0,,73503000.0,20095000.0,-64931000.0,-0.31,-0.31,211344000.0,212957000.0,454061000.0,769273000.0,185618000.0,87805000.0,,,,1593305000.0,,272561000.0,30992000.0,,10408000.0,2604856000.0,59352000.0,271464000.0,27296000.0,379710000.0,110072000.0,263017000.0,,28010000.0,1361249000.0,-3388176000.0,-673000.0,1037773000.0,2604856000.0,17225000.0,59067000.0,,2483000.0,34288000.0,,,-15313000.0,-25764000.0,,121321000.0,777604000.0,,,,,21698000.0,,485000.0,-301745000.0,,1214000.0,159217000.0,,
2012-09-30,1193048000.0,,,593076000.0,326344000.0,1113240000.0,79808000.0,,68391000.0,41450000.0,-57543000.0,-0.27,-0.27,213767000.0,213767000.0,436886000.0,861656000.0,139629000.0,86275000.0,,,,1634523000.0,,124148000.0,30992000.0,,10393000.0,2718823000.0,83732000.0,273285000.0,27303000.0,406731000.0,103626000.0,279466000.0,,28739000.0,1454077000.0,-3445719000.0,-416000.0,1027733000.0,2718823000.0,25818000.0,86649000.0,,-43538000.0,32419000.0,,,1359000.0,-32203000.0,,227282000.0,1309044000.0,,,,,43094000.0,,997000.0,-432973000.0,,1097000.0,167367000.0,,
2012-12-31,1527042000.0,,,806185000.0,436796000.0,1524710000.0,2332000.0,,-12381000.0,38754000.0,-107032000.0,-0.5,-0.5,211946000.0,211946000.0,489407000.0,831808000.0,143250000.0,30464000.0,609000.0,,,1589585000.0,,433609000.0,30992000.0,,9668000.0,2759288000.0,101292000.0,264884000.0,27566000.0,432624000.0,96242000.0,280367000.0,,13902000.0,1524906000.0,-3521867000.0,-550000.0,999180000.0,2759288000.0,38191000.0,114285000.0,36660000.0,-39912000.0,29925000.0,,,14892000.0,-39324000.0,,267841000.0,1705829000.0,,,,,71140000.0,0.0,826000.0,-425817000.0,,1971000.0,172204000.0,,9318000.0
2013-03-31,328368000.0,,,218095000.0,92879000.0,766656000.0,-438288000.0,,-442940000.0,-130313000.0,-308016000.0,-1.43,-1.43,215421000.0,215421000.0,379099000.0,860255000.0,194054000.0,21532000.0,,,,1565783000.0,,504232000.0,30992000.0,,8693000.0,2392234000.0,59627000.0,274061000.0,35533000.0,407639000.0,90297000.0,151664000.0,,16678000.0,1415402000.0,-3829883000.0,-1149000.0,746115000.0,2392234000.0,10691000.0,31275000.0,,48834000.0,-9231000.0,,,-40571000.0,2022000.0,,-65778000.0,458971000.0,,,,,16607000.0,,-472000.0,-37596000.0,,0.0,-6135000.0,,1541000.0
2013-06-30,639118000.0,,,440550000.0,199400000.0,1134339000.0,-495221000.0,,-506451000.0,-132112000.0,-365181000.0,-1.67,-1.67,222053000.0,222053000.0,531247000.0,899449000.0,164866000.0,19509000.0,,,,1716590000.0,,581738000.0,30992000.0,,4287000.0,2584329000.0,48570000.0,260849000.0,32900000.0,381652000.0,84066000.0,149706000.0,,16049000.0,1035666000.0,-3887048000.0,-1230000.0,1322453000.0,2584329000.0,21245000.0,72625000.0,,18462000.0,6620000.0,,,53374000.0,-6842000.0,,-66705000.0,898706000.0,,,,,18408000.0,,,-42287000.0,,0.0,151353000.0,,
2013-09-30,860818000.0,,,669174000.0,287154000.0,1490104000.0,-629286000.0,,-635864000.0,-132863000.0,-489313000.0,-2.2,-2.2,230505000.0,230505000.0,583181000.0,839469000.0,120281000.0,13537000.0,,,,1648631000.0,,648924000.0,30992000.0,,3474000.0,2582748000.0,51533000.0,280848000.0,31007000.0,409499000.0,77354000.0,150203000.0,,10782000.0,1096068000.0,-4011180000.0,-550000.0,1264888000.0,2582748000.0,30734000.0,103933000.0,,-20737000.0,5212000.0,,,46005000.0,-15447000.0,,-80425000.0,1850015000.0,,,,,36922000.0,,,7249000.0,,0.0,164359000.0,,
2013-12-31,1211975000.0,,,918783000.0,362342000.0,2115423000.0,-903448000.0,,-976117000.0,-288567000.0,-445028000.0,-1.98,-1.98,224906000.0,224906000.0,569299000.0,895777000.0,85517000.0,14147000.0,134099000.0,,,1588576000.0,,696911000.0,30992000.0,,2432000.0,2319041000.0,49327000.0,271077000.0,21510000.0,397829000.0,49459000.0,0.0,,11590000.0,962636000.0,-3966895000.0,-306000.0,1356405000.0,2319041000.0,48365000.0,127303000.0,-280367000.0,-53363000.0,-7142000.0,,,-49234000.0,-53011000.0,,-51570000.0,2412418000.0,,,,,51393000.0,0.0,-1698000.0,-54130000.0,,-1252000.0,180884000.0,,2840000.0
2014-03-31,118451000.0,,,238963000.0,74212000.0,334839000.0,-216388000.0,,-231654000.0,803000.0,-232457000.0,-1.0,-1.0,232887000.0,232887000.0,424045000.0,900155000.0,59858000.0,11261000.0,,,,1430330000.0,,726204000.0,30992000.0,,9452000.0,2197108000.0,49571000.0,234386000.0,28836000.0,373500000.0,43889000.0,,,12030000.0,966230000.0,-4199352000.0,-297000.0,1230878000.0,2197108000.0,15788000.0,46580000.0,,-25237000.0,-2488000.0,,,978000.0,1756000.0,,-175762000.0,380949000.0,,,,,15526000.0,,,-20407000.0,,,50416000.0,,
2014-06-30,256872000.0,,,463743000.0,151658000.0,654095000.0,-397223000.0,,-390343000.0,1496000.0,-391839000.0,-1.68,-1.68,233808000.0,233808000.0,420558000.0,798603000.0,81842000.0,11982000.0,,,,1347384000.0,,730000000.0,30992000.0,,9315000.0,2117820000.0,55363000.0,237789000.0,27174000.0,362973000.0,38105000.0,,,15666000.0,945551000.0,-4358734000.0,-23000.0,1172269000.0,2117820000.0,29960000.0,89024000.0,,-2518000.0,-1194000.0,,,7671000.0,-5866000.0,,-303682000.0,703977000.0,,,,,27227000.0,,,69475000.0,,,83821000.0,,
2014-09-30,435859000.0,,,654043000.0,226882000.0,974646000.0,-538787000.0,,-556281000.0,4915000.0,-561899000.0,-2.4,-2.4,236137000.0,236137000.0,718563000.0,759174000.0,114308000.0,16753000.0,,,,1650096000.0,,720878000.0,30992000.0,,3999000.0,2406086000.0,38472000.0,244279000.0,21210000.0,372178000.0,34723000.0,,,15950000.0,1250181000.0,-4528794000.0,1161000.0,1155905000.0,2406086000.0,46921000.0,135160000.0,,7315000.0,4901000.0,,,-5544000.0,-15085000.0,,-391329000.0,1066772000.0,,,,,36525000.0,,,100020000.0,,,441054000.0,,
2014-12-31,580415000.0,,,855506000.0,305409000.0,1272827000.0,-692412000.0,,-734875000.0,6958000.0,-738555000.0,-3.14,-3.14,235307000.0,235307000.0,625259000.0,761847000.0,75964000.0,30848000.0,158994000.0,,7002000.0,1546511000.0,,715812000.0,39915000.0,,3441000.0,2334679000.0,71194000.0,209676000.0,17468000.0,368254000.0,27808000.0,15044000.0,,21707000.0,1238496000.0,-4705450000.0,917000.0,1075006000.0,2334679000.0,63257000.0,177542000.0,282000.0,-7428000.0,16469000.0,,,25048000.0,-25531000.0,,-513199000.0,1424172000.0,,,,,51201000.0,10000000.0,244000.0,73959000.0,,2160000.0,497376000.0,,1210000.0
2015-03-31,138509000.0,,,215599000.0,85860000.0,310494000.0,-171985000.0,,-198405000.0,299000.0,-198606000.0,-0.83,-0.83,239493000.0,239493000.0,664879000.0,516255000.0,80332000.0,34089000.0,,,,1358203000.0,,708616000.0,39915000.0,,7952000.0,2165827000.0,43524000.0,176981000.0,15918000.0,302438000.0,24000000.0,15093000.0,,32696000.0,1168290000.0,-4904056000.0,791000.0,976458000.0,2165827000.0,16363000.0,57384000.0,,5863000.0,2635000.0,,,-23556000.0,-5333000.0,,-207181000.0,125655000.0,,,,,10558000.0,,-799000.0,214038000.0,,,35359000.0,,
2015-06-30,304585000.0,,,439457000.0,180254000.0,647734000.0,-343149000.0,,-389266000.0,30430000.0,-387454000.0,-1.61,-1.61,240757000.0,240757000.0,870543000.0,145907000.0,94519000.0,42113000.0,,,,1294689000.0,,713378000.0,50384000.0,,9136000.0,2374073000.0,72703000.0,206030000.0,14930000.0,373823000.0,21019000.0,112413000.0,,41252000.0,1325857000.0,-5092904000.0,-1707000.0,894964000.0,2374073000.0,30428000.0,120645000.0,,21197000.0,9426000.0,,,-3033000.0,-9303000.0,,-302394000.0,125655000.0,,,,,23978000.0,80000000.0,-87000.0,492481000.0,,,56503000.0,,
2015-09-30,614401000.0,,,685741000.0,280026000.0,1027576000.0,-413175000.0,,-481752000.0,31760000.0,-482603000.0,-2.0,-2.0,241969000.0,241969000.0,756250000.0,249580000.0,165272000.0,49197000.0,,,,1359452000.0,,706670000.0,50384000.0,,11061000.0,2433993000.0,78899000.0,249698000.0,14000000.0,374959000.0,17501000.0,113860000.0,,34990000.0,1357261000.0,-5188053000.0,1511000.0,922147000.0,2433993000.0,46596000.0,186379000.0,,88735000.0,16127000.0,,,6283000.0,-13751000.0,,-349418000.0,292135000.0,,,,,32775000.0,80000000.0,982000.0,391546000.0,,,91122000.0,130991000.0,
2015-12-31,1032336000.0,,,995922000.0,376575000.0,1499215000.0,-466879000.0,,-557800000.0,30381000.0,-556334000.0,-2.31,-2.31,241312000.0,241312000.0,714768000.0,327694000.0,177639000.0,57207000.0,176867000.0,,12065000.0,1407153000.0,,697715000.0,50384000.0,,7200000.0,2498875000.0,74942000.0,305820000.0,16296000.0,506349000.0,9714000.0,110439000.0,,31778000.0,1405247000.0,-5261784000.0,1824000.0,939967000.0,2498875000.0,62343000.0,231025000.0,298000.0,104847000.0,23146000.0,,,-1709000.0,-19242000.0,,-365432000.0,633041000.0,,,,,45302000.0,80000000.0,-52000.0,268856000.0,,0.0,188919000.0,,1806000.0
2016-03-31,398080000.0,,,255860000.0,105214000.0,412410000.0,-14330000.0,,-30617000.0,5485000.0,-41631000.0,-0.17,-0.17,243831000.0,243831000.0,604245000.0,421373000.0,181878000.0,63200000.0,,,,1402835000.0,,690521000.0,50384000.0,,7600000.0,2487906000.0,75221000.0,272665000.0,14705000.0,552041000.0,8490000.0,112259000.0,,31822000.0,1371708000.0,-5303415000.0,-4899000.0,957079000.0,2487906000.0,16415000.0,55472000.0,,2512000.0,4771000.0,,,-343000.0,-2815000.0,,-15137000.0,224624000.0,,,,,11974000.0,,-83000.0,-102708000.0,,,4702000.0,-110523000.0,
2016-06-30,829688000.0,,,526868000.0,216866000.0,840665000.0,-10977000.0,,-48638000.0,23615000.0,-106156000.0,-0.43,-0.43,244482000.0,244482000.0,605866000.0,465570000.0,189356000.0,66589000.0,,,,1454150000.0,,690607000.0,50384000.0,,14203000.0,2548982000.0,51302000.0,275165000.0,11468000.0,622855000.0,7411000.0,132810000.0,,30648000.0,1380137000.0,-5367940000.0,-3390000.0,981354000.0,2548982000.0,31378000.0,117414000.0,,12954000.0,7779000.0,,,-23821000.0,-7131000.0,,25723000.0,470077000.0,,,,,27892000.0,0.0,159000.0,-160490000.0,,,25955000.0,-108902000.0,
2016-09-30,1243471000.0,,,799238000.0,322921000.0,1273175000.0,-29704000.0,,-87672000.0,24118000.0,-144997000.0,-0.59,-0.59,244920000.0,244920000.0,719692000.0,408749000.0,182229000.0,71799000.0,,,,1501901000.0,,687613000.0,50384000.0,,10002000.0,2609641000.0,50914000.0,292015000.0,9247000.0,722841000.0,6559000.0,133270000.0,,30524000.0,1401300000.0,-5406781000.0,-3845000.0,1021546000.0,2609641000.0,45947000.0,178623000.0,,9760000.0,11536000.0,,,-21532000.0,-10204000.0,,91379000.0,616625000.0,,,20000000.0,,41775000.0,0.0,90000.0,-125699000.0,,,39509000.0,4924000.0,1617000.0
2016-12-31,1702177000.0,,,1047690000.0,432829000.0,1692241000.0,9936000.0,,-67366000.0,16665000.0,-112052000.0,-0.46,-0.46,244685000.0,244685000.0,1183945000.0,250612000.0,201083000.0,77604000.0,250749000.0,,16780000.0,1831540000.0,,698362000.0,50384000.0,,11833000.0,2896787000.0,61451000.0,315249000.0,6005000.0,792537000.0,6632000.0,134063000.0,,102122000.0,1558596000.0,-5373836000.0,21173000.0,1156582000.0,2896787000.0,61398000.0,237705000.0,16856000.0,33027000.0,16450000.0,,,-11745000.0,-13372000.0,,236103000.0,616625000.0,,,,,56563000.0,0.0,7000.0,104469000.0,,0.0,133271000.0,,-2579000.0
2017-03-31,714718000.0,,,273563000.0,113326000.0,443876000.0,270842000.0,,253533000.0,3985000.0,247756000.0,1.01,0.99,246024000.0,248700000.0,1003679000.0,405103000.0,207955000.0,82020000.0,,,,1871814000.0,,708395000.0,50384000.0,,11494000.0,2946703000.0,63145000.0,277962000.0,6057000.0,489796000.0,5742000.0,135402000.0,,28467000.0,1263910000.0,-5135451000.0,16025000.0,1500008000.0,2946703000.0,14850000.0,68982000.0,,5118000.0,3650000.0,,,717000.0,-839000.0,,265692000.0,248273000.0,,,,,11159000.0,,-60000.0,-157781000.0,,,-289565000.0,-180266000.0,1164000.0
2017-06-30,1258853000.0,,,563014000.0,240575000.0,935304000.0,323549000.0,,289039000.0,8322000.0,265752000.0,1.08,1.06,247521000.0,251635000.0,1223130000.0,445520000.0,247949000.0,92263000.0,,,,2180572000.0,,740103000.0,50400000.0,,9943000.0,3285594000.0,75941000.0,345062000.0,7277000.0,625406000.0,4161000.0,136649000.0,,25221000.0,1418363000.0,-5117455000.0,-21753000.0,1671273000.0,3285594000.0,29740000.0,141564000.0,,41450000.0,22028000.0,,,14047000.0,-1199000.0,,447345000.0,377667000.0,,,,,28866000.0,,-388000.0,-254128000.0,,,-157532000.0,39185000.0,2218000.0
2017-09-30,1837018000.0,,,1017961000.0,361285000.0,1839512000.0,-326043000.0,,-417170000.0,-125903000.0,162800000.0,0.66,0.64,250268000.0,252095000.0,1384966000.0,427282000.0,263493000.0,98192000.0,,,,2327974000.0,,759978000.0,50400000.0,,10542000.0,3198325000.0,77138000.0,378554000.0,13003000.0,710739000.0,2917000.0,10682000.0,,26029000.0,1395081000.0,-5220407000.0,-25129000.0,1791077000.0,3198325000.0,44965000.0,215334000.0,,54455000.0,28570000.0,,,6925000.0,3237000.0,,617431000.0,431653000.0,,,,,56817000.0,,-380000.0,-416584000.0,,,-4827000.0,201021000.0,4154000.0
2017-12-31,2488652000.0,,,1324625000.0,496079000.0,2365409000.0,123243000.0,,-15689000.0,-107324000.0,263484000.0,1.06,1.04,248858000.0,253225000.0,1665412000.0,423254000.0,281343000.0,111830000.0,181600000.0,,74253000.0,2648963000.0,,789437000.0,50384000.0,,7783000.0,3546014000.0,73994000.0,443961000.0,5169000.0,807260000.0,1726000.0,6341000.0,,26048000.0,1503708000.0,-5119723000.0,-11572000.0,2028579000.0,3546014000.0,61397000.0,290736000.0,-127484000.0,71759000.0,44984000.0,,,8753000.0,-5913000.0,,844942000.0,532581000.0,,,,,99421000.0,0.0,-436000.0,-437681000.0,,,68404000.0,481467000.0,6414000.0
2018-03-31,640799000.0,,,310553000.0,129808000.0,511898000.0,128901000.0,,214642000.0,-12700000.0,210263000.0,0.83,0.81,253231000.0,258526000.0,1995893000.0,481124000.0,327294000.0,117346000.0,,,,3041116000.0,,800670000.0,50400000.0,,31804000.0,3952974000.0,74062000.0,411231000.0,,827312000.0,,9636000.0,,27462000.0,1522153000.0,-4876111000.0,-39743000.0,2401056000.0,3952974000.0,16343000.0,78136000.0,,13473000.0,8208000.0,,,2154000.0,,,252657000.0,38653000.0,,,,,29279000.0,,,4933000.0,,,78956000.0,338202000.0,1897000.0
2018-06-30,1392956000.0,,,648085000.0,267111000.0,1091177000.0,301779000.0,,431233000.0,10341000.0,417623000.0,1.65,1.61,254135000.0,258584000.0,2145359000.0,622396000.0,393439000.0,115025000.0,,,,3407423000.0,,815928000.0,50400000.0,,32651000.0,4335386000.0,83034000.0,479120000.0,,927300000.0,,9335000.0,,25591000.0,1620503000.0,-4668751000.0,-4605000.0,2686228000.0,4335386000.0,34402000.0,160572000.0,,88166000.0,9366000.0,,,12229000.0,,,574360000.0,202002000.0,,,,,58891000.0,,,-111365000.0,,,27748000.0,486542000.0,7069000.0
2018-09-30,2177491000.0,287250000.0,,978595000.0,404406000.0,1670063000.0,507428000.0,,567744000.0,8100000.0,546369000.0,2.15,2.11,254905000.0,259788000.0,2478302000.0,577583000.0,379755000.0,124150000.0,,,,3686611000.0,,808352000.0,50400000.0,,46493000.0,4620840000.0,92149000.0,504240000.0,,992508000.0,,,,26297000.0,1686359000.0,-4540005000.0,307000.0,2906116000.0,4620840000.0,53594000.0,246104000.0,,75167000.0,24461000.0,,,23023000.0,,,955708000.0,329367000.0,,0.0,,,79803000.0,,,-161254000.0,,,29827000.0,819525000.0,10316000.0
2018-12-31,3047597000.0,409539000.0,,1416476000.0,557616000.0,2412447000.0,635150000.0,,600241000.0,-1486862000.0,2096896000.0,8.24,8.09,254292000.0,259185000.0,2650134000.0,518108000.0,409688000.0,124360000.0,1499672000.0,,61592000.0,3843109000.0,,812005000.0,50384000.0,,40728000.0,6245898000.0,110987000.0,604495000.0,,1120292000.0,,0.0,,26280000.0,1810695000.0,-2989478000.0,659000.0,4435203000.0,6245898000.0,72420000.0,325047000.0,-1512252000.0,108152000.0,31965000.0,,,36554000.0,129276000.0,,1270286000.0,431918000.0,,0.0,,,95524000.0,,-75000.0,-202158000.0,,,-71219000.0,990727000.0,12402000.0
2019-03-31,858435000.0,95092000.0,,339490000.0,147045000.0,581627000.0,276808000.0,,320165000.0,51534000.0,268631000.0,1.05,1.03,255695000.0,260175000.0,2893885000.0,584150000.0,438297000.0,136698000.0,,,,4183039000.0,,742559000.0,50384000.0,,39041000.0,6543114000.0,82262000.0,532745000.0,,1106468000.0,,,,5997000.0,1819801000.0,-2761157000.0,6000000.0,,6543114000.0,27140000.0,93791000.0,,30136000.0,13139000.0,,,-24145000.0,35683000.0,,324784000.0,128215000.0,,0.0,,,18041000.0,,,-39138000.0,,,-41989000.0,243279000.0,1835000.0
2019-06-30,1799728000.0,230832000.0,,718581000.0,303547000.0,1252960000.0,546768000.0,,647303000.0,111245000.0,536058000.0,2.09,2.06,256154000.0,260015000.0,3294684000.0,656538000.0,464900000.0,143017000.0,,,,4710968000.0,,731131000.0,50384000.0,,57766000.0,7033471000.0,77045000.0,1069072000.0,,1259220000.0,,,,8014000.0,1963506000.0,-2493730000.0,-3201000.0,,7033471000.0,54838000.0,183478000.0,,55870000.0,25174000.0,,,-28074000.0,,33603000.0,788533000.0,263636000.0,,0.0,,,34399000.0,,,-89328000.0,,,-55004000.0,643393000.0,10902000.0
2019-09-30,2749556000.0,362746000.0,,1274529000.0,463221000.0,2103455000.0,646101000.0,,717969000.0,124400000.0,593576000.0,2.32,2.28,256946000.0,260473000.0,3397941000.0,598390000.0,443315000.0,162306000.0,,,,4777094000.0,,733509000.0,447525000.0,,79985000.0,7514553000.0,92528000.0,1173783000.0,,1388894000.0,,,,7642000.0,2261159000.0,-2436212000.0,18847000.0,,7514553000.0,80685000.0,268898000.0,,41444000.0,45280000.0,,,-12210000.0,,22859000.0,1123322000.0,381739000.0,,,,245824000.0,58690000.0,,,-338327000.0,,,-34648000.0,746338000.0,22838000.0
2019-12-31,4162821000.0,547758000.0,,1754540000.0,658498000.0,2965255000.0,1197566000.0,,1394919000.0,218109000.0,1176810000.0,4.58,4.51,256728000.0,260673000.0,3109322000.0,698972000.0,633518000.0,167502000.0,1190815000.0,,,4822829000.0,,,1002158000.0,400000000.0,157583000.0,8318465000.0,87610000.0,1116912000.0,,1334827000.0,,,,183318000.0,2233221000.0,-1852978000.0,-1973000.0,,8318465000.0,106941000.0,360489000.0,167387000.0,225587000.0,64047000.0,,,-22785000.0,,37997000.0,1569330000.0,537196000.0,,0.0,,1154212000.0,75451000.0,,0.0,-1235318000.0,,,126773000.0,462428000.0,24730000.0
2020-03-31,1515107000.0,162497000.0,,448528000.0,182258000.0,794883000.0,720224000.0,,657534000.0,54800000.0,602753000.0,2.32,2.29,259815000.0,263515000.0,3593412000.0,596984000.0,845269000.0,187087000.0,,,,5446400000.0,,736303000.0,1002158000.0,400000000.0,160635000.0,8893201000.0,100703000.0,1258271000.0,,1538750000.0,,,,181745000.0,2431547000.0,-1250225000.0,13383000.0,,8893201000.0,26821000.0,115706000.0,,223672000.0,27450000.0,,,14285000.0,,57808000.0,815698000.0,75265000.0,60145000.0,,,,19450000.0,,,31666000.0,,,-359430000.0,481283000.0,5845000.0
2020-06-30,3039592000.0,347017000.0,,869456000.0,374062000.0,1601335000.0,1438257000.0,,1482304000.0,42300000.0,1440023000.0,5.54,5.46,260013000.0,263746000.0,4831332000.0,619437000.0,791768000.0,219218000.0,,,,6694320000.0,,728357000.0,1002158000.0,400000000.0,176564000.0,10216367000.0,101451000.0,1545407000.0,,1798640000.0,,,,189118000.0,2697125000.0,-412955000.0,-14121000.0,,10216367000.0,53518000.0,232895000.0,-187000000.0,164139000.0,64386000.0,,,14697000.0,,29735000.0,1854225000.0,126577000.0,145395000.0,,,,37314000.0,,,103578000.0,,,-239405000.0,1715019000.0,36813000.0
2020-09-30,4577863000.0,533199000.0,,1362953000.0,558613000.0,2467365000.0,2110498000.0,,2228175000.0,120718000.0,2107457000.0,8.1,7.98,260392000.0,264079000.0,5358087000.0,792971000.0,791917000.0,245460000.0,,,,7458456000.0,,920913000.0,1002158000.0,400000000.0,372290000.0,11301633000.0,107786000.0,1703699000.0,,2004026000.0,,,,428520000.0,3168160000.0,254479000.0,-40982000.0,8133473000.0,11301633000.0,80160000.0,332434000.0,-209000000.0,151191000.0,94907000.0,,,16153000.0,,296477000.0,2761973000.0,246937000.0,184419000.0,,,0.0,212109000.0,,,-144359000.0,,,-380089000.0,2240304000.0,81684000.0
2020-12-31,6205683000.0,736300000.0,,1829537000.0,770456000.0,3349393000.0,2856290000.0,,3116798000.0,405151000.0,2711647000.0,10.44,10.29,259841000.0,263396000.0,5988187000.0,670710000.0,885352000.0,280777000.0,882779000.0,,,8133379000.0,,,1002158000.0,400000000.0,49394000.0,11751808000.0,155139000.0,1404971000.0,,1877533000.0,,,,108355000.0,3064993000.0,858669000.0,-68480000.0,,11751808000.0,109515000.0,429461000.0,277341000.0,223444000.0,132014000.0,,,51276000.0,,425092000.0,3253505000.0,431396000.0,,,,0.0,259798000.0,,,99388000.0,,,-505281000.0,2868164000.0,191776000.0
2021-03-31,1724305000.0,192329000.0,,455973000.0,192077000.0,836479000.0,887826000.0,,820960000.0,167822000.0,653138000.0,2.52,2.49,259369000.0,261916000.0,6304330000.0,619638000.0,977551000.0,298863000.0,,,,8539307000.0,,,1002158000.0,400000000.0,49262000.0,12115059000.0,127839000.0,1532037000.0,,1944050000.0,,,,106258000.0,3134805000.0,1511807000.0,-33302000.0,8980254000.0,12115059000.0,28834000.0,115174000.0,,98373000.0,22785000.0,,,-10644000.0,,8277000.0,921055000.0,121455000.0,118072000.0,,,,70926000.0,,,-74309000.0,,,-518654000.0,324062000.0,10691000.0
2021-06-30,3517675000.0,420301000.0,,1863063000.0,386746000.0,2667810000.0,849865000.0,,776705000.0,-111179000.0,720062000.0,2.78,2.75,259179000.0,261468000.0,6063678000.0,644315000.0,929142000.0,321620000.0,,,,8457514000.0,,,1002158000.0,400000000.0,71099000.0,12221686000.0,127534000.0,1482556000.0,,1836448000.0,,,,107693000.0,3025290000.0,1578731000.0,-25159000.0,9196396000.0,12221686000.0,60072000.0,219796000.0,,45848000.0,47492000.0,,,-24345000.0,,-45973000.0,721288000.0,239458000.0,221271000.0,,,,120763000.0,,,-153950000.0,,,-485104000.0,82223000.0,234395000.0
2021-09-30,5501839000.0,656813000.0,,2356814000.0,584935000.0,3597462000.0,1904377000.0,,1859446000.0,287456000.0,1571990000.0,6.08,6.03,258740000.0,260877000.0,6275698000.0,685187000.0,1100372000.0,333456000.0,,,,8852540000.0,,,1002158000.0,400000000.0,75518000.0,12618745000.0,127863000.0,1584992000.0,,1914264000.0,,,,108473000.0,3088037000.0,2430659000.0,11537000.0,9530708000.0,12618745000.0,91768000.0,322792000.0,,231166000.0,65827000.0,,,-22043000.0,,-67333000.0,1648507000.0,447759000.0,452133000.0,,37991000.0,,173285000.0,,,-206902000.0,,,-1141765000.0,291368000.0,381533000.0
2021-12-31,7574400000.0,904200000.0,,3051100000.0,840100000.0,4792300000.0,2782100000.0,,2730400000.0,388300000.0,2342100000.0,9.09,9.01,257700000.0,259900000.0,6795000000.0,729900000.0,1136800000.0,353100000.0,934500000.0,,187200000.0,9560600000.0,,,1002200000.0,400000000.0,110800000.0,13432500000.0,195000000.0,1678600000.0,,2142000000.0,,,,116800000.0,3332500000.0,3200800000.0,15900000.0,10100000000.0,13432500000.0,125600000.0,441400000.0,-154600000.0,274700000.0,92800000.0,,,31900000.0,,16800000.0,2643500000.0,528200000.0,499300000.0,,,0.0,235000000.0,,,-340900000.0,,,-1478000000.0,811200000.0,476300000.0
2022-03-31,2097500000.0,245800000.0,,603100000.0,215200000.0,1056600000.0,1040900000.0,,954800000.0,192700000.0,762100000.0,2.99,2.96,255100000.0,257900000.0,7600100000.0,638000000.0,1292800000.0,338900000.0,,,,10361300000.0,,,1002200000.0,400000000.0,110700000.0,14256100000.0,173600000.0,1720500000.0,,2180200000.0,,,,117400000.0,3349100000.0,3962900000.0,11300000.0,10907000000.0,14256100000.0,35900000.0,130300000.0,,165200000.0,-2000000.0,,,-14500000.0,,15700000.0,956200000.0,117100000.0,129700000.0,,,,63600000.0,,,-51000000.0,,,-95400000.0,803900000.0,85000000.0
2022-06-30,4293700000.0,507600000.0,,,430500000.0,2146500000.0,2147200000.0,,1979200000.0,406600000.0,1572600000.0,6.15,6.09,255900000.0,258700000.0,8702200000.0,551200000.0,1332900000.0,367700000.0,,,,11503500000.0,,,1002200000.0,387000000.0,127300000.0,15582200000.0,198000000.0,2119500000.0,,2556200000.0,,,,115400000.0,3648700000.0,4773400000.0,57500000.0,11933500000.0,15582200000.0,73200000.0,244200000.0,,249300000.0,31300000.0,,,30800000.0,,-31700000.0,2096000000.0,227900000.0,242300000.0,,,,116900000.0,,,-112500000.0,,,-47700000.0,1904000000.0,478300000.0
2022-09-30,6628000000.0,797000000.0,,,677300000.0,3354100000.0,3273900000.0,,3155600000.0,652500000.0,2503100000.0,9.78,9.68,256500000.0,259500000.0,9171500000.0,599200000.0,1385200000.0,388200000.0,,,,12271000000.0,,,1075200000.0,603600000.0,132500000.0,16706400000.0,126900000.0,2264400000.0,,2609300000.0,,,,115700000.0,3676800000.0,5703900000.0,97600000.0,13029600000.0,16706400000.0,109900000.0,379800000.0,,368800000.0,58100000.0,,,-39100000.0,,-40700000.0,3051500000.0,417800000.0,435900000.0,,,295900000.0,171100000.0,,,-496700000.0,,,-107900000.0,2376900000.0,840100000.0
2022-12-31,8930700000.0,1080300000.0,,,944700000.0,4623300000.0,4307400000.0,,4232400000.0,910400000.0,3322000000.0,12.97,12.82,256100000.0,259100000.0,10504000000.0,274500000.0,1442200000.0,460600000.0,1246900000.0,,74400000.0,13234800000.0,,,1100000000.0,603600000.0,521800000.0,18150900000.0,303900000.0,2126700000.0,,2742100000.0,,,,685800000.0,4238200000.0,6522800000.0,800000.0,13912700000.0,18150900000.0,148300000.0,491300000.0,-275900000.0,358600000.0,136400000.0,,,120800000.0,,498900000.0,4129900000.0,692700000.0,,,,295900000.0,204700000.0,,,-321100000.0,,,-67700000.0,3711900000.0,1057800000.0
2023-03-31,2374800000.0,266900000.0,,,241100000.0,1595800000.0,779000000.0,,891500000.0,191700000.0,699800000.0,2.72,2.69,257400000.0,260300000.0,9289900000.0,1124200000.0,1547800000.0,535100000.0,,,,12965700000.0,1081500000.0,,1088000000.0,603600000.0,427500000.0,18974200000.0,323200000.0,2326000000.0,,3026200000.0,,,,726500000.0,4541900000.0,7222600000.0,-13100000.0,14432300000.0,18974200000.0,38800000.0,122400000.0,,90500000.0,82600000.0,,,35700000.0,,89400000.0,899900000.0,1816600000.0,50000000.0,,,,42100000.0,,,-1833600000.0,,,-294700000.0,-1216400000.0,120300000.0
2023-06-30,4868000000.0,575500000.0,,,503700000.0,3062600000.0,1805400000.0,,2053000000.0,437500000.0,1615500000.0,6.27,6.21,257700000.0,260400000.0,10151100000.0,1085200000.0,1556200000.0,603500000.0,,,,13872900000.0,1357300000.0,,1088000000.0,603600000.0,442700000.0,20349200000.0,363000000.0,2598100000.0,,3352100000.0,,,,759300000.0,4879000000.0,8138300000.0,-39800000.0,15470200000.0,20349200000.0,80200000.0,241700000.0,,93400000.0,155400000.0,,,71300000.0,,117800000.0,2034300000.0,2390800000.0,289800000.0,,,,101700000.0,,,-2137500000.0,,,-277400000.0,-358600000.0,618700000.0
2023-09-30,7351500000.0,894200000.0,,,767500000.0,4508000000.0,2843500000.0,,3232200000.0,581400000.0,2650800000.0,10.29,10.18,258000000.0,260600000.0,11110200000.0,818000000.0,1538700000.0,688700000.0,,,,14695800000.0,1700000000.0,,1088000000.0,603600000.0,475200000.0,21726200000.0,375900000.0,2907300000.0,,3599400000.0,,,,869300000.0,5213400000.0,9173600000.0,-3000000.0,16512800000.0,21726200000.0,122300000.0,372600000.0,,99500000.0,252900000.0,,,80500000.0,,153400000.0,3302700000.0,2798000000.0,,,,0.0,142300000.0,,,-2255200000.0,,,-442400000.0,604600000.0,919100000.0
2023-12-31,9869200000.0,1262200000.0,,,1136600000.0,6037200000.0,3832000000.0,,4379800000.0,760200000.0,3619600000.0,14.05,13.89,257700000.0,260500000.0,10369100000.0,849200000.0,1563400000.0,738800000.0,1812100000.0,,84300000.0,14144200000.0,2497800000.0,,1100000000.0,839900000.0,895300000.0,22730200000.0,364900000.0,2655300000.0,,3547400000.0,,,,877700000.0,5149800000.0,10142400000.0,-14300000.0,17580400000.0,22730200000.0,181300000.0,581200000.0,-536500000.0,84100000.0,322900000.0,,,48700000.0,,208900000.0,3537300000.0,3786500000.0,,,,0.0,200400000.0,58000000.0,,-3141700000.0,,,-562200000.0,-139700000.0,1677300000.0
2024-03-31,2690600000.0,342600000.0,,,342700000.0,1551100000.0,1139500000.0,,1279100000.0,179500000.0,1099600000.0,4.26,4.21,258200000.0,261100000.0,9158000000.0,1013300000.0,1793200000.0,813100000.0,,,,13288700000.0,4381400000.0,,1088000000.0,834900000.0,875700000.0,23917400000.0,351400000.0,2795900000.0,,3795900000.0,,,,853600000.0,5370800000.0,11242000000.0,17300000.0,18546600000.0,23917400000.0,53500000.0,191900000.0,,251600000.0,80100000.0,,,100000.0,,167600000.0,1306600000.0,2598500000.0,,,,,68400000.0,,,-2136400000.0,,,-357500000.0,-1202900000.0,34800000.0
2024-06-30,5336200000.0,714500000.0,,,714900000.0,7711400000.0,-3514700000.0,,-3391200000.0,381900000.0,-3593600000.0,-13.92,-13.92,258100000.0,258100000.0,4580100000.0,1215400000.0,1656100000.0,914600000.0,,,,8941600000.0,4393100000.0,,1088000000.0,837500000.0,915600000.0,20132100000.0,327900000.0,2940000000.0,,3547200000.0,,,,876800000.0,5357400000.0,7648400000.0,22500000.0,14774700000.0,20132100000.0,107500000.0,346100000.0,,116500000.0,187300000.0,,,-25000000.0,,-89000000.0,-2447000000.0,3895100000.0,,,,,137400000.0,,15000000.0,-2600100000.0,,,-716100000.0,-5781300000.0,531800000.0
2024-09-30,8108100000.0,1107100000.0,,,1086700000.0,9367000000.0,-1258900000.0,,1224100000.0,560600000.0,-1448600000.0,-5.61,-5.61,258100000.0,261000000.0,5239200000.0,1285300000.0,1750600000.0,1079800000.0,,,,9804100000.0,4703500000.0,,1088000000.0,831600000.0,990200000.0,22240200000.0,395800000.0,3219700000.0,,3973100000.0,,,,933300000.0,6609300000.0,8693800000.0,28800000.0,15630900000.0,22240200000.0,160700000.0,530700000.0,,168300000.0,369800000.0,,,41100000.0,,45100000.0,-1077200000.0,5279600000.0,,,,,205100000.0,,23100000.0,-2948100000.0,,,-1103600000.0,-5124200000.0,810300000.0
,,,,,,,,,,,,,,,,,,,,,,,,,,,,,,,,,,,,,,,,,,,,,,,,,,,,,,,,,,,,,,,,,,,
