Date,Net sales,Cost of sales,Gross margin,Research and development,"Selling, general and administrative",Total operating expenses,Operating income,"Other income/(expense), net",Income before provision for income taxes,Provision for income taxes,Net income,Earnings per share basic,Earnings per share diluted,Weighted-average basic,Weighted-average diluted,Cash and cash equivalents,Short-term marketable securities,"Accounts receivable, net",Inventories,Deferred tax assets,Vendor non-trade receivables,Other current assets,Total current assets,Long-term marketable securities,"Property, Plant and Equipment, Net",Goodwill,"Acquired intangible assets, net","Other Assets, Noncurrent",Total assets,accounts payable,Accrued expenses,Deferred revenue,Total current liabilities,Deferred revenue - non-current,deferred tax liabilities,long term taxes payable,Total other non-current liabilities,Total liabilities,Retained Earnings (Accumulated Deficit),Accumulated other comprehensive (loss)/income,Total shareholders equity,Total liabilities and shareholders' equity,"Depreciation, amortization and accretion",Stock-based compensation expense,Deferred income tax expense,"Increase (Decrease) in Accounts receivable, net",Increase (Decrease) in Inventories,Increase (Decrease) in Other Receivables,Increase (Decrease) in Other Operating Assets,Increase (Decrease) in Accounts Payable,Increase (Decrease) in Deferred Revenue,Increase (Decrease) Other liabilities,Cash generated by operating activities,Purchases of marketable securities,Proceeds from maturities of marketable securities,Proceeds from sales of marketable securities,Purchases of other long-term investments,"Business acquisitions, net of cash acquired",Cash payments for capital asset purchases,Payments for acquisition of intangible assets,Payments for (Proceeds from) Other Investing Activities,Cash used in investing activities,Proceeds from issuance of common stock,Excess tax benefits from stock-based compensation,Cash generated/used in financing activities,Increase/(decrease) in cash and cash equivalents,"Cash paid for income taxes, net"
2009-12-31,936094000.0,,,,,740202000.0,,,195892000.0,-1719000.0,266495000.0,1.75,1.74,152566000.0,152758000.0,107397000.0,,,,,,,,,,,,,5616245000.0,,,,,,,,,3132185000.0,-165710000.0,19669000.0,2465511000.0,5616245000.0,,11882000.0,-1719000.0,,,,1514000.0,,,20306000.0,422101000.0,,,,,,13798000.0,,0.0,-1746000.0,299201000.0,,-490180000.0,-69825000.0,
2010-03-31,241545000.0,,,,,188551000.0,,,52994000.0,286000.0,52619000.0,0.34,0.34,156453000.0,156967000.0,132729000.0,,,,,,,,,,,,,5633825000.0,,,,,,,,,3170205000.0,-196972000.0,25154000.0,2445633000.0,5633825000.0,,3032000.0,286000.0,,,,3772000.0,,,-5514000.0,115561000.0,,,,,,4295000.0,,,-30005000.0,,,-61071000.0,24485000.0,
2010-06-30,485523000.0,,,,,378699000.0,,,106824000.0,695000.0,110686000.0,0.71,0.7,156611000.0,157441000.0,27794000.0,,,,,,,,,,,,,5462117000.0,,,,,,,,,3030703000.0,-222853000.0,16506000.0,2416408000.0,5462117000.0,,6089000.0,,,,,,,,,207717000.0,,,,,,7078000.0,,,-21437000.0,,,-265835000.0,-79555000.0,
2010-09-30,748873000.0,,,,,582241000.0,,,166632000.0,2352000.0,168584000.0,1.08,1.07,156631000.0,157941000.0,33790000.0,,,,,,,,,,,,,5800817000.0,,,,,,,,,3384631000.0,-249047000.0,23816000.0,2401482000.0,5800817000.0,,10128000.0,,,,,,,,,346119000.0,,,,,,13243000.0,,,-268476000.0,,,-151319000.0,-73676000.0,
2011-03-31,270461000.0,,,,,224442000.0,,,46019000.0,-3197000.0,48984000.0,0.31,0.3,160420000.0,162023000.0,41899000.0,,,,,,,,,,,,,5694098000.0,,,,,,,,,3047651000.0,-300382000.0,28097000.0,2643404000.0,5694098000.0,,4016000.0,,,,,1540000.0,,,,130769000.0,,,12500000.0,,,7963000.0,,37000.0,31681000.0,299926000.0,,-142456000.0,19994000.0,
2011-06-30,635121000.0,,,,,575494000.0,,,59627000.0,-9406000.0,68660000.0,0.41,0.4,176262000.0,177945000.0,26702000.0,,,,279700000.0,,,,,,74099000.0,,,9634033000.0,,,,,,,,,5714457000.0,-412694000.0,28212000.0,3916718000.0,9634033000.0,,8368000.0,,,,,9940000.0,,,,186300000.0,,,,,,19236000.0,,75000.0,-744606000.0,299884000.0,,563095000.0,4789000.0,
2011-09-30,1201078000.0,,,,,1053553000.0,739747000.0,,147525000.0,-23310000.0,171545000.0,0.82,0.81,287365000.0,290794000.0,57482000.0,,,,,,,,,,288196000.0,,,17205770000.0,,,,,,,,,7782684000.0,-439015000.0,19237000.0,9245762000.0,17205770000.0,293541000.0,13596000.0,,,,,27009000.0,,,,443901000.0,,,,,,28658000.0,,113000.0,-842924000.0,299926000.0,,434790000.0,35767000.0,
2011-12-31,1764991000.0,,,,,1434498000.0,,,330493000.0,-31137000.0,,1.6,1.58,228453000.0,230790000.0,45807000.0,,,,-258711000.0,,,,,,448393000.0,,,17271910000.0,,,,,,,,,7813129000.0,-412181000.0,22062000.0,9274957000.0,17271910000.0,,19346000.0,-27057000.0,,,,-424000.0,,,,773197000.0,,,23100000.0,,,50473000.0,,165000.0,-997439000.0,299847000.0,,248282000.0,24040000.0,
2012-03-31,573694000.0,,,,,514910000.0,,,58784000.0,11338000.0,,0.31,0.31,288375000.0,290813000.0,53224000.0,,,,269400000.0,,,,,,448053000.0,,,17188959000.0,,,,,,,,,7820460000.0,-500808000.0,23926000.0,9186735000.0,17188959000.0,,4834000.0,,,,,-1275000.0,,,,244961000.0,,,,,,10019000.0,,2137000.0,-40312000.0,0.0,,-197287000.0,7362000.0,
2012-06-30,1187571000.0,,,,,1092621000.0,,,94950000.0,6159000.0,,0.57,0.56,290170000.0,292592000.0,52803000.0,,,,269100000.0,,,,,,493298000.0,,,18222261000.0,,,,,,,,,8583020000.0,-609487000.0,21404000.0,9418611000.0,18222261000.0,,11086000.0,,,,,-861000.0,,,,460808000.0,,,,,,23812000.0,,2150000.0,-975051000.0,342469000.0,,521221000.0,6978000.0,
2012-09-30,1825993000.0,,,,,1640557000.0,,,185436000.0,-8886000.0,,0.95,0.94,294928000.0,297407000.0,58530000.0,,,,262500000.0,,,,,,492523000.0,,,18440899000.0,,,,,,,,,8865259000.0,-680888000.0,23626000.0,9357664000.0,18440899000.0,,16529000.0,,,,,11930000.0,,,,709319000.0,,,,,,42270000.0,,2110000.0,-1213906000.0,342469000.0,,517252000.0,12665000.0,
2012-12-31,,,,,,2205187000.0,,,280112000.0,-6282000.0,,1.24,1.23,,,67908000.0,,,,-257019000.0,,,,,,490452000.0,,,18980000000.0,,,,,,,,,9716082000.0,,23354000.0,,18980000000.0,,,-7490000.0,,,,-3756000.0,,,,992816000.0,,,,,,69430000.0,,1995000.0,-2169689000.0,342469000.0,,1198914000.0,22041000.0,
2013-03-31,684868000.0,,,,,565328000.0,,,119540000.0,1744000.0,,0.38,0.38,291455000.0,293924000.0,57690000.0,,,,261200000.0,,,,,,457598000.0,,,18706921000.0,,,,,,,,,9525808000.0,-861434000.0,21828000.0,8915348000.0,18706921000.0,,5662000.0,,,,,10459000.0,,,,230305000.0,,,,,,19795000.0,,78000.0,59473000.0,5050000.0,,-299947000.0,-10169000.0,
2013-06-30,1370472000.0,,,,,1129722000.0,,,240750000.0,-12064000.0,,0.78,0.77,292635000.0,295123000.0,62421000.0,,,,,,,,,,457266000.0,,,18796582000.0,,,,,,,,,9605838000.0,-943384000.0,19752000.0,8925582000.0,18796582000.0,,10800000.0,,,,,16415000.0,,,,507688000.0,,,,,,32459000.0,,411000.0,-143590000.0,82384000.0,,-369496000.0,-5398000.0,
2013-09-30,2081647000.0,,,,,1715371000.0,,,366276000.0,-13100000.0,,1.18,1.17,292818000.0,295190000.0,54672000.0,,,,,,,,,,,,,19879358000.0,,,,,,,,,10743029000.0,-1021628000.0,21293000.0,8885092000.0,19879358000.0,,15010000.0,,,,,28132000.0,,,,835429000.0,,,,,,1484107000.0,,411000.0,-1178101000.0,106002000.0,,329495000.0,-13177000.0,
2013-12-31,2810053000.0,,,,,2331063000.0,,,478990000.0,-11828000.0,,1.55,1.54,292654000.0,295110000.0,94816000.0,,,,0.0,,,,,,,,,19731494000.0,,,,,,,,,10671023000.0,-1126541000.0,19659000.0,8824281000.0,19731494000.0,,20653000.0,-14512000.0,,,,690000.0,,,,1194755000.0,,,,,,1614357000.0,,2169000.0,-1282760000.0,141343000.0,,114996000.0,26991000.0,
2014-03-31,741470000.0,,,,,621042000.0,,,120428000.0,3433000.0,,0.41,0.41,293875000.0,296245000.0,59791000.0,,,,,,,,,,,,,19702768000.0,,,,,,,,,10732731000.0,-1218967000.0,18464000.0,8731667000.0,19702768000.0,,6044000.0,,,,,-6241000.0,,,,284421000.0,,,,,,221948000.0,,125000.0,-218350000.0,0.0,,-101657000.0,-35586000.0,
2014-06-30,1492724000.0,,,,,1242438000.0,,,250286000.0,6707000.0,,0.88,0.88,293988000.0,296504000.0,86635000.0,,,,,,,,,,,,,19790786000.0,,,,,,,,,10890835000.0,-1294048000.0,26255000.0,8655110000.0,19790786000.0,,11411000.0,,,,,-11208000.0,,,,595702000.0,,,,,,351475000.0,,125000.0,-385433000.0,0.0,,-218058000.0,-7789000.0,
2014-09-30,2271759000.0,,,,,1916978000.0,,,354781000.0,4820000.0,,1.25,1.24,294030000.0,296495000.0,64595000.0,,,,,,,,,,,,,20651165000.0,,,,,,,,,11864912000.0,-1398378000.0,16156000.0,8548796000.0,20651165000.0,,16792000.0,,,,,3306000.0,,,,919972000.0,,,,,,1311646000.0,,421000.0,-1236170000.0,0.0,,282021000.0,-34177000.0,
2014-12-31,3075746000.0,,,,,2627229000.0,,,448517000.0,-8732000.0,,1.62,1.6,294175000.0,296677000.0,55348000.0,,,,0.0,,,,,,,,,21226171000.0,,,,,,,,,12299758000.0,-1526388000.0,13121000.0,8680184000.0,21226171000.0,,20994000.0,,,,,-5317000.0,,,,1254845000.0,,,,,,1662728000.0,,5598000.0,-2055040000.0,242107000.0,,758057000.0,-42138000.0,
2015-03-31,884024000.0,,,,,776479000.0,,,107545000.0,-7250000.0,,0.37,0.37,325454000.0,329203000.0,120225000.0,,,,,,,,,,,,,24439871000.0,,,,,,,,,13069661000.0,-1660856000.0,4357000.0,11039890000.0,24439871000.0,,6307000.0,,,,,-4615000.0,,,,344169000.0,,,,,,1127177000.0,,4180000.0,-908530000.0,285327000.0,,629545000.0,65184000.0,
2015-06-30,1775346000.0,,,,,1534785000.0,,,240561000.0,-17039000.0,,0.82,0.82,330715000.0,334026000.0,60532000.0,,,,,,,,,,,,,24275162000.0,,,,,,,,,12982012000.0,-1772529000.0,10180000.0,11027483000.0,24275162000.0,,11192000.0,,,,,9711000.0,,,,717724000.0,,,,,,1359969000.0,,8813000.0,-996747000.0,352167000.0,,284110000.0,5087000.0,
2015-09-30,2445124000.0,,,,,2205355000.0,,,239769000.0,-27736000.0,,0.89,0.88,332491000.0,336338000.0,65231000.0,,,,,,,,,,1052321000.0,,,22413977000.0,,,,,,,,,12545471000.0,-1992848000.0,-592000.0,9609435000.0,22413977000.0,,16061000.0,,,,,-11164000.0,,,,1022045000.0,,,,,,2723258000.0,,27984000.0,-2254565000.0,417818000.0,,1242642000.0,,
2015-12-31,3286398000.0,,,,,2934723000.0,,,351675000.0,-39284000.0,,1.26,1.25,330311000.0,334007000.0,53023000.0,,,,,,,,,,1047497000.0,,,22261918000.0,,,,,,,,,12439962000.0,-2111958000.0,-7565000.0,9564327000.0,22261918000.0,,19537000.0,,,,,-42316000.0,,,,1391767000.0,,,,,,2877949000.0,,0.0,-2423692000.0,491023000.0,,1030122000.0,-1803000.0,
2016-03-31,852289000.0,,,,,737173000.0,,,115116000.0,-8421000.0,,0.44,0.44,335559000.0,339202000.0,51701000.0,,,,,,,,,,1044983000.0,,,22261292000.0,,,,,,,,,12399024000.0,-2208474000.0,-19932000.0,9614195000.0,22261292000.0,,5029000.0,,,,,4835000.0,,,,272891000.0,,,,,,72108000.0,,4265000.0,-166751000.0,149631000.0,,-107580000.0,,
2016-06-30,1700693000.0,,,,,1460695000.0,,,239998000.0,-20000000.0,,0.87,0.86,338901000.0,342571000.0,57322000.0,,,,,,,,,,1043479000.0,,,22093472000.0,,,,,,,,,12126010000.0,-2313287000.0,-44195000.0,9689715000.0,22093472000.0,,10037000.0,,,,,-10609000.0,,,,656475000.0,,,,,,151057000.0,,4265000.0,-236567000.0,377739000.0,,-415452000.0,,
2016-09-30,2567809000.0,,,,,2186833000.0,,,380976000.0,-28507000.0,,1.29,1.28,350274000.0,354186000.0,89300000.0,,,,,,,,,,1043075000.0,,,23426264000.0,,,,,,,,,12646541000.0,-2420766000.0,-49614000.0,10488539000.0,23426264000.0,,15885000.0,,,,,-1753000.0,,,,1001270000.0,,,,,,1591286000.0,,6175000.0,-1494786000.0,1265702000.0,,530215000.0,,
2016-12-31,3443522000.0,,,,,2925014000.0,,,518508000.0,-31343000.0,,1.88,1.86,344703000.0,348390000.0,286707000.0,,,,,,,,,,1033225000.0,,,23166600000.0,,,,,,,,,12437119000.0,-2487695000.0,-57534000.0,10460240000.0,23166600000.0,,20958000.0,,,,,-5560000.0,,,,1367457000.0,,,,,,1683110000.0,,6436000.0,-1234643000.0,1286680000.0,,101722000.0,,
2017-03-31,883443000.0,,,,,733826000.0,,,149617000.0,-3145000.0,,0.56,0.55,354410000.0,357572000.0,91300000.0,,,,,,,,,,1033484000.0,,,23919331000.0,,,,,,,,,13264072000.0,-2564936000.0,-53657000.0,10414606000.0,23919331000.0,,6701000.0,,,,,3714000.0,,,,335731000.0,,,,,,309130000.0,,12090000.0,-1034065000.0,0.0,,503075000.0,,
2017-06-30,1778933000.0,,,,,1479097000.0,,,299836000.0,-5304000.0,,0.99,0.98,355024000.0,358311000.0,103400000.0,,,,,,,,,,1034054000.0,,,23855758000.0,,,,,,,,,13231452000.0,-2688946000.0,-45035000.0,10374058000.0,23855758000.0,,13396000.0,,,,,-29934000.0,,,,737256000.0,,,,,,438719000.0,,,-1151363000.0,73596000.0,,227617000.0,,
2017-09-30,2678861000.0,,,,,2230660000.0,,,448201000.0,-13119000.0,,2.71,2.69,355929000.0,359333000.0,85100000.0,,,,,,,,,,1034497000.0,,,23739795000.0,,,,,,296272000.0,,,12769738000.0,-2351430000.0,-40780000.0,10731340000.0,23739795000.0,,19923000.0,,,,,17598000.0,,,,1086239000.0,,,,,,555933000.0,,,-710051000.0,73596000.0,,-578254000.0,,
2017-12-31,3574149000.0,,,,,2989438000.0,,,584711000.0,-59799000.0,,3.82,3.78,355326000.0,358566000.0,81355000.0,,,,,,,,,,1034641000.0,,,23954541000.0,,,,,,250092000.0,,,12863866000.0,-2240698000.0,-35120000.0,10866226000.0,23954541000.0,,26543000.0,,,,,15854000.0,,,,1442180000.0,,,,,,811875000.0,,,-976517000.0,73596000.0,,-671327000.0,,
2018-03-31,943705000.0,,,,,826148000.0,,,117557000.0,-3242000.0,,0.22,0.22,356112000.0,358853000.0,92543000.0,,,,,,,,,,1035248000.0,,,23493510000.0,,,,,,244742000.0,,,12556911000.0,-2413440000.0,-14474000.0,10740815000.0,23493510000.0,,7124000.0,,,,,-5263000.0,,,,308019000.0,,,,,,105956000.0,,,170553000.0,,,-503248000.0,,
2018-06-30,1886009000.0,,,,,1629342000.0,,,256667000.0,-4000000.0,,0.69,0.68,356228000.0,359000000.0,93700000.0,,,,,,,,,,1034274000.0,,,22699134000.0,,,,,,240941000.0,,,11871748000.0,-2529102000.0,-10861000.0,10616948000.0,22699134000.0,,14273000.0,,,,,-12776000.0,,,,710336000.0,,,,,,209968000.0,,,725906000.0,0.0,,-1465991000.0,,
2018-09-30,2822547000.0,,,,,2469228000.0,,,353319000.0,-11303000.0,,0.97,0.97,356318000.0,359355000.0,86107000.0,,,,,,,,,,1045877000.0,,,22597953000.0,,,,,,,,,11941642000.0,-2709293000.0,-7947000.0,10452839000.0,22597953000.0,,20761000.0,,,,,34879000.0,,,,1017622000.0,,,,,,339173000.0,,,664945000.0,0.0,,-1721820000.0,,
2018-12-31,3745810000.0,,,,,3360985000.0,,,384825000.0,-39953000.0,,1.15,1.14,356265000.0,359301000.0,72300000.0,,,,,,,,,,1050548000.0,,,22584555000.0,,,,,,,,,12124820000.0,-2930214000.0,-19582000.0,10215857000.0,22584555000.0,,29963000.0,,,,,23198000.0,,,,1381467000.0,,,,,,728641000.0,,,324496000.0,0.0,,-1761937000.0,,
2019-03-31,942874000.0,,,,,821044000.0,,,121830000.0,-1300000.0,,0.35,0.35,356853000.0,360619000.0,82514000.0,,,,,,,,,,1050876000.0,,,22668097000.0,,,,,,,,,12255698000.0,-3088401000.0,-12065000.0,10149663000.0,22668097000.0,,8405000.0,,,,,13704000.0,,,,336120000.0,,,,,,84704000.0,,,-67824000.0,98378000.0,,-259763000.0,,
2019-06-30,1893591000.0,,,,,1634236000.0,,,,-59009000.0,,0.94,0.93,361722000.0,365553000.0,82000000.0,,,,,,,,,,1050470000.0,,,22988911000.0,,,,,,,,,11889887000.0,-3173287000.0,-39671000.0,10820011000.0,22988911000.0,,18475000.0,,,,,44472000.0,,,,729219000.0,,,,,,380646000.0,,,-507727000.0,866033000.0,,-214868000.0,,
2019-09-30,2876746000.0,,,,,2529358000.0,,,,-57004000.0,,1.16,1.15,372426000.0,376625000.0,148100000.0,,,,,,,,,,1049985000.0,,,24803553000.0,,,,,,,,,13730852000.0,-3384421000.0,-59857000.0,10665706000.0,24803553000.0,,26670000.0,,,,,59366000.0,,,,1083548000.0,,,,,,1269437000.0,,,-1421879000.0,942250000.0,,415067000.0,,
2019-12-31,3872750000.0,,,,,3513331000.0,,,,-56310000.0,,1.18,1.17,365977000.0,369886000.0,106400000.0,,,,,,,,,,1051161000.0,,,24692208000.0,,,,,,,,,13873078000.0,-3669050000.0,-34564000.0,10445892000.0,24692208000.0,,33923000.0,,,,,76693000.0,,,,1437783000.0,,,,,,1518772000.0,,,-1585299000.0,942085000.0,,160674000.0,,
2020-03-31,1012054000.0,,,,,901689000.0,,,,-149016000.0,,1.27,1.26,372829000.0,375997000.0,2848115000.0,,,,47500000.0,,,,,,1050137000.0,,,26617828000.0,,,,,,,,,15703730000.0,-3491696000.0,-103408000.0,10632942000.0,26617828000.0,,10514000.0,,,,,13768000.0,,,,314452000.0,,,,,,,,,517181000.0,0.0,,1911300000.0,,
2020-06-30,1955252000.0,,,,,1943170000.0,,,,-92700000.0,,0.85,0.84,372982000.0,376024000.0,1000000000.0,,,,300000.0,,,,,,1050115000.0,,,24589388000.0,,,,,,,,,13957558000.0,-3816460000.0,-82761000.0,10311212000.0,24589388000.0,,11557000.0,,,,,12463000.0,,,,720011000.0,,,,,,,,,348080000.0,0.0,,-183228000.0,,
2020-09-30,2874192000.0,,,,,2865055000.0,,,,-95900000.0,,0.88,0.87,373177000.0,376295000.0,600000000.0,,,,300000.0,,,,,,1050742000.0,,,24220483000.0,,,,,,,,,13683633000.0,-3972647000.0,-65042000.0,10196852000.0,24220483000.0,,17322000.0,,,,,68228000.0,,,,1154413000.0,,,,,,,,,186625000.0,36395000.0,,-857699000.0,,
2020-12-31,3795357000.0,,,,,3714768000.0,,,80589000.0,-96534000.0,,1.18,1.17,373368000.0,376503000.0,413327000.0,,,,,,,,,,1051650000.0,,,23929404000.0,,,,,,,,,13415723000.0,-4030376000.0,-54354000.0,10180167000.0,23929404000.0,,21487000.0,,,,,68233000.0,,,,1450176000.0,,,,,,607296000.0,,,154295000.0,55362000.0,,-1300021000.0,,
2021-03-31,910291000.0,,,,,965819000.0,,,,2200000.0,,-0.15,-0.15,374669000.0,377922000.0,169700000.0,,,,11600000.0,,,,,,1051780000.0,,,23552263000.0,,,,,,,,,13236024000.0,-4257001000.0,-52497000.0,9970155000.0,23552263000.0,,16072000.0,,,,,5100000.0,,,,237593000.0,,,,,,,,,-102612000.0,11075000.0,,-377067000.0,,
2021-06-30,1829485000.0,,,,,1839109000.0,,,,5800000.0,,0.23,0.23,375067000.0,378408000.0,233837000.0,,,,11600000.0,,,,,,1051832000.0,,,23504314000.0,,,,,,,,,13267748000.0,-4340052000.0,-58290000.0,9882699000.0,23504314000.0,,21465000.0,,,,,25618000.0,,,,528856000.0,,,,,,,,,-121105000.0,14250000.0,,-586073000.0,,
2021-09-30,2805563000.0,,,,,2901697000.0,,,-96134000.0,9600000.0,,0.24,0.24,381996000.0,385523000.0,143800000.0,,,,11500000.0,,,,,,1046070000.0,,,25044424000.0,,,,,,,,,13596935000.0,-4459630000.0,-67601000.0,11076716000.0,25044424000.0,,26165000.0,,,,,49051000.0,,,,760315000.0,,,,,,,,,-716343000.0,617438000.0,,-299612000.0,,
2021-12-31,3828007000.0,,,,,3990392000.0,,,-162385000.0,4827000.0,,0.13,0.13,382785000.0,386304000.0,149725000.0,,,,,,,,,,1046140000.0,,,24717786000.0,,,,,,,,,13491743000.0,-4679889000.0,-64520000.0,10854385000.0,24717786000.0,,31966000.0,,,,,54571000.0,,,,1026116000.0,,,,,,1802021000.0,,,-724140000.0,617438000.0,,-558466000.0,,
2022-03-31,1017554000.0,,,,,979638000.0,,,37916000.0,-4500000.0,,0.1,0.1,399297000.0,403260000.0,149600000.0,,,,,,,,,,1045663000.0,,,24950107000.0,,,,,,,,,13843732000.0,-4821653000.0,-59296000.0,10697406000.0,24950107000.0,,15796000.0,,,,,18177000.0,,,,274553000.0,,,,,,,,,-437326000.0,0.0,,165382000.0,,
2022-06-30,2040492000.0,,,,,2046487000.0,,,-43911000.0,-8300000.0,,-0.11,-0.11,399592000.0,403526000.0,127100000.0,,,,,,,,,,1044509000.0,,,24628155000.0,,,,,,,,,13742219000.0,-5044569000.0,-56355000.0,10512596000.0,24628155000.0,,22601000.0,,,,,32622000.0,,,,552632000.0,,,,,,,,,-559260000.0,0.0,,-12946000.0,,
2022-09-30,3077768000.0,,,,,3088833000.0,,,-11065000.0,-14307000.0,,-0.01,-0.01,399646000.0,403543000.0,145146000.0,,,,,,,,,,1043289000.0,,,24300411000.0,,,,,,,,,13609704000.0,-5223902000.0,-47309000.0,10361359000.0,24300411000.0,,28786000.0,,,,,53433000.0,,,,852910000.0,,,,,,,,,-725321000.0,0.0,,-124956000.0,,
2022-12-31,4129193000.0,,,,,4223330000.0,,,-94137000.0,-16926000.0,,-0.12,-0.12,373368000.0,403454000.0,122600000.0,,,,,,,,,,1044415000.0,,,24157840000.0,,,,,,,,,13671513000.0,-5449385000.0,-36800000.0,10152968000.0,24157840000.0,,30715000.0,,,,,52897000.0,,,,1120163000.0,,,,,,900696000.0,,,-859218000.0,0.0,,-283928000.0,,
2023-03-31,1077245000.0,,,,,1065713000.0,,,11532000.0,-2802000.0,,0.04,0.04,399989000.0,403792000.0,145400000.0,,,,,,,,,,1044699000.0,,,23994168000.0,,,,,,,,,13669680000.0,-5611067000.0,-40469000.0,9996991000.0,23994168000.0,,15060000.0,,,,,16885000.0,,,,242817000.0,,,,,,,,,-56280000.0,,,-162107000.0,,
2023-06-30,2183603000.0,,,,,2109437000.0,,,74166000.0,-12600000.0,,0.3,0.3,400431000.0,404122000.0,138648000.0,,,,,,,,,,1045147000.0,,,25070862000.0,,,,,,,,,14770747000.0,-5688499000.0,-14552000.0,9968382000.0,25070862000.0,,20389000.0,,,,,17341000.0,,,,554644000.0,,,,,,,,,-127607000.0,25007000.0,,-388085000.0,,
2023-09-30,3333435000.0,,,,,3336082000.0,,,-76813000.0,-14237000.0,,-0.18,-0.18,402859000.0,406655000.0,433937000.0,,,,,,,,,,1044536000.0,,,24966609000.0,,,,,,,,,14827116000.0,-5941303000.0,-6182000.0,9817559000.0,24966609000.0,,25298000.0,,,,,55339000.0,,,,840789000.0,,,,,,,,,-141388000.0,108455000.0,,-378294000.0,,
2023-12-31,4497827000.0,,,,,4613408000.0,,,-115581000.0,-9539000.0,,-0.1,-0.1,401809000.0,405670000.0,508794000.0,,,,,,,,,,1045176000.0,,,24725433000.0,,,,,,,,,14878392000.0,-6213803000.0,-35757000.0,9488058000.0,24725433000.0,,30987000.0,,,,,48445000.0,,,,1119873000.0,,,,,,649471000.0,,,-184664000.0,108455000.0,,-543749000.0,,
2024-03-31,1199914000.0,,,,,1207416000.0,,,-7502000.0,-3004000.0,,-0.04,-0.04,403365000.0,407227000.0,632443000.0,,,,,,,,,,1045048000.0,,,24672586000.0,,,,,,,,,14928709000.0,-6410144000.0,-19554000.0,9402840000.0,24672586000.0,,16284000.0,,,,,25839000.0,,,,266448000.0,,,,,,170216000.0,,,-144587000.0,77430000.0,,4824000.0,,
2024-06-30,2400894000.0,,,,,2427480000.0,,,-26586000.0,7800000.0,,0.05,0.05,408097000.0,411823000.0,557082000.0,,,,,,,,,,1045071000.0,,,24530229000.0,,,,,,,,,14551045000.0,-6577395000.0,-17409000.0,9619350000.0,24530229000.0,,22076000.0,,,,,16523000.0,,,,602320000.0,,,,,,,,,-411387000.0,491797000.0,,-135427000.0,,
2024-09-30,3637209000.0,,,,,3644697000.0,,,19098000.0,7800000.0,,0.06,0.06,414599000.0,419474000.0,1104733000.0,,,,,,,,,,1045955000.0,,,25347189000.0,,,,,,,,,15188823000.0,-6748224000.0,-38472000.0,9759094000.0,25347189000.0,,26344000.0,,,,,122404000.0,,,,955984000.0,,,,,,,,,-840875000.0,850561000.0,,489019000.0,,
,,,,,,,,,,,,,,,,,,,,,,,,,,,,,,,,,,,,,,,,,,,,,,,,,,,,,,,,,,,,,,,,,,,
