Date,Net sales,Cost of sales,Gross margin,Research and development,"Selling, general and administrative",Total operating expenses,Operating income,"Other income/(expense), net",Income before provision for income taxes,Provision for income taxes,Net income,Earnings per share basic,Earnings per share diluted,Weighted-average basic,Weighted-average diluted,Cash and cash equivalents,Short-term marketable securities,"Accounts receivable, net",Inventories,Deferred tax assets,Vendor non-trade receivables,Other current assets,Total current assets,Long-term marketable securities,"Property, Plant and Equipment, Net",Goodwill,"Acquired intangible assets, net","Other Assets, Noncurrent",Total assets,accounts payable,Accrued expenses,Deferred revenue,Total current liabilities,Deferred revenue - non-current,deferred tax liabilities,long term taxes payable,Total other non-current liabilities,Total liabilities,Retained Earnings (Accumulated Deficit),Accumulated other comprehensive (loss)/income,Total shareholders equity,Total liabilities and shareholders' equity,"Depreciation, amortization and accretion",Stock-based compensation expense,Deferred income tax expense,"Increase (Decrease) in Accounts receivable, net",Increase (Decrease) in Inventories,Increase (Decrease) in Other Receivables,Increase (Decrease) in Other Operating Assets,Increase (Decrease) in Accounts Payable,Increase (Decrease) in Deferred Revenue,Increase (Decrease) Other liabilities,Cash generated by operating activities,Purchases of marketable securities,Proceeds from maturities of marketable securities,Proceeds from sales of marketable securities,Purchases of other long-term investments,"Business acquisitions, net of cash acquired",Cash payments for capital asset purchases,Payments for acquisition of intangible assets,Payments for (Proceeds from) Other Investing Activities,Cash used in investing activities,Proceeds from issuance of common stock,Excess tax benefits from stock-based compensation,Cash generated/used in financing activities,Increase/(decrease) in cash and cash equivalents,"Cash paid for income taxes, net"
2009-12-31,1498700000.0,594882000.0,903818000.0,77154000.0,421403000.0,,394602000.0,,386652000.0,63339000.0,,3.37,3.34,95797000.0,96862000.0,341111000.0,,314247000.0,178666000.0,,,49206000.0,1172376000.0,,210926000.0,293077000.0,182165000.0,49387000.0,1907931000.0,49573000.0,58117000.0,,394568000.0,,,72604000.0,22766000.0,1058982000.0,2236716000.0,15574000.0,,1907931000.0,,28255000.0,36276000.0,-16905000.0,-6823000.0,,-689000.0,,,-13220000.0,418263000.0,,,,0.0,-36086000.0,,,,-419028000.0,,5083000.0,-90280000.0,-87411000.0,
2010-04-03,367700000.0,145932000.0,221768000.0,20076000.0,106693000.0,,92357000.0,,90072000.0,14554000.0,,0.81,0.79,93629000.0,95223000.0,297012000.0,,313951000.0,189221000.0,,,53865000.0,1249217000.0,,208957000.0,291734000.0,179557000.0,51777000.0,1981242000.0,57823000.0,55774000.0,,305204000.0,,,72479000.0,21074000.0,1168200000.0,2312234000.0,-7680000.0,,1981242000.0,,6031000.0,-1950000.0,-6230000.0,-16134000.0,,-4222000.0,,,-1168000.0,103155000.0,,,,,0.0,,,,-116187000.0,,2182000.0,-18479000.0,-44099000.0,
2010-07-03,758755000.0,301065000.0,457690000.0,40883000.0,213632000.0,,197941000.0,,192483000.0,32043000.0,,,,93110000.0,94753000.0,310884000.0,,314174000.0,191782000.0,,,51429000.0,1311858000.0,,210649000.0,289929000.0,172203000.0,51760000.0,2036399000.0,59320000.0,59878000.0,,362571000.0,,,74037000.0,19654000.0,1223449000.0,2397156000.0,-36143000.0,812950000.0,2036399000.0,,12314000.0,-4014000.0,12852000.0,25169000.0,,7800000.0,,,-815000.0,214827000.0,,,,,0.0,,,,-175672000.0,,3862000.0,-40157000.0,-30227000.0,
2010-12-31,1643371000.0,653303000.0,990068000.0,84274000.0,445456000.0,,449932000.0,,437863000.0,56100000.0,,,,92385000.0,94057000.0,308498000.0,,358237000.0,204300000.0,67722000.0,,77685000.0,1586641000.0,,215060000.0,291657000.0,181316000.0,52996000.0,2327670000.0,64406000.0,72932000.0,,385850000.0,,,77764000.0,22635000.0,1258873000.0,2618479000.0,-11795000.0,1068797000.0,2327670000.0,,24852000.0,-15037000.0,43286000.0,37036000.0,,-2472000.0,,,3895000.0,457856000.0,,,,,0.0,,,,-411515000.0,,10809000.0,-60252000.0,-32613000.0,39688000.0
2011-04-02,427603000.0,169829000.0,257774000.0,22254000.0,117124000.0,,115895000.0,,112525000.0,18036000.0,,,,91649000.0,93313000.0,296860000.0,,349397000.0,223882000.0,,,71006000.0,1683334000.0,,216989000.0,293517000.0,191432000.0,61890000.0,2447162000.0,67404000.0,60963000.0,,716229000.0,,,78855000.0,25542000.0,1296368000.0,2712968000.0,22279000.0,1150794000.0,2447162000.0,,7015000.0,-1479000.0,-17730000.0,17353000.0,,1755000.0,,,4410000.0,122761000.0,,,,,,,,,-121107000.0,,5832000.0,-27250000.0,-11638000.0,
2011-07-02,875230000.0,345932000.0,529298000.0,45268000.0,242563000.0,,236462000.0,,228853000.0,34289000.0,,,,91662000.0,93302000.0,344914000.0,,365331000.0,243180000.0,,,69820000.0,1800008000.0,,218637000.0,294020000.0,195074000.0,64117000.0,2571856000.0,67967000.0,67125000.0,,467297000.0,,,77594000.0,25000000.0,1346322000.0,2813043000.0,32495000.0,1225534000.0,2571856000.0,,13763000.0,-3692000.0,-7191000.0,36051000.0,,1597000.0,,,3027000.0,219979000.0,,,,,,,,,-174114000.0,,15246000.0,-24727000.0,36416000.0,
2011-10-01,1329764000.0,526250000.0,803514000.0,68640000.0,363774000.0,,363726000.0,,350571000.0,54750000.0,,,,91334000.0,92898000.0,423926000.0,,354445000.0,246258000.0,,,68439000.0,1863359000.0,,221059000.0,298297000.0,196305000.0,60595000.0,2639615000.0,64393000.0,62291000.0,,605579000.0,,,77537000.0,25464000.0,1480532000.0,2914300000.0,-783000.0,1159083000.0,2639615000.0,,20645000.0,-7072000.0,-10040000.0,46235000.0,,4023000.0,,,4782000.0,347312000.0,,,,,11000000.0,,,,-194714000.0,,15316000.0,-37953000.0,115428000.0,
2011-12-31,1851184000.0,730493000.0,1120691000.0,92347000.0,490011000.0,,528600000.0,,509252000.0,76284000.0,,,,90833000.0,92325000.0,383990000.0,,367085000.0,212864000.0,80012000.0,,80804000.0,1942104000.0,,237095000.0,297071000.0,191992000.0,54972000.0,2723234000.0,55317000.0,73136000.0,,601863000.0,,,72613000.0,29210000.0,1496656000.0,3051447000.0,-36055000.0,1226578000.0,2723234000.0,,27579000.0,-5824000.0,12528000.0,18838000.0,,12071000.0,,,11211000.0,497374000.0,,,,,11100000.0,,,,-355976000.0,,32239000.0,-60422000.0,75492000.0,50313000.0
2012-03-31,420458000.0,167290000.0,253168000.0,23347000.0,117119000.0,,110217000.0,,104495000.0,15829000.0,,,,88992000.0,90269000.0,427186000.0,,353746000.0,233362000.0,,,82818000.0,2023479000.0,,238955000.0,309088000.0,205355000.0,62539000.0,2839416000.0,61468000.0,67050000.0,,648283000.0,,,72030000.0,29446000.0,1551885000.0,3140113000.0,-22936000.0,1287531000.0,2839416000.0,,7267000.0,-4830000.0,-16012000.0,18057000.0,,-1773000.0,,,-304000.0,111198000.0,,,,,18414000.0,,,,-62954000.0,,5503000.0,-11995000.0,43196000.0,
2012-06-30,871923000.0,346549000.0,525374000.0,47290000.0,239801000.0,,230340000.0,,218771000.0,32381000.0,,,,88650000.0,89823000.0,369429000.0,,355144000.0,236763000.0,,,81248000.0,2065292000.0,,251357000.0,306770000.0,199013000.0,61124000.0,2883556000.0,62792000.0,71750000.0,,721657000.0,,,71014000.0,31143000.0,1620873000.0,3237837000.0,-53589000.0,1262683000.0,2883556000.0,,14381000.0,-7147000.0,-5929000.0,29327000.0,,-862000.0,,,1889000.0,216274000.0,,,,,18414000.0,,,,-190681000.0,,5832000.0,-36537000.0,-14561000.0,
2012-09-29,1321875000.0,529251000.0,792624000.0,71046000.0,355123000.0,,352085000.0,,334593000.0,49094000.0,,,,88234000.0,89367000.0,356293000.0,,362371000.0,246994000.0,,,79692000.0,2137498000.0,,261115000.0,316269000.0,212870000.0,69388000.0,2997140000.0,60258000.0,70969000.0,,767562000.0,,,70343000.0,33155000.0,1667261000.0,3336946000.0,-29492000.0,1329879000.0,2997140000.0,,21687000.0,-9382000.0,-5506000.0,36558000.0,,811000.0,,,-3998000.0,317627000.0,,,,,31016000.0,,,,-298851000.0,,4061000.0,-53396000.0,-27697000.0,
2012-12-31,1843641000.0,737614000.0,1106027000.0,96004000.0,477270000.0,,511490000.0,,487625000.0,26182000.0,,,,87841000.0,88979000.0,481035000.0,,404556000.0,229565000.0,120438000.0,,84580000.0,2257726000.0,,273279000.0,316834000.0,220145000.0,100166000.0,3168150000.0,54724000.0,90116000.0,,504242000.0,,,24772000.0,25554000.0,1700793000.0,3512890000.0,-26395000.0,1467357000.0,3168150000.0,,29183000.0,-52219000.0,39836000.0,21655000.0,,-1473000.0,,,-15353000.0,449280000.0,,,,,31016000.0,,,,-296394000.0,,10568000.0,-66535000.0,97045000.0,59446000.0
2013-03-30,430338000.0,174568000.0,255770000.0,25312000.0,118660000.0,,109405000.0,,103407000.0,-17652000.0,,,,86049000.0,87215000.0,472048000.0,,377412000.0,235883000.0,,,84532000.0,2287681000.0,,282716000.0,315145000.0,214993000.0,106782000.0,3207317000.0,59789000.0,73656000.0,,476866000.0,,,22556000.0,29670000.0,1730817000.0,3633949000.0,-54671000.0,1476500000.0,3207317000.0,,7431000.0,-991000.0,-16499000.0,12840000.0,,6181000.0,,,1777000.0,127798000.0,,,,,0.0,,,,-90453000.0,,3163000.0,-34581000.0,-8987000.0,
2013-06-29,881453000.0,362897000.0,518556000.0,49962000.0,241722000.0,,222097000.0,,208123000.0,15402000.0,,,,85814000.0,86950000.0,455045000.0,,365222000.0,242641000.0,,,86693000.0,2344278000.0,,295741000.0,315215000.0,219453000.0,110842000.0,3285529000.0,56368000.0,83116000.0,,474953000.0,,,21625000.0,32017000.0,1765417000.0,3723263000.0,-53594000.0,1520112000.0,3285529000.0,,15307000.0,-4172000.0,-25966000.0,20822000.0,,8453000.0,,,-528000.0,236820000.0,,,,,0.0,,,,-197963000.0,,6634000.0,-53076000.0,-25990000.0,
2013-09-28,1338770000.0,554465000.0,784305000.0,73561000.0,362285000.0,,341166000.0,,320780000.0,14609000.0,,,,85565000.0,86719000.0,431001000.0,,373844000.0,256980000.0,,,99151000.0,2429082000.0,,313667000.0,340393000.0,230774000.0,111403000.0,3425319000.0,62754000.0,79947000.0,,492904000.0,,,19049000.0,32581000.0,1806685000.0,3821311000.0,-25174000.0,1618634000.0,3425319000.0,,23985000.0,-11181000.0,-22585000.0,30782000.0,,9638000.0,,,-8461000.0,341585000.0,,,,,26434000.0,,,,-329366000.0,,8864000.0,-62057000.0,-50034000.0,
2013-12-31,1904218000.0,783456000.0,1120762000.0,100536000.0,492965000.0,,517343000.0,,490105000.0,40102000.0,,,,85426000.0,86546000.0,440796000.0,,430985000.0,242800000.0,82243000.0,,78800000.0,2556255000.0,,324932000.0,350350000.0,239112000.0,111980000.0,3582629000.0,64961000.0,85132000.0,,487532000.0,,18000000.0,25436000.0,41765000.0,1819456000.0,3962893000.0,5879000.0,1763173000.0,3582629000.0,,31708000.0,169000.0,35233000.0,11389000.0,,11467000.0,,,-7684000.0,484876000.0,,,,,41395000.0,,,,-464729000.0,,15842000.0,-64588000.0,-40239000.0,55928000.0
2014-03-29,430508000.0,187719000.0,242789000.0,24746000.0,126635000.0,,88761000.0,,82730000.0,12428000.0,,,,84977000.0,85873000.0,395382000.0,,401406000.0,266629000.0,,,86479000.0,2607709000.0,,329880000.0,353469000.0,238258000.0,120419000.0,3649735000.0,73180000.0,74231000.0,,584448000.0,,,24592000.0,44569000.0,1830363000.0,4033195000.0,32457000.0,1819372000.0,3649735000.0,,8129000.0,-2218000.0,-30147000.0,24163000.0,,7169000.0,,,3330000.0,115755000.0,,,,,3615000.0,,,,-119949000.0,,8507000.0,-40299000.0,-45414000.0,
2014-06-28,912309000.0,389572000.0,522737000.0,51723000.0,258565000.0,,207156000.0,,194854000.0,28023000.0,,,,84731000.0,85538000.0,428691000.0,,401919000.0,272764000.0,,,88363000.0,2680606000.0,,328598000.0,354079000.0,237064000.0,127183000.0,3727530000.0,65086000.0,84875000.0,,594590000.0,,,23407000.0,46173000.0,1884045000.0,4129724000.0,39082000.0,1843485000.0,3727530000.0,,16353000.0,-7912000.0,-28870000.0,31558000.0,,10545000.0,,,-13750000.0,222087000.0,,,,,3615000.0,,,,-173761000.0,,8871000.0,-65673000.0,-12105000.0,
2014-09-27,1405474000.0,591794000.0,813680000.0,79002000.0,380791000.0,,345869000.0,,326267000.0,45939000.0,,,,84375000.0,85162000.0,356968000.0,,393169000.0,269095000.0,,,90789000.0,2699410000.0,,322924000.0,358464000.0,241654000.0,129224000.0,3751676000.0,60269000.0,80229000.0,,574479000.0,,,22039000.0,50402000.0,1909856000.0,4243221000.0,-10076000.0,1841820000.0,3751676000.0,,24460000.0,-9151000.0,-23588000.0,36812000.0,,10949000.0,,,-20111000.0,349926000.0,,,,,23672000.0,,1800000.0,,-322424000.0,,8605000.0,-104784000.0,-83828000.0,
2014-12-31,1989344000.0,824913000.0,1164431000.0,107726000.0,512707000.0,,517908000.0,,490740000.0,59120000.0,,,,84358000.0,85151000.0,422177000.0,,433616000.0,246430000.0,79518000.0,,118302000.0,2853736000.0,,321583000.0,354838000.0,232371000.0,115406000.0,3877934000.0,65704000.0,85335000.0,,581595000.0,,-17997000.0,20397000.0,56046000.0,1983268000.0,4394513000.0,-78705000.0,1894666000.0,3877934000.0,,32998000.0,1583000.0,29435000.0,15984000.0,,14409000.0,,,-2287000.0,511648000.0,,,,,27008000.0,,15126000.0,,-402030000.0,,15703000.0,-107221000.0,-18619000.0,60971000.0
2015-04-04,460404000.0,189246000.0,271158000.0,28951000.0,119751000.0,,119982000.0,,113347000.0,17286000.0,,1.16,1.15,83025000.0,83752000.0,440798000.0,,394370000.0,257530000.0,,,115028000.0,2875973000.0,,316814000.0,350021000.0,213108000.0,116810000.0,3872726000.0,63954000.0,70632000.0,,538471000.0,,,,56463000.0,2010486000.0,4490574000.0,-138376000.0,1862240000.0,3872726000.0,,8455000.0,2828000.0,-24802000.0,21369000.0,,4891000.0,,,9367000.0,154590000.0,,,,,,,,,-56446000.0,,2757000.0,-60274000.0,18621000.0,
2015-07-04,955144000.0,397953000.0,557191000.0,59506000.0,242411000.0,,250300000.0,,237119000.0,35401000.0,,2.44,2.41,82798000.0,83551000.0,365875000.0,,406583000.0,272932000.0,,,118549000.0,3006957000.0,,324896000.0,353340000.0,223160000.0,120491000.0,4028844000.0,65007000.0,75852000.0,,546694000.0,,,,61014000.0,2096246000.0,4596231000.0,-118273000.0,1932598000.0,4028844000.0,,16610000.0,542000.0,-13501000.0,29878000.0,,9397000.0,,,13305000.0,267549000.0,,,,,9408000.0,,,,-264508000.0,,5689000.0,-48552000.0,-56302000.0,
2015-10-03,1455722000.0,604757000.0,850965000.0,90209000.0,367066000.0,,386143000.0,,366681000.0,48682000.0,,3.85,3.82,82552000.0,83305000.0,459518000.0,,416311000.0,281786000.0,,,85016000.0,3093847000.0,,325554000.0,352151000.0,222806000.0,126886000.0,4121244000.0,61710000.0,82772000.0,,535954000.0,,,,64899000.0,2152688000.0,4712512000.0,-126816000.0,1968556000.0,4121244000.0,,24957000.0,1821000.0,-6121000.0,39171000.0,,11614000.0,,,-954000.0,406642000.0,,,,,9408000.0,,,,-294509000.0,,5689000.0,-57918000.0,37341000.0,
2015-12-31,2042332000.0,842672000.0,1199660000.0,118545000.0,495747000.0,,567451000.0,,541919000.0,72866000.0,,5.7,5.65,82336000.0,83087000.0,487665000.0,,468315000.0,263415000.0,65930000.0,,82540000.0,3213533000.0,,333355000.0,356864000.0,218022000.0,146903000.0,4268677000.0,70573000.0,93793000.0,,564076000.0,,,,60776000.0,2209826000.0,4863566000.0,-146726000.0,2058851000.0,4268677000.0,,33368000.0,6581000.0,49888000.0,19967000.0,,9634000.0,,,11115000.0,560293000.0,,,,,23494000.0,,3000000.0,,-399739000.0,,12955000.0,-69594000.0,65488000.0,51750000.0
2016-04-02,475246000.0,201151000.0,274095000.0,29438000.0,129351000.0,,112662000.0,,106630000.0,12578000.0,,1.16,1.15,81275000.0,81974000.0,416387000.0,,439578000.0,287048000.0,,,78825000.0,3310619000.0,,336798000.0,356880000.0,223364000.0,140734000.0,4368395000.0,73290000.0,80083000.0,,524030000.0,,,,65146000.0,2266709000.0,4957618000.0,-127947000.0,2101686000.0,4368395000.0,,15841000.0,3740000.0,-38254000.0,20488000.0,,3421000.0,,,5486000.0,159886000.0,,,,,,,,,-197823000.0,,1619000.0,-37397000.0,-71278000.0,
2016-07-02,1011806000.0,421530000.0,590276000.0,62016000.0,258932000.0,,264273000.0,,252085000.0,29816000.0,,2.74,2.72,81043000.0,81663000.0,463382000.0,,445953000.0,286447000.0,,,73750000.0,3405936000.0,,330235000.0,352987000.0,217393000.0,141522000.0,4448073000.0,66115000.0,84517000.0,,522604000.0,,,,61368000.0,2298729000.0,5085835000.0,-156929000.0,2149344000.0,4448073000.0,,24237000.0,637000.0,-32318000.0,25003000.0,,3517000.0,,,9374000.0,316905000.0,,,,,,,,,-267671000.0,,3517000.0,-64901000.0,-24283000.0,
2016-12-31,2167423000.0,891453000.0,,125187000.0,513031000.0,1543084000.0,624339000.0,,600114000.0,78611000.0,,6.46,6.41,80786000.0,81417000.0,505631000.0,,489340000.0,262682000.0,62120000.0,,70391000.0,3635445000.0,,337118000.0,352080000.0,207055000.0,130361000.0,4662059000.0,67740000.0,92347000.0,,520321000.0,,,,54797000.0,2360110000.0,5385069000.0,-216280000.0,2301949000.0,4662059000.0,,40998000.0,1204000.0,31721000.0,20147000.0,,1076000.0,,,8986000.0,629076000.0,,,,,5609000.0,,,,-487918000.0,,13844000.0,-101857000.0,17966000.0,50007000.0
2017-04-01,497969000.0,,,30752000.0,130524000.0,379100000.0,118869000.0,,113487000.0,7930000.0,,1.32,1.31,80073000.0,80769000.0,584444000.0,,461755000.0,279976000.0,,,70230000.0,3778424000.0,,334382000.0,353796000.0,211049000.0,133052000.0,4810703000.0,66929000.0,92256000.0,,632211000.0,,,,59232000.0,2415889000.0,5490626000.0,-186537000.0,2394814000.0,4810703000.0,,8655000.0,6168000.0,-35110000.0,10473000.0,,1040000.0,,,5795000.0,174209000.0,,,,7000000.0,,,,,-97049000.0,,,-12364000.0,78813000.0,
2017-07-01,1056219000.0,,,63689000.0,260714000.0,783565000.0,272654000.0,,261559000.0,24180000.0,,2.97,2.94,80029000.0,80769000.0,567255000.0,,462811000.0,287139000.0,,,71339000.0,3947235000.0,,338860000.0,357122000.0,219092000.0,134436000.0,4996745000.0,71055000.0,99986000.0,,653289000.0,,,,56521000.0,2478106000.0,5622448000.0,-147775000.0,2518639000.0,4996745000.0,,17794000.0,5208000.0,-41945000.0,19169000.0,,1154000.0,,,2306000.0,351260000.0,,,,,7000000.0,,5000000.0,,-293852000.0,,,-22286000.0,61624000.0,
2017-09-30,1621803000.0,,,97471000.0,395908000.0,1190115000.0,431688000.0,,415359000.0,41876000.0,,4.67,4.63,79908000.0,80660000.0,603807000.0,,456334000.0,297854000.0,,,69380000.0,4078525000.0,,342832000.0,359376000.0,224056000.0,158196000.0,5162985000.0,66754000.0,105217000.0,,662149000.0,,,,62052000.0,2533890000.0,5758552000.0,-120427000.0,2629095000.0,5162985000.0,,30068000.0,3046000.0,-53358000.0,26217000.0,,2370000.0,,,-2483000.0,505456000.0,,,,7000000.0,,,5000000.0,,-403988000.0,,,-39494000.0,98176000.0,
2017-12-31,2309078000.0,947067000.0,,132593000.0,544703000.0,1647220000.0,661858000.0,,641097000.0,620786000.0,,0.25,0.25,79793000.0,80604000.0,642319000.0,,533825000.0,270294000.0,21887000.0,,72314000.0,4270134000.0,,349278000.0,359819000.0,228395000.0,116728000.0,5324354000.0,64537000.0,119449000.0,,606157000.0,,,456949000.0,62625000.0,3090566000.0,5405380000.0,-110067000.0,2233788000.0,5324354000.0,,39436000.0,45510000.0,24013000.0,-731000.0,,24098000.0,,,1140000.0,697640000.0,,,,7000000.0,,,5000000.0,,-535752000.0,,,-63869000.0,136688000.0,70583000.0
2018-03-31,530670000.0,,,34480000.0,130407000.0,386295000.0,144375000.0,,140549000.0,28598000.0,,1.42,1.4,78883000.0,79715000.0,716522000.0,,502968000.0,299614000.0,,,84123000.0,3438578000.0,,349319000.0,362331000.0,231733000.0,107496000.0,4489457000.0,70645000.0,103694000.0,,534348000.0,,,457087000.0,67965000.0,2374563000.0,5513362000.0,-88631000.0,2114894000.0,4489457000.0,,9892000.0,1071000.0,-40588000.0,28101000.0,,1393000.0,,,5970000.0,175841000.0,,,,3215000.0,,,,,895839000.0,,,-1006065000.0,74203000.0,
2018-06-30,1126889000.0,,,70124000.0,267052000.0,803321000.0,323568000.0,,315110000.0,47482000.0,,3.42,3.39,78330000.0,79041000.0,742204000.0,,492826000.0,299595000.0,,,83086000.0,3124000000.0,,335709000.0,357507000.0,218175000.0,122353000.0,4157744000.0,71190000.0,85860000.0,,474917000.0,,,417267000.0,74881000.0,2182650000.0,5669039000.0,-132901000.0,1975094000.0,4157744000.0,,18971000.0,-2992000.0,-36591000.0,33877000.0,,-159000.0,,,-22215000.0,276557000.0,,,,3215000.0,,,,,1206382000.0,,,-1370231000.0,99885000.0,
2018-09-29,1704910000.0,,,105297000.0,394049000.0,1209668000.0,495242000.0,,484340000.0,75698000.0,,5.26,5.21,77741000.0,78395000.0,689373000.0,,489193000.0,313614000.0,,,83702000.0,2970769000.0,,338472000.0,357869000.0,252834000.0,123114000.0,4043058000.0,65810000.0,84189000.0,,448125000.0,,,429611000.0,77133000.0,2166626000.0,5810053000.0,-125793000.0,1876432000.0,4043058000.0,,28184000.0,278000.0,-36893000.0,47826000.0,,235000.0,,,-3641000.0,422897000.0,,,,7615000.0,,,,,1257718000.0,,,-1626443000.0,47054000.0,
2018-12-31,2419929000.0,992564000.0,,143403000.0,536902000.0,1680155000.0,739774000.0,,682146000.0,88352000.0,,7.71,7.65,76992000.0,77618000.0,796280000.0,,568316000.0,291569000.0,28199000.0,,68054000.0,2663163000.0,,343083000.0,355614000.0,246902000.0,118664000.0,3727426000.0,68168000.0,115832000.0,,448931000.0,,,430866000.0,76346000.0,2160168000.0,5995205000.0,-117971000.0,1567258000.0,3727426000.0,,37541000.0,2405000.0,47921000.0,25396000.0,,-6047000.0,,,-27015000.0,604446000.0,,,,7615000.0,31486000.0,,,,1683302000.0,,,-2119522000.0,153961000.0,159397000.0
2019-03-30,513862000.0,,,35060000.0,134339000.0,392711000.0,121151000.0,,117378000.0,8392000.0,,1.52,1.51,71704000.0,72415000.0,684970000.0,,508285000.0,333308000.0,,,68935000.0,2077791000.0,,355965000.0,356632000.0,243415000.0,121245000.0,3249728000.0,72367000.0,25208000.0,,603279000.0,,,431224000.0,75036000.0,2281986000.0,6104191000.0,-108644000.0,967742000.0,3249728000.0,,9941000.0,1442000.0,-59331000.0,44438000.0,,-4637000.0,,,-6162000.0,175779000.0,,,,,,,,,434039000.0,,,-723134000.0,-111310000.0,
2019-06-29,1113024000.0,,,71550000.0,267547000.0,814219000.0,298805000.0,,289113000.0,35717000.0,,3.6,3.57,70331000.0,70904000.0,587998000.0,,518520000.0,351552000.0,,,74556000.0,1620401000.0,,368878000.0,355890000.0,244094000.0,142599000.0,2822922000.0,67397000.0,9874000.0,,611696000.0,,,393297000.0,90752000.0,2266677000.0,6248601000.0,-115096000.0,556245000.0,2822922000.0,,19255000.0,1632000.0,-52508000.0,62200000.0,,15060000.0,,,-29720000.0,302803000.0,,,,4750000.0,,,,,785063000.0,,,-1294734000.0,-208282000.0,
2019-09-28,1690302000.0,,,105883000.0,393583000.0,1218262000.0,472040000.0,,453851000.0,62322000.0,,5.68,5.63,68952000.0,69533000.0,404649000.0,,504865000.0,368790000.0,,,65602000.0,1343906000.0,,381496000.0,353938000.0,237610000.0,159203000.0,2561265000.0,64805000.0,18016000.0,,597153000.0,,,393863000.0,82390000.0,2445765000.0,6386734000.0,-119581000.0,115500000.0,2561265000.0,,28917000.0,1817000.0,-57897000.0,83973000.0,,9302000.0,,,-40957000.0,451192000.0,,,,,,,,,825441000.0,,,-1661541000.0,-391631000.0,
2019-12-31,2406596000.0,1010700000.0,,142955000.0,534791000.0,1698139000.0,708457000.0,,678239000.0,86041000.0,,8.76,8.69,67627000.0,68166000.0,335715000.0,,587734000.0,320551000.0,26933000.0,,67062000.0,1312491000.0,,417342000.0,356128000.0,240203000.0,137533000.0,2557055000.0,49001000.0,137084000.0,,591334000.0,,,394562000.0,80603000.0,2773336000.0,6587403000.0,-119471000.0,-216281000.0,2557055000.0,,38577000.0,9620000.0,22195000.0,31854000.0,,16470000.0,,,-39911000.0,643087000.0,,,,9000000.0,,,,,768802000.0,,,-1872678000.0,-460565000.0,87998000.0
2020-03-28,464939000.0,,,34989000.0,147735000.0,396659000.0,68280000.0,,57863000.0,4301000.0,,0.86,0.86,62232000.0,62626000.0,390061000.0,,522209000.0,344009000.0,,,67687000.0,1327776000.0,,439420000.0,424000000.0,243389000.0,141482000.0,2666518000.0,61059000.0,113244000.0,,551051000.0,,,394750000.0,94045000.0,3004517000.0,6639980000.0,-138417000.0,-337999000.0,2666518000.0,,9196000.0,-2525000.0,-54026000.0,29399000.0,,-2745000.0,,,9238000.0,151635000.0,,,,,76664000.0,,,,-130175000.0,,,32918000.0,54346000.0,
2020-06-27,984923000.0,,,66144000.0,265184000.0,761529000.0,223394000.0,,203226000.0,26735000.0,,2.84,2.83,62085000.0,62404000.0,339036000.0,,496276000.0,344009000.0,,,73386000.0,1269427000.0,,459173000.0,427492000.0,248993000.0,154598000.0,2648302000.0,50325000.0,125448000.0,,697320000.0,,,356607000.0,113631000.0,2840044000.0,6762909000.0,-126890000.0,-191742000.0,2648302000.0,,18122000.0,-777000.0,-86978000.0,27089000.0,,-8238000.0,,,-29293000.0,350446000.0,,,,3000000.0,76664000.0,,,,-192335000.0,,,-159366000.0,3321000.0,
2020-09-26,1578707000.0,,,101115000.0,400614000.0,1196929000.0,381778000.0,,353663000.0,50403000.0,,4.89,4.86,62057000.0,62371000.0,374934000.0,,494432000.0,326946000.0,,,73225000.0,1291673000.0,,469721000.0,431078000.0,255168000.0,144889000.0,2679286000.0,60357000.0,157018000.0,,722188000.0,,,356953000.0,92915000.0,2720867000.0,6889678000.0,-126676000.0,-41581000.0,2679286000.0,,27715000.0,1089000.0,-96955000.0,8139000.0,,2612000.0,,,-48332000.0,523025000.0,,,,4000000.0,76664000.0,,,,-226561000.0,,,-267968000.0,39219000.0,
2020-12-31,2365365000.0,1006689000.0,,140777000.0,553698000.0,1719876000.0,645489000.0,-1775000.0,610914000.0,89343000.0,,8.4,8.36,62094000.0,62414000.0,436695000.0,,573316000.0,304281000.0,13667000.0,,80290000.0,1401033000.0,,494003000.0,444362000.0,258645000.0,148625000.0,2839920000.0,72212000.0,197093000.0,,804983000.0,,,357493000.0,97968000.0,2607776000.0,7107989000.0,-117943000.0,232144000.0,2839920000.0,,36865000.0,-2693000.0,-37467000.0,-18940000.0,,37865000.0,,,-40725000.0,790507000.0,,,,6000000.0,80545000.0,,,,-264094000.0,,,-440502000.0,100980000.0,97621000.0
2021-04-03,608545000.0,95271000.0,,38092000.0,143196000.0,437275000.0,171270000.0,,173784000.0,25657000.0,,2.38,2.37,62260000.0,62632000.0,683783000.0,,550677000.0,327967000.0,,,79510000.0,1767923000.0,,513719000.0,438139000.0,240853000.0,162646000.0,3211563000.0,81511000.0,167331000.0,,785049000.0,,,357824000.0,100379000.0,2980601000.0,7256116000.0,-111206000.0,230962000.0,3211563000.0,,8305000.0,2787000.0,-7945000.0,30544000.0,,4219000.0,,,-1563000.0,218404000.0,,,,,0.0,,,,-159004000.0,,,188775000.0,247088000.0,
2021-07-03,1290192000.0,,,83041000.0,301409000.0,922500000.0,367692000.0,,371198000.0,55779000.0,,5.09,5.05,61979000.0,62435000.0,460056000.0,,543072000.0,348770000.0,,,83086000.0,1638550000.0,,527135000.0,440000000.0,246836000.0,162429000.0,3103647000.0,83249000.0,173746000.0,,681018000.0,,,319121000.0,95670000.0,2835374000.0,7423408000.0,-111179000.0,268273000.0,3103647000.0,,15596000.0,6107000.0,-18985000.0,50873000.0,,9263000.0,,,-44973000.0,361444000.0,,,,,0.0,,,,-281106000.0,,,-48191000.0,23361000.0,
2021-10-02,1949425000.0,,,125027000.0,453954000.0,1389918000.0,559507000.0,,553873000.0,77269000.0,,7.72,7.66,61771000.0,62244000.0,524702000.0,,532957000.0,388756000.0,,,81171000.0,1658076000.0,,530061000.0,437000000.0,246080000.0,160099000.0,3115915000.0,88904000.0,145306000.0,,671889000.0,,,319161000.0,84980000.0,2820693000.0,7584593000.0,-115614000.0,295222000.0,3115915000.0,,21949000.0,9219000.0,-23472000.0,93878000.0,,6116000.0,,,-57838000.0,529336000.0,,,,1000000.0,0.0,,,,-248428000.0,,,-183907000.0,88007000.0,
2021-12-31,2785874000.0,1156533000.0,,168358000.0,626968000.0,1964167000.0,821707000.0,17203000.0,806193000.0,113350000.0,,11.25,11.17,61575000.0,62028000.0,501234000.0,,612648000.0,356095000.0,11995000.0,,90914000.0,1628942000.0,,547913000.0,438000000.0,242401000.0,153077000.0,3094932000.0,96799000.0,155054000.0,,680508000.0,,,319547000.0,89803000.0,2727378000.0,7800832000.0,-111865000.0,367554000.0,3094932000.0,,29918000.0,16633000.0,62448000.0,67250000.0,,-4490000.0,,,-52075000.0,747274000.0,,,,2000000.0,0.0,,,,-231630000.0,,,-438275000.0,64539000.0,153504000.0
2022-04-02,690572000.0,,,40472000.0,157475000.0,495102000.0,195470000.0,,186695000.0,26864000.0,,2.64,2.62,60580000.0,60952000.0,480070000.0,,607262000.0,381902000.0,,,92915000.0,1585174000.0,,547199000.0,436000000.0,236408000.0,149737000.0,3041269000.0,93235000.0,126803000.0,,687829000.0,,,319896000.0,94914000.0,2666332000.0,7960663000.0,-117725000.0,374937000.0,3041269000.0,,10933000.0,4175000.0,907000.0,26832000.0,,13491000.0,,,2045000.0,197960000.0,,,,,,,,,18992000.0,,,-227411000.0,-21164000.0,
2022-07-02,1404891000.0,,,84478000.0,319352000.0,1009789000.0,395102000.0,,378969000.0,54274000.0,,5.38,5.35,60399000.0,60744000.0,418897000.0,,639451000.0,409922000.0,,,95160000.0,1564327000.0,,545813000.0,428005000.0,225101000.0,191222000.0,3040570000.0,97980000.0,130948000.0,,746563000.0,,,247950000.0,107305000.0,2648446000.0,8125527000.0,-141389000.0,392124000.0,3040570000.0,,20722000.0,-12523000.0,57377000.0,65070000.0,,-4658000.0,,,-63667000.0,254863000.0,,,,,,,,,-7403000.0,,,-310181000.0,-82337000.0,
2022-10-01,2113446000.0,,,127913000.0,483769000.0,1526334000.0,587112000.0,,562350000.0,81657000.0,,7.98,7.94,60200000.0,60521000.0,443637000.0,,600924000.0,442236000.0,,,87912000.0,1575585000.0,,547386000.0,420257000.0,213429000.0,227111000.0,3070053000.0,96567000.0,120254000.0,,731970000.0,,,248111000.0,99842000.0,2684817000.0,8281525000.0,-164390000.0,385236000.0,3070053000.0,,30929000.0,-20836000.0,39098000.0,113211000.0,,3881000.0,,,-65999000.0,412952000.0,,,,,,,,,-45783000.0,,,-398187000.0,-57597000.0,
2022-12-31,2971956000.0,1248182000.0,,176190000.0,658026000.0,2098561000.0,873395000.0,2228000.0,837846000.0,130091000.0,,11.8,11.73,59985000.0,60331000.0,480529000.0,,722892000.0,455710000.0,33922000.0,,103910000.0,1763903000.0,,582217000.0,430328000.0,227399000.0,191100000.0,3281453000.0,93302000.0,140304000.0,,785737000.0,,,248496000.0,117543000.0,2776965000.0,8508587000.0,-141572000.0,504488000.0,3281453000.0,,42564000.0,-31988000.0,137874000.0,101902000.0,,5514000.0,,,-52578000.0,611661000.0,,,,1000000.0,0.0,,,,-107967000.0,,,-509633000.0,-20705000.0,160082000.0
2023-04-01,684674000.0,,,42691000.0,181956000.0,510506000.0,174168000.0,,165173000.0,24250000.0,,2.39,2.38,59023000.0,59317000.0,486070000.0,,683341000.0,499422000.0,,,103981000.0,1773699000.0,,590207000.0,432000000.0,232715000.0,192481000.0,3306820000.0,93558000.0,138290000.0,,801950000.0,,,249196000.0,120803000.0,2706997000.0,8649510000.0,-132796000.0,599823000.0,3306820000.0,,12805000.0,-5078000.0,-44047000.0,42621000.0,,-6662000.0,,,5033000.0,196751000.0,,,,,,,,,-34406000.0,,,-159211000.0,5541000.0,
2023-07-01,1425250000.0,,,88564000.0,368909000.0,1051223000.0,374027000.0,,345448000.0,53971000.0,,4.97,4.95,58857000.0,59010000.0,329693000.0,,693436000.0,536828000.0,,,120342000.0,1681184000.0,,615211000.0,1313501000.0,649731000.0,196157000.0,4548196000.0,81918000.0,157671000.0,,809387000.0,,,154376000.0,122585000.0,3776967000.0,8800064000.0,-128800000.0,771229000.0,4548196000.0,,23734000.0,-6435000.0,-50273000.0,63607000.0,,-12000.0,,,-90402000.0,214869000.0,,,,,1285907000.0,,,,-1366920000.0,,,998963000.0,-150836000.0,
2023-09-30,2136942000.0,,,130559000.0,555657000.0,1583489000.0,553453000.0,,498643000.0,72614000.0,,7.21,7.19,59093000.0,59262000.0,336414000.0,,631284000.0,544402000.0,,,121528000.0,1634526000.0,,616846000.0,1308027000.0,631209000.0,221846000.0,4497180000.0,79834000.0,145445000.0,,745029000.0,,,155743000.0,133923000.0,3591658000.0,8934616000.0,-146297000.0,905522000.0,4497180000.0,,32224000.0,267000.0,-100327000.0,81415000.0,,23432000.0,,,-83335000.0,372687000.0,,,,,1285907000.0,,,,-1404321000.0,,,885438000.0,-144115000.0,
2023-12-31,2956416000.0,1195223000.0,,174945000.0,736014000.0,2138740000.0,817676000.0,807000.0,736243000.0,94009000.0,,10.87,10.84,59076000.0,59270000.0,395076000.0,,702168000.0,516236000.0,47925000.0,,138489000.0,1752867000.0,,639073000.0,1305446000.0,629187000.0,215690000.0,4626854000.0,84705000.0,168677000.0,,789580000.0,,,137123000.0,137812000.0,3476513000.0,9150821000.0,-134120000.0,1150341000.0,4626854000.0,,36868000.0,-1197000.0,-49179000.0,45443000.0,,26264000.0,,,-105476000.0,602809000.0,,,,,1282354000.0,,,,-1442265000.0,,,754951000.0,-85453000.0,243316000.0
2024-03-30,636839000.0,,,44595000.0,174536000.0,502993000.0,133846000.0,,114856000.0,12660000.0,,1.73,1.72,59232000.0,59431000.0,337290000.0,,626329000.0,538634000.0,,,139782000.0,1642958000.0,,633594000.0,1300000000.0,611147000.0,242374000.0,4508964000.0,86219000.0,152172000.0,,848459000.0,,,137439000.0,155876000.0,3252439000.0,9253017000.0,-141883000.0,1256525000.0,4508964000.0,,10913000.0,4453000.0,-62592000.0,28309000.0,,-7369000.0,,,-7634000.0,262870000.0,,,,,,,,,-29744000.0,,,-292176000.0,-57786000.0,
2024-06-29,1345368000.0,,,90777000.0,347783000.0,1022410000.0,322958000.0,,284268000.0,39335000.0,,4.13,4.12,59339000.0,59451000.0,326427000.0,,610088000.0,522927000.0,,,143307000.0,1603683000.0,,636110000.0,1300000000.0,596398000.0,233936000.0,4449047000.0,78436000.0,140057000.0,,762532000.0,,,17587000.0,146024000.0,3037080000.0,9395754000.0,-148202000.0,1411967000.0,4449047000.0,,22346000.0,3958000.0,-69642000.0,16709000.0,,-6802000.0,,,-134908000.0,317404000.0,,,,,0.0,,,,-65859000.0,,,-326213000.0,-68649000.0,
2024-09-28,2085673000.0,,,136113000.0,516880000.0,1551583000.0,534090000.0,,477885000.0,71449000.0,,6.85,6.83,59367000.0,59504000.0,330514000.0,,669534000.0,518994000.0,,,127738000.0,1647724000.0,,642627000.0,1306593000.0,591883000.0,246151000.0,4511620000.0,94596000.0,161125000.0,,816040000.0,,,17819000.0,144173000.0,2908521000.0,9557257000.0,-132285000.0,1603099000.0,4511620000.0,,32993000.0,-1967000.0,-27457000.0,2032000.0,,18416000.0,,,-141473000.0,521984000.0,,,,,0.0,,,,-91910000.0,,,-503097000.0,-64562000.0,
