Date,Net sales,Cost of sales,Gross margin,Research and development,"Selling, general and administrative",Total operating expenses,Operating income,"Other income/(expense), net",Income before provision for income taxes,Provision for income taxes,Net income,Earnings per share basic,Earnings per share diluted,Weighted-average basic,Weighted-average diluted,Cash and cash equivalents,Short-term marketable securities,"Accounts receivable, net",Inventories,Deferred tax assets,Vendor non-trade receivables,Other current assets,Total current assets,Long-term marketable securities,"Property, Plant and Equipment, Net",Goodwill,"Acquired intangible assets, net","Other Assets, Noncurrent",Total assets,accounts payable,Accrued expenses,Deferred revenue,Total current liabilities,Deferred revenue - non-current,deferred tax liabilities,long term taxes payable,Total other non-current liabilities,Total liabilities,Retained Earnings (Accumulated Deficit),Accumulated other comprehensive (loss)/income,Total shareholders equity,Total liabilities and shareholders' equity,"Depreciation, amortization and accretion",Stock-based compensation expense,Deferred income tax expense,"Increase (Decrease) in Accounts receivable, net",Increase (Decrease) in Inventories,Increase (Decrease) in Other Receivables,Increase (Decrease) in Other Operating Assets,Increase (Decrease) in Accounts Payable,Increase (Decrease) in Deferred Revenue,Increase (Decrease) Other liabilities,Cash generated by operating activities,Purchases of marketable securities,Proceeds from maturities of marketable securities,Proceeds from sales of marketable securities,Purchases of other long-term investments,"Business acquisitions, net of cash acquired",Cash payments for capital asset purchases,Payments for acquisition of intangible assets,Payments for (Proceeds from) Other Investing Activities,Cash used in investing activities,Proceeds from issuance of common stock,Excess tax benefits from stock-based compensation,Cash generated/used in financing activities,Increase/(decrease) in cash and cash equivalents,"Cash paid for income taxes, net"
2014-11-30,0.0,0.0,0.0,,0.0,,0.0,,-14000000.0,0.0,-14000000.0,,,,,9962000000.0,,,,,,,,,,,,68000000.0,10030000000.0,,24000000.0,,97000000.0,,,,,,-14000000.0,-63000000.0,-77000000.0,10030000000.0,,,,,,,,,,,0.0,,,,,,,,,0.0,,,9972000000.0,9962000000.0,
2015-02-28,46127000000.0,33949000000.0,12178000000.0,,10062000000.0,,2431000000.0,,3641000000.0,712000000.0,2892000000.0,2.91,2.88,,1054700000.0,3005000000.0,77000000.0,7017000000.0,9379000000.0,,,1314000000.0,20715000000.0,,15646000000.0,17044000000.0,12225000000.0,5727000000.0,71357000000.0,10293000000.0,5140000000.0,,16690000000.0,,3689000000.0,,3951000000.0,,24526000000.0,-68000000.0,30814000000.0,71357000000.0,826000000.0,65000000.0,181000000.0,391000000.0,-106000000.0,,,,,-94000000.0,2337000000.0,,,,,,643000000.0,,165000000.0,-4708000000.0,,,2829000000.0,359000000.0,
2015-05-31,74922000000.0,55263000000.0,19659000000.0,,16142000000.0,,3832000000.0,,5352000000.0,1120000000.0,4194000000.0,4.08,4.04,,1102400000.0,4449000000.0,84000000.0,6899000000.0,8764000000.0,,,917000000.0,21029000000.0,,15241000000.0,17361000000.0,11229000000.0,5784000000.0,70644000000.0,9932000000.0,4849000000.0,,16157000000.0,,3532000000.0,,3971000000.0,,25460000000.0,-141000000.0,31563000000.0,70644000000.0,1264000000.0,86000000.0,240000000.0,273000000.0,-679000000.0,,,,,-116000000.0,4159000000.0,,,,,,890000000.0,,174000000.0,-3884000000.0,,,1622000000.0,1803000000.0,
2015-08-31,103444000000.0,76520000000.0,26924000000.0,,22571000000.0,,4668000000.0,,5311000000.0,1056000000.0,4220000000.0,4.05,4.0,,1053900000.0,3000000000.0,36000000.0,6849000000.0,8678000000.0,1157000000.0,,1130000000.0,19657000000.0,,15068000000.0,16372000000.0,12351000000.0,5334000000.0,68782000000.0,10088000000.0,5225000000.0,,16557000000.0,,3538000000.0,,4072000000.0,,25089000000.0,-214000000.0,30861000000.0,68782000000.0,1742000000.0,109000000.0,-32000000.0,338000000.0,-719000000.0,,,,,-11000000.0,5664000000.0,,,,,,1251000000.0,,59000000.0,-4276000000.0,,,-915000000.0,354000000.0,
2015-11-30,29033000000.0,21531000000.0,7502000000.0,,6034000000.0,,1468000000.0,,1273000000.0,167000000.0,1110000000.0,,,,1098600000.0,2570000000.0,33000000.0,6821000000.0,9884000000.0,,,956000000.0,20231000000.0,,14878000000.0,16195000000.0,12040000000.0,5313000000.0,68657000000.0,10643000000.0,4886000000.0,,16874000000.0,,3313000000.0,,4122000000.0,,25806000000.0,-658000000.0,30709000000.0,68657000000.0,382000000.0,31000000.0,-158000000.0,166000000.0,1306000000.0,,,,,67000000.0,732000000.0,,,,,,340000000.0,,-4000000.0,-271000000.0,,,-853000000.0,-430000000.0,
2016-02-29,59217000000.0,43771000000.0,15446000000.0,,12118000000.0,,3328000000.0,,2497000000.0,468000000.0,2040000000.0,,,,1093500000.0,3586000000.0,,6733000000.0,9025000000.0,,,1034000000.0,20378000000.0,,14552000000.0,15796000000.0,11122000000.0,4537000000.0,66385000000.0,9873000000.0,5050000000.0,,16272000000.0,,3107000000.0,,4114000000.0,,26348000000.0,-1868000000.0,29506000000.0,66385000000.0,824000000.0,60000000.0,-171000000.0,152000000.0,553000000.0,,,,,60000000.0,3085000000.0,,,,,,657000000.0,,3000000.0,-552000000.0,,,-1859000000.0,586000000.0,
2016-05-31,88715000000.0,65772000000.0,22943000000.0,,18085000000.0,,4861000000.0,,3911000000.0,790000000.0,3143000000.0,,,,1091700000.0,3291000000.0,,6508000000.0,8931000000.0,,,983000000.0,19713000000.0,,14493000000.0,16102000000.0,11556000000.0,5469000000.0,67333000000.0,10337000000.0,4852000000.0,,15811000000.0,,3058000000.0,,3999000000.0,,27061000000.0,-1277000000.0,30881000000.0,67333000000.0,1271000000.0,87000000.0,-250000000.0,-8000000.0,481000000.0,,,,,10000000.0,5189000000.0,,,,,,904000000.0,,17000000.0,-1961000000.0,,,-2894000000.0,291000000.0,
2016-08-31,117351000000.0,87477000000.0,29874000000.0,,23910000000.0,,6001000000.0,,5144000000.0,997000000.0,4173000000.0,3.85,3.82,1083100000.0,1091100000.0,9807000000.0,32000000.0,6260000000.0,8956000000.0,1348000000.0,,860000000.0,25883000000.0,,14335000000.0,15527000000.0,10302000000.0,467000000.0,72688000000.0,11000000000.0,5484000000.0,,17013000000.0,,2644000000.0,,4045000000.0,,27684000000.0,-2992000000.0,29880000000.0,72688000000.0,1718000000.0,115000000.0,-442000000.0,-115000000.0,644000000.0,,,,,58000000.0,7847000000.0,,,,,,1325000000.0,,-5000000.0,-3517000000.0,,,2606000000.0,6807000000.0,
2016-11-30,28501000000.0,21385000000.0,7116000000.0,,5686000000.0,,1447000000.0,,1275000000.0,220000000.0,1054000000.0,,,1082100000.0,1088300000.0,9598000000.0,,6138000000.0,10039000000.0,,,893000000.0,26668000000.0,,13709000000.0,15203000000.0,9728000000.0,468000000.0,71912000000.0,11372000000.0,4880000000.0,,17729000000.0,,2516000000.0,,4198000000.0,,28332000000.0,-3810000000.0,29325000000.0,71912000000.0,419000000.0,26000000.0,-61000000.0,259000000.0,1330000000.0,,,,,-3000000.0,525000000.0,,,,,,378000000.0,,-20000000.0,89000000.0,,,-778000000.0,-209000000.0,
2017-02-28,57947000000.0,43270000000.0,14677000000.0,,11810000000.0,,2926000000.0,,2567000000.0,466000000.0,2114000000.0,,,1080900000.0,1086900000.0,11822000000.0,,5674000000.0,9230000000.0,,,783000000.0,27509000000.0,,13528000000.0,15214000000.0,9650000000.0,440000000.0,72505000000.0,11264000000.0,4935000000.0,,17678000000.0,,2339000000.0,,4309000000.0,,28987000000.0,-3809000000.0,30067000000.0,72505000000.0,831000000.0,52000000.0,-226000000.0,-189000000.0,507000000.0,,,,,166000000.0,3382000000.0,,,,,,639000000.0,,-36000000.0,-197000000.0,,,-1122000000.0,2015000000.0,
2017-05-31,88065000000.0,66243000000.0,21822000000.0,,17522000000.0,,4443000000.0,,3921000000.0,634000000.0,3276000000.0,,,1079600000.0,1085500000.0,12253000000.0,,6339000000.0,8681000000.0,,,879000000.0,28152000000.0,,13535000000.0,15516000000.0,10208000000.0,439000000.0,74173000000.0,11528000000.0,5065000000.0,,21713000000.0,,,,4201000000.0,,29744000000.0,-3303000000.0,30600000000.0,74173000000.0,1244000000.0,71000000.0,-211000000.0,153000000.0,-259000000.0,,,,,13000000.0,5237000000.0,,,,,,912000000.0,,-48000000.0,-452000000.0,,,-2333000000.0,2446000000.0,
2017-08-31,118214000000.0,89052000000.0,29162000000.0,,23740000000.0,,5557000000.0,,4853000000.0,760000000.0,4078000000.0,3.8,3.78,1073500000.0,1078500000.0,3301000000.0,,6528000000.0,8899000000.0,1262000000.0,,1025000000.0,19753000000.0,,13642000000.0,15632000000.0,10156000000.0,506000000.0,66009000000.0,12494000000.0,5473000000.0,,18547000000.0,,2281000000.0,,4223000000.0,,30137000000.0,-3051000000.0,27466000000.0,66009000000.0,1654000000.0,91000000.0,-434000000.0,153000000.0,-98000000.0,,,,,67000000.0,7251000000.0,,,,,,1351000000.0,,-93000000.0,-843000000.0,,,-12934000000.0,-6506000000.0,
2017-11-30,30740000000.0,23399000000.0,7341000000.0,,5907000000.0,,1322000000.0,,1036000000.0,227000000.0,821000000.0,,,1006100000.0,1011100000.0,1830000000.0,,6858000000.0,10010000000.0,,,983000000.0,19681000000.0,,13693000000.0,15931000000.0,10588000000.0,697000000.0,66618000000.0,13570000000.0,5183000000.0,,20517000000.0,,,,4289000000.0,,30560000000.0,-2543000000.0,25929000000.0,66618000000.0,416000000.0,25000000.0,-63000000.0,362000000.0,1018000000.0,,,,,9000000.0,961000000.0,,,,,,378000000.0,,-31000000.0,-599000000.0,,,-1857000000.0,-1471000000.0,
2018-02-28,63761000000.0,48324000000.0,15437000000.0,,12225000000.0,,3302000000.0,,2874000000.0,730000000.0,2170000000.0,,,998600000.0,1003300000.0,1749000000.0,,7281000000.0,10316000000.0,,,1012000000.0,20358000000.0,,14045000000.0,17017000000.0,12220000000.0,745000000.0,70816000000.0,13301000000.0,5675000000.0,,22559000000.0,,,,5601000000.0,,31513000000.0,-2163000000.0,27355000000.0,70816000000.0,858000000.0,63000000.0,-474000000.0,637000000.0,314000000.0,,,,,-72000000.0,3176000000.0,,,,,,666000000.0,,133000000.0,-4156000000.0,,,-616000000.0,-1552000000.0,
2018-05-31,98095000000.0,74878000000.0,23217000000.0,,18456000000.0,,4903000000.0,,4314000000.0,839000000.0,3512000000.0,,,996400000.0,1000600000.0,1818000000.0,,7159000000.0,9889000000.0,,,1122000000.0,19988000000.0,,13938000000.0,17089000000.0,12111000000.0,754000000.0,70152000000.0,13089000000.0,5435000000.0,,21482000000.0,,,,5771000000.0,,32460000000.0,-2792000000.0,27736000000.0,70152000000.0,1300000000.0,91000000.0,-382000000.0,762000000.0,-230000000.0,,,,,-117000000.0,5385000000.0,,,,,,983000000.0,,129000000.0,-5111000000.0,,,-1783000000.0,-1483000000.0,
2018-08-31,131537000000.0,100745000000.0,30792000000.0,,24569000000.0,,6414000000.0,,5975000000.0,998000000.0,5024000000.0,5.07,5.05,991000000.0,995000000.0,785000000.0,,6573000000.0,9565000000.0,847000000.0,,923000000.0,17846000000.0,,13911000000.0,16914000000.0,11783000000.0,1060000000.0,68124000000.0,13566000000.0,5862000000.0,,21667000000.0,,,,5522000000.0,,33551000000.0,-3002000000.0,26007000000.0,68124000000.0,1770000000.0,130000000.0,-322000000.0,391000000.0,-331000000.0,,,,,-275000000.0,8265000000.0,,,,,,1367000000.0,,-4000000.0,-5501000000.0,,,-5295000000.0,-2516000000.0,
2018-11-30,33793000000.0,26152000000.0,7641000000.0,,6280000000.0,,1400000000.0,,1265000000.0,180000000.0,1123000000.0,,,948200000.0,951400000.0,980000000.0,,7144000000.0,10976000000.0,,,983000000.0,20083000000.0,,13821000000.0,16809000000.0,11584000000.0,1074000000.0,69941000000.0,14660000000.0,5484000000.0,,25099000000.0,,,,5140000000.0,,34168000000.0,-3231000000.0,25609000000.0,69941000000.0,490000000.0,27000000.0,24000000.0,515000000.0,1424000000.0,,,,,-54000000.0,460000000.0,,,,,,470000000.0,,-5000000.0,-635000000.0,,,390000000.0,208000000.0,
2019-02-28,68321000000.0,52925000000.0,15395000000.0,,12599000000.0,,2918000000.0,,2621000000.0,406000000.0,2279000000.0,,,938300000.0,941100000.0,818000000.0,,7828000000.0,10188000000.0,,,1016000000.0,19851000000.0,,13828000000.0,17027000000.0,11932000000.0,1114000000.0,70434000000.0,14348000000.0,5436000000.0,,25303000000.0,,,,5053000000.0,,34928000000.0,-2705000000.0,24770000000.0,70434000000.0,990000000.0,63000000.0,161000000.0,1164000000.0,557000000.0,,,,,-104000000.0,1195000000.0,,,,,,793000000.0,,-41000000.0,-1046000000.0,,,-115000000.0,34000000.0,
2019-05-31,102912000000.0,80063000000.0,22849000000.0,,18834000000.0,,4120000000.0,,3819000000.0,562000000.0,3305000000.0,,,928800000.0,931100000.0,839000000.0,,7239000000.0,9874000000.0,,,1070000000.0,19021000000.0,,13717000000.0,16717000000.0,11325000000.0,1133000000.0,68586000000.0,14130000000.0,5185000000.0,,25060000000.0,,,,4768000000.0,,35547000000.0,-3393000000.0,24133000000.0,68586000000.0,1512000000.0,87000000.0,109000000.0,730000000.0,354000000.0,,,,,-171000000.0,3215000000.0,,,,,,1246000000.0,,-51000000.0,-1569000000.0,,,-1573000000.0,62000000.0,
2019-08-31,136866000000.0,106790000000.0,30076000000.0,,25242000000.0,,4998000000.0,,4527000000.0,588000000.0,3982000000.0,4.32,4.31,921500000.0,923500000.0,1023000000.0,,7226000000.0,9333000000.0,742000000.0,,1118000000.0,18700000000.0,,13478000000.0,16560000000.0,10876000000.0,1133000000.0,67598000000.0,14341000000.0,5474000000.0,,25769000000.0,,,,4795000000.0,,35815000000.0,-3897000000.0,23512000000.0,67598000000.0,2038000000.0,119000000.0,100000000.0,789000000.0,-141000000.0,,,,,-154000000.0,5594000000.0,,,,,304000000.0,1702000000.0,,-16000000.0,-2307000000.0,,,-3047000000.0,232000000.0,
2019-11-30,34339000000.0,27077000000.0,7263000000.0,,6262000000.0,,1013000000.0,,882000000.0,32000000.0,845000000.0,,,891400000.0,892600000.0,811000000.0,,7435000000.0,10536000000.0,,,822000000.0,19604000000.0,,13620000000.0,16800000000.0,11055000000.0,1152000000.0,90807000000.0,15401000000.0,5370000000.0,,29494000000.0,,,,2861000000.0,,35810000000.0,-3313000000.0,23661000000.0,90807000000.0,477000000.0,28000000.0,-62000000.0,116000000.0,1099000000.0,,,,,1000000.0,1061000000.0,,,,,,387000000.0,,4000000.0,-402000000.0,,,-866000000.0,-206000000.0,
2020-02-29,70160000000.0,55384000000.0,14776000000.0,,12570000000.0,,2247000000.0,,1979000000.0,193000000.0,1791000000.0,,,887900000.0,889100000.0,792000000.0,,7572000000.0,9652000000.0,,,893000000.0,18909000000.0,,13482000000.0,16788000000.0,10929000000.0,1218000000.0,90003000000.0,14968000000.0,5408000000.0,,28662000000.0,,,,2786000000.0,,36351000000.0,-3407000000.0,23720000000.0,90003000000.0,969000000.0,67000000.0,-45000000.0,324000000.0,242000000.0,,,,,-119000000.0,2484000000.0,,,,,,705000000.0,,-3000000.0,-617000000.0,,,-2085000000.0,-218000000.0,
2020-05-31,104791000000.0,83577000000.0,21214000000.0,,20835000000.0,,-1584000000.0,,-1773000000.0,152000000.0,-1708000000.0,,,883700000.0,884700000.0,768000000.0,,6982000000.0,9563000000.0,,,1013000000.0,18326000000.0,,,14948000000.0,10183000000.0,1274000000.0,86444000000.0,14033000000.0,5860000000.0,,26649000000.0,,,,2882000000.0,,34244000000.0,-3871000000.0,20736000000.0,86444000000.0,1447000000.0,101000000.0,-102000000.0,-141000000.0,227000000.0,,,,,-102000000.0,3398000000.0,,,,,,962000000.0,,-37000000.0,-660000000.0,,,-2998000000.0,-263000000.0,604000000.0
2020-08-31,139537000000.0,111520000000.0,28017000000.0,,27045000000.0,,1312000000.0,,743000000.0,360000000.0,456000000.0,0.52,0.52,879400000.0,880300000.0,516000000.0,,7132000000.0,9451000000.0,6025000000.0,,974000000.0,18073000000.0,,13342000000.0,15268000000.0,10753000000.0,677000000.0,87174000000.0,14458000000.0,6539000000.0,,27070000000.0,,,,3294000000.0,,34210000000.0,-3771000000.0,20637000000.0,87174000000.0,1927000000.0,137000000.0,-43000000.0,-163000000.0,-63000000.0,,,,,-16000000.0,5484000000.0,,,,,,1374000000.0,,19000000.0,-1297000000.0,,,-4647000000.0,-460000000.0,
2020-11-30,36307000000.0,29168000000.0,7139000000.0,,6207000000.0,,-440000000.0,,-520000000.0,-199000000.0,-308000000.0,,,865300000.0,865300000.0,1111000000.0,,7869000000.0,11180000000.0,,,924000000.0,21084000000.0,,,15299000000.0,10706000000.0,831000000.0,89167000000.0,16212000000.0,6320000000.0,,30379000000.0,,,,3631000000.0,68426000000.0,33495000000.0,-3682000000.0,20059000000.0,89167000000.0,475000000.0,36000000.0,-348000000.0,259000000.0,1225000000.0,,,,,74000000.0,1195000000.0,,,,,,431000000.0,,10000000.0,-259000000.0,,,-352000000.0,594000000.0,16000000.0
2021-02-28,64217000000.0,50806000000.0,13411000000.0,,11820000000.0,,832000000.0,,946000000.0,-165000000.0,1026000000.0,1.19,1.19,864700000.0,865700000.0,1030000000.0,,4878000000.0,8541000000.0,,,796000000.0,26084000000.0,,,12468000000.0,10486000000.0,1183000000.0,90920000000.0,11009000000.0,6400000000.0,,31246000000.0,,,,3374000000.0,68985000000.0,34116000000.0,-3306000000.0,21112000000.0,90920000000.0,948000000.0,70000000.0,-264000000.0,556000000.0,248000000.0,,,,,-12000000.0,2556000000.0,,,,,,692000000.0,,71000000.0,-1356000000.0,,,-647000000.0,566000000.0,175000000.0
2021-05-31,98247000000.0,77684000000.0,20564000000.0,,17936000000.0,,1432000000.0,,1088000000.0,246000000.0,1915000000.0,2.21,2.21,864700000.0,867000000.0,1345000000.0,,5153000000.0,8333000000.0,,,680000000.0,26607000000.0,,,12493000000.0,10435000000.0,1282000000.0,91920000000.0,11290000000.0,6632000000.0,,34475000000.0,,,,3410000000.0,69014000000.0,34908000000.0,-3180000000.0,22101000000.0,91920000000.0,1455000000.0,120000000.0,-210000000.0,897000000.0,-71000000.0,,,,,-120000000.0,4310000000.0,,,,,,1001000000.0,,14000000.0,-1341000000.0,,,-1856000000.0,1058000000.0,305000000.0
2021-08-31,132509000000.0,104442000000.0,28067000000.0,,24586000000.0,,2342000000.0,,1995000000.0,667000000.0,2542000000.0,2.94,2.93,864800000.0,866400000.0,1193000000.0,,5663000000.0,8159000000.0,6034000000.0,,800000000.0,15814000000.0,,12247000000.0,12421000000.0,9936000000.0,1987000000.0,81285000000.0,11136000000.0,7260000000.0,,22054000000.0,,,,3413000000.0,57145000000.0,35121000000.0,-2109000000.0,23419000000.0,81285000000.0,1973000000.0,155000000.0,233000000.0,1451000000.0,-165000000.0,,,,,-288000000.0,5555000000.0,,,,,,1379000000.0,,-46000000.0,4072000000.0,,,-9036000000.0,525000000.0,
2021-11-30,33901000000.0,26326000000.0,7574000000.0,,6391000000.0,,1283000000.0,,3814000000.0,275000000.0,3580000000.0,4.13,4.13,865800000.0,867600000.0,4135000000.0,,5960000000.0,9475000000.0,,,745000000.0,20314000000.0,,,21520000000.0,12770000000.0,1413000000.0,96507000000.0,12452000000.0,6973000000.0,,24447000000.0,,,,3422000000.0,63141000000.0,38286000000.0,-2301000000.0,26263000000.0,96507000000.0,500000000.0,35000000.0,164000000.0,127000000.0,1352000000.0,,,,,-36000000.0,1099000000.0,,,,,,454000000.0,,-95000000.0,-1958000000.0,,,3877000000.0,2998000000.0,34000000.0
2022-02-28,67656000000.0,52374000000.0,15283000000.0,,12956000000.0,,2529000000.0,,4761000000.0,447000000.0,4463000000.0,5.16,5.15,864600000.0,866400000.0,1887000000.0,,5328000000.0,8947000000.0,,,662000000.0,16824000000.0,,,21958000000.0,12352000000.0,1366000000.0,92683000000.0,11178000000.0,7006000000.0,,22699000000.0,,,,3259000000.0,61004000000.0,38757000000.0,-2328000000.0,26702000000.0,92683000000.0,1024000000.0,170000000.0,94000000.0,-495000000.0,803000000.0,,,,,-147000000.0,2184000000.0,,,,,,870000000.0,,-99000000.0,-2181000000.0,,,769000000.0,756000000.0,201000000.0
2022-05-31,100254000000.0,78399000000.0,21855000000.0,,19975000000.0,,2209000000.0,,4743000000.0,-242000000.0,4752000000.0,5.5,5.49,864400000.0,866000000.0,2285000000.0,2173000000.0,5034000000.0,8520000000.0,,,859000000.0,18872000000.0,,,21901000000.0,11583000000.0,1469000000.0,92759000000.0,11794000000.0,7156000000.0,,24067000000.0,,,,3737000000.0,61602000000.0,38632000000.0,-2724000000.0,26253000000.0,92759000000.0,1502000000.0,266000000.0,-168000000.0,-725000000.0,510000000.0,,,,,320000000.0,3813000000.0,,,,,,1241000000.0,,-233000000.0,-1262000000.0,,,753000000.0,3270000000.0,291000000.0
2022-08-31,132703000000.0,104437000000.0,28265000000.0,,27295000000.0,,1387000000.0,,3985000000.0,-30000000.0,4337000000.0,5.02,5.01,864400000.0,865900000.0,1358000000.0,1114000000.0,5017000000.0,8353000000.0,6338000000.0,,1059000000.0,16902000000.0,,,22280000000.0,10730000000.0,1730000000.0,90124000000.0,11255000000.0,7899000000.0,,22583000000.0,,,,3560000000.0,59717000000.0,37801000000.0,-2805000000.0,25275000000.0,90124000000.0,1990000000.0,391000000.0,-366000000.0,-808000000.0,433000000.0,,,,,137000000.0,3899000000.0,,,,,,1734000000.0,,-216000000.0,-1064000000.0,,,-1499000000.0,1288000000.0,
2022-11-30,33382000000.0,26429000000.0,6953000000.0,,13158000000.0,,-6151000000.0,,-5270000000.0,-1447000000.0,-3721000000.0,-4.31,-4.31,863600000.0,863600000.0,2349000000.0,1883000000.0,4853000000.0,9322000000.0,,,1115000000.0,19523000000.0,,,22582000000.0,10612000000.0,3042000000.0,92875000000.0,12184000000.0,9534000000.0,,28036000000.0,,,,3052000000.0,68137000000.0,33664000000.0,-2815000000.0,20576000000.0,92875000000.0,495000000.0,222000000.0,-1602000000.0,-151000000.0,918000000.0,,,,,-58000000.0,493000000.0,,,,,,610000000.0,,-70000000.0,1858000000.0,,,-599000000.0,1756000000.0,5000000.0
2023-02-28,68244000000.0,54236000000.0,14008000000.0,,20091000000.0,,-5954000000.0,,-4662000000.0,-1377000000.0,-3018000000.0,-3.5,-3.5,863100000.0,863400000.0,1088000000.0,752000000.0,5730000000.0,8757000000.0,,,1362000000.0,17689000000.0,,,28343000000.0,13864000000.0,2913000000.0,100479000000.0,12720000000.0,8822000000.0,,28228000000.0,,,,3193000000.0,70882000000.0,33952000000.0,-2654000000.0,21192000000.0,100479000000.0,1055000000.0,293000000.0,-1600000000.0,221000000.0,237000000.0,,,,,-125000000.0,1239000000.0,,,,,,1108000000.0,,-134000000.0,-3583000000.0,,,1766000000.0,-566000000.0,131000000.0
2023-05-31,103659000000.0,83062000000.0,20596000000.0,,27215000000.0,,-6431000000.0,,-5044000000.0,-1707000000.0,-2900000000.0,-3.36,-3.36,863100000.0,863800000.0,871000000.0,99000000.0,5843000000.0,8164000000.0,,,1565000000.0,16542000000.0,,,28371000000.0,13578000000.0,2973000000.0,98605000000.0,12029000000.0,8578000000.0,,26170000000.0,,,,3829000000.0,69086000000.0,33654000000.0,-2539000000.0,21063000000.0,98605000000.0,1652000000.0,348000000.0,-2098000000.0,411000000.0,-326000000.0,,,,,-179000000.0,1219000000.0,,,,,,1633000000.0,,-110000000.0,-3249000000.0,,,573000000.0,-1441000000.0,170000000.0
2023-08-31,139081000000.0,112009000000.0,27072000000.0,,34205000000.0,,-6882000000.0,,-5419000000.0,-1858000000.0,-3080000000.0,-3.57,-3.57,863200000.0,863200000.0,728000000.0,11000000.0,5381000000.0,8257000000.0,197000000.0,,1127000000.0,15503000000.0,,,28187000000.0,13635000000.0,2550000000.0,96628000000.0,12635000000.0,8426000000.0,,24535000000.0,,,,5757000000.0,68140000000.0,33058000000.0,-2993000000.0,20020000000.0,96628000000.0,2257000000.0,385000000.0,-2371000000.0,-72000000.0,-287000000.0,,,,,-228000000.0,2258000000.0,,,,,,2117000000.0,,-75000000.0,-3094000000.0,,,-887000000.0,-1702000000.0,
2023-11-30,36707000000.0,29937000000.0,6771000000.0,,6851000000.0,,-39000000.0,,-358000000.0,-74000000.0,-67000000.0,-0.08,-0.08,863000000.0,863000000.0,784000000.0,,5972000000.0,9454000000.0,,,1134000000.0,17345000000.0,,,28184000000.0,13278000000.0,2732000000.0,97823000000.0,13593000000.0,8226000000.0,,26116000000.0,,,,6589000000.0,70066000000.0,32573000000.0,-2995000000.0,19481000000.0,97823000000.0,616000000.0,51000000.0,-196000000.0,618000000.0,1180000000.0,,,,,,-281000000.0,,,,,,506000000.0,,31000000.0,85000000.0,,,186000000.0,-10000000.0,25000000.0
2024-02-29,73760000000.0,59948000000.0,13811000000.0,,14772000000.0,,-13209000000.0,,-13472000000.0,-856000000.0,-5975000000.0,-6.93,-6.93,862800000.0,862800000.0,668000000.0,,6200000000.0,8557000000.0,,,1136000000.0,16561000000.0,,,15814000000.0,12984000000.0,4128000000.0,84207000000.0,12775000000.0,7522000000.0,,24915000000.0,,,,7220000000.0,68843000000.0,26448000000.0,-2897000000.0,13484000000.0,84207000000.0,1230000000.0,99000000.0,-1331000000.0,850000000.0,279000000.0,,,,,,-918000000.0,,,,,,858000000.0,,50000000.0,902000000.0,,,-127000000.0,-142000000.0,216000000.0
2024-05-31,110111000000.0,89840000000.0,20271000000.0,,21165000000.0,,-13099000000.0,,-13221000000.0,-836000000.0,-5631000000.0,-6.53,-6.53,863100000.0,864300000.0,703000000.0,,5949000000.0,8578000000.0,,,1107000000.0,16337000000.0,,,15821000000.0,12836000000.0,4059000000.0,82985000000.0,13100000000.0,7753000000.0,,25034000000.0,,,,6624000000.0,67555000000.0,26571000000.0,-2894000000.0,13642000000.0,82985000000.0,1837000000.0,143000000.0,-1242000000.0,592000000.0,315000000.0,,,,,,-314000000.0,,,,,,1135000000.0,,53000000.0,1106000000.0,,,-912000000.0,-117000000.0,238000000.0
2024-08-31,147658000000.0,121134000000.0,26524000000.0,,28113000000.0,,-14076000000.0,,-14219000000.0,1246000000.0,-8636000000.0,-10.01,-10.01,863100000.0,863100000.0,1319000000.0,1790000000.0,5851000000.0,8320000000.0,5956000000.0,,1055000000.0,18335000000.0,,,15506000000.0,12973000000.0,1846000000.0,81037000000.0,14082000000.0,8673000000.0,,26953000000.0,,,,5736000000.0,68858000000.0,23348000000.0,-2897000000.0,10445000000.0,81037000000.0,2459000000.0,182000000.0,917000000.0,464000000.0,31000000.0,,,,,-643000000.0,1018000000.0,,,,,,1381000000.0,,97000000.0,1878000000.0,,,-538000000.0,2362000000.0,
