Date,Net sales,Cost of sales,Gross margin,Research and development,"Selling, general and administrative",Total operating expenses,Operating income,"Other income/(expense), net",Income before provision for income taxes,Provision for income taxes,Net income,Earnings per share basic,Earnings per share diluted,Weighted-average basic,Weighted-average diluted,Cash and cash equivalents,Short-term marketable securities,"Accounts receivable, net",Inventories,Deferred tax assets,Vendor non-trade receivables,Other current assets,Total current assets,Long-term marketable securities,"Property, Plant and Equipment, Net",Goodwill,"Acquired intangible assets, net","Other Assets, Noncurrent",Total assets,accounts payable,Accrued expenses,Deferred revenue,Total current liabilities,Deferred revenue - non-current,deferred tax liabilities,long term taxes payable,Total other non-current liabilities,Total liabilities,Retained Earnings (Accumulated Deficit),Accumulated other comprehensive (loss)/income,Total shareholders equity,Total liabilities and shareholders' equity,"Depreciation, amortization and accretion",Stock-based compensation expense,Deferred income tax expense,"Increase (Decrease) in Accounts receivable, net",Increase (Decrease) in Inventories,Increase (Decrease) in Other Receivables,Increase (Decrease) in Other Operating Assets,Increase (Decrease) in Accounts Payable,Increase (Decrease) in Deferred Revenue,Increase (Decrease) Other liabilities,Cash generated by operating activities,Purchases of marketable securities,Proceeds from maturities of marketable securities,Proceeds from sales of marketable securities,Purchases of other long-term investments,"Business acquisitions, net of cash acquired",Cash payments for capital asset purchases,Payments for acquisition of intangible assets,Payments for (Proceeds from) Other Investing Activities,Cash used in investing activities,Proceeds from issuance of common stock,Excess tax benefits from stock-based compensation,Cash generated/used in financing activities,Increase/(decrease) in cash and cash equivalents,"Cash paid for income taxes, net"
2009-12-31,3516000000.0,1065000000.0,,,1247000000.0,2281000000.0,1235000000.0,,,472000000.0,560000000.0,1.3,1.3,,425000000.0,623000000.0,,,,71000000.0,,100000000.0,1680000000.0,,411000000.0,6433000000.0,643000000.0,581000000.0,10965000000.0,63000000.0,394000000.0,91000000.0,790000000.0,,274000000.0,,176000000.0,4697000000.0,-376000000.0,-21000000.0,6208000000.0,10965000000.0,155000000.0,228000000.0,-7000000.0,37000000.0,,,,,,,608000000.0,,,,,0.0,57000000.0,,-23000000.0,266000000.0,,,-356000000.0,523000000.0,
2010-03-31,879000000.0,269000000.0,,,290000000.0,596000000.0,283000000.0,,,47000000.0,169000000.0,0.4,0.39,,429000000.0,691000000.0,,,,,,184000000.0,1721000000.0,,405000000.0,6442000000.0,636000000.0,571000000.0,10952000000.0,,283000000.0,,934000000.0,,,,350000000.0,,-224000000.0,-40000000.0,6359000000.0,10952000000.0,,44000000.0,-16000000.0,-42000000.0,,,,,,,126000000.0,,,,,38000000.0,12000000.0,,15000000.0,-65000000.0,,,1000000.0,68000000.0,-45000000.0
2010-06-30,1832000000.0,521000000.0,,,588000000.0,1178000000.0,654000000.0,,,88000000.0,276000000.0,0.65,0.64,,431000000.0,713000000.0,,,,,,185000000.0,1815000000.0,,401000000.0,6442000000.0,625000000.0,585000000.0,11074000000.0,43000000.0,235000000.0,,608000000.0,,,,309000000.0,,-111000000.0,-44000000.0,6486000000.0,11074000000.0,67000000.0,94000000.0,-44000000.0,31000000.0,,,,,,,90000000.0,,,,,38000000.0,20000000.0,,,-99000000.0,,,99000000.0,90000000.0,178000000.0
2010-09-30,2758000000.0,782000000.0,,,894000000.0,1792000000.0,966000000.0,,,171000000.0,462000000.0,1.08,1.07,,431000000.0,1016000000.0,,,,,,197000000.0,2137000000.0,,389000000.0,6435000000.0,615000000.0,593000000.0,11398000000.0,52000000.0,310000000.0,,792000000.0,,,,267000000.0,,75000000.0,-23000000.0,6683000000.0,11398000000.0,100000000.0,153000000.0,-89000000.0,41000000.0,,,,,,,445000000.0,,,,,38000000.0,29000000.0,,,-114000000.0,,9000000.0,56000000.0,393000000.0,282000000.0
2010-12-31,3773000000.0,1073000000.0,,,1185000000.0,2413000000.0,1360000000.0,,,288000000.0,653000000.0,1.53,1.52,,429000000.0,466000000.0,,,,-223000000.0,,225000000.0,1735000000.0,,399000000.0,6434000000.0,605000000.0,601000000.0,11019000000.0,87000000.0,393000000.0,,785000000.0,,304000000.0,,99000000.0,4786000000.0,,-33000000.0,6225000000.0,11019000000.0,132000000.0,182000000.0,11000000.0,81000000.0,,,,,,,668000000.0,,,125000000.0,,38000000.0,49000000.0,,,-190000000.0,,19000000.0,-641000000.0,-157000000.0,395000000.0
2011-03-31,951000000.0,273000000.0,,,269000000.0,444000000.0,507000000.0,,,146000000.0,305000000.0,0.75,0.74,,414000000.0,453000000.0,,,,76000000.0,,150000000.0,1629000000.0,,389000000.0,6301000000.0,592000000.0,136000000.0,11108000000.0,62000000.0,356000000.0,,654000000.0,,352000000.0,,100000000.0,4697000000.0,305000000.0,-16000000.0,6408000000.0,11108000000.0,30000000.0,17000000.0,,-14000000.0,,,,,,,217000000.0,,,,,,11000000.0,,2000000.0,-70000000.0,,4000000.0,-168000000.0,-13000000.0,-6000000.0
2011-06-30,2018000000.0,561000000.0,,,569000000.0,1066000000.0,952000000.0,,,290000000.0,559000000.0,1.37,1.36,,412000000.0,1095000000.0,,,,65000000.0,,160000000.0,2321000000.0,,382000000.0,6302000000.0,584000000.0,131000000.0,11836000000.0,48000000.0,364000000.0,,614000000.0,,373000000.0,,100000000.0,5322000000.0,559000000.0,-10000000.0,6513000000.0,11836000000.0,60000000.0,49000000.0,,31000000.0,,,,,,,431000000.0,,,,,,27000000.0,,,-109000000.0,,17000000.0,299000000.0,629000000.0,-93000000.0
2011-09-30,3113000000.0,903000000.0,,,864000000.0,1735000000.0,1378000000.0,,1214000000.0,417000000.0,796000000.0,1.97,1.95,404000000.0,408000000.0,1032000000.0,,,,53000000.0,,,2299000000.0,,371000000.0,6299000000.0,577000000.0,146000000.0,11801000000.0,48000000.0,438000000.0,,707000000.0,,354000000.0,,108000000.0,5398000000.0,796000000.0,-22000000.0,6402000000.0,11801000000.0,90000000.0,70000000.0,71000000.0,127000000.0,,,,,,,760000000.0,,,,,,42000000.0,,,-135000000.0,,18000000.0,-55000000.0,566000000.0,206000000.0
2011-12-31,4235000000.0,1233000000.0,,,1183000000.0,2436000000.0,1799000000.0,,1559000000.0,425000000.0,1132000000.0,2.82,2.8,401000000.0,405000000.0,1048000000.0,,,,-264000000.0,,,2431000000.0,,379000000.0,6291000000.0,571000000.0,132000000.0,11913000000.0,53000000.0,482000000.0,,746000000.0,,337000000.0,,92000000.0,5394000000.0,1132000000.0,-23000000.0,6517000000.0,11913000000.0,119000000.0,99000000.0,25000000.0,179000000.0,,,,,,,1100000000.0,,,,,26000000.0,58000000.0,,,-214000000.0,,28000000.0,-297000000.0,582000000.0,288000000.0
2012-03-31,1103000000.0,311000000.0,,,315000000.0,657000000.0,446000000.0,,341000000.0,119000000.0,221000000.0,0.57,0.57,386000000.0,390000000.0,1044000000.0,,,,72000000.0,,,2451000000.0,,374000000.0,6294000000.0,567000000.0,137000000.0,11935000000.0,63000000.0,567000000.0,,740000000.0,,321000000.0,,88000000.0,5367000000.0,1353000000.0,-12000000.0,6565000000.0,11935000000.0,30000000.0,41000000.0,,29000000.0,,,,,,,248000000.0,,,,,,21000000.0,,,-42000000.0,,30000000.0,-213000000.0,-4000000.0,-38000000.0
2012-06-30,2245000000.0,625000000.0,,,623000000.0,1312000000.0,933000000.0,,761000000.0,246000000.0,514000000.0,1.34,1.33,383000000.0,387000000.0,1698000000.0,,,,77000000.0,,,3214000000.0,,368000000.0,6312000000.0,560000000.0,135000000.0,12810000000.0,56000000.0,583000000.0,,757000000.0,,263000000.0,,111000000.0,6337000000.0,1646000000.0,-23000000.0,6471000000.0,12810000000.0,61000000.0,72000000.0,,109000000.0,,,,,,,389000000.0,,,,,20000000.0,24000000.0,,,-114000000.0,,33000000.0,376000000.0,650000000.0,166000000.0
2012-09-30,3287000000.0,890000000.0,,,932000000.0,1913000000.0,1374000000.0,,1113000000.0,381000000.0,719000000.0,1.89,1.88,380000000.0,383000000.0,1553000000.0,,,,62000000.0,,,2995000000.0,,368000000.0,6314000000.0,552000000.0,155000000.0,12687000000.0,54000000.0,618000000.0,,826000000.0,,260000000.0,,124000000.0,6420000000.0,1851000000.0,-8000000.0,6265000000.0,12687000000.0,87000000.0,112000000.0,,36000000.0,,,,,,,771000000.0,,,,,20000000.0,53000000.0,,24000000.0,-195000000.0,,37000000.0,-72000000.0,505000000.0,354000000.0
2012-12-31,4487000000.0,1218000000.0,,,1291000000.0,2632000000.0,1855000000.0,,1518000000.0,562000000.0,943000000.0,2.51,2.48,376000000.0,380000000.0,1201000000.0,,,,-198000000.0,,,2730000000.0,,388000000.0,6399000000.0,611000000.0,152000000.0,12930000000.0,71000000.0,721000000.0,,946000000.0,,272000000.0,,207000000.0,6637000000.0,2075000000.0,4000000.0,6291000000.0,12930000000.0,117000000.0,154000000.0,-70000000.0,59000000.0,,,,,,,1099000000.0,,,,,149000000.0,77000000.0,,30000000.0,-643000000.0,,38000000.0,-305000000.0,153000000.0,485000000.0
2013-03-31,1156000000.0,342000000.0,,,367000000.0,742000000.0,414000000.0,,377000000.0,146000000.0,231000000.0,0.64,0.63,363000000.0,367000000.0,2360000000.0,,,,74000000.0,,,4013000000.0,,377000000.0,6501000000.0,680000000.0,162000000.0,14421000000.0,67000000.0,912000000.0,,1101000000.0,,428000000.0,,210000000.0,8146000000.0,2052000000.0,-51000000.0,6240000000.0,14421000000.0,32000000.0,60000000.0,,20000000.0,,,,,,,131000000.0,,,,,60000000.0,26000000.0,,,-150000000.0,,13000000.0,1182000000.0,1159000000.0,63000000.0
2013-06-30,2623000000.0,779000000.0,,,746000000.0,1645000000.0,978000000.0,,858000000.0,327000000.0,531000000.0,1.47,1.45,361000000.0,365000000.0,375000000.0,,,,75000000.0,,,2265000000.0,,460000000.0,7278000000.0,1618000000.0,188000000.0,14687000000.0,116000000.0,741000000.0,,1002000000.0,,656000000.0,,270000000.0,8383000000.0,2349000000.0,-96000000.0,6269000000.0,14687000000.0,110000000.0,84000000.0,,90000000.0,,,,,,,470000000.0,,,,,1832000000.0,54000000.0,,1000000.0,-1964000000.0,,26000000.0,680000000.0,-826000000.0,149000000.0
2013-09-30,3998000000.0,1214000000.0,,,1125000000.0,2521000000.0,1477000000.0,,1277000000.0,490000000.0,786000000.0,2.18,2.16,360000000.0,363000000.0,439000000.0,,,,74000000.0,,,2364000000.0,,492000000.0,7301000000.0,1606000000.0,184000000.0,14867000000.0,116000000.0,832000000.0,,1135000000.0,,681000000.0,,309000000.0,8610000000.0,2604000000.0,8000000.0,6220000000.0,14867000000.0,190000000.0,129000000.0,,92000000.0,,,,,,,930000000.0,,,,,1832000000.0,76000000.0,,1000000.0,-1941000000.0,,40000000.0,254000000.0,-762000000.0,273000000.0
2013-12-31,5535000000.0,1689000000.0,,,1575000000.0,3537000000.0,1998000000.0,,1736000000.0,659000000.0,1075000000.0,3.01,2.97,357000000.0,361000000.0,408000000.0,,,,-564000000.0,,,2410000000.0,,514000000.0,7341000000.0,1565000000.0,179000000.0,14979000000.0,141000000.0,992000000.0,,1294000000.0,,637000000.0,,333000000.0,8746000000.0,2892000000.0,4000000.0,6196000000.0,14979000000.0,276000000.0,190000000.0,83000000.0,120000000.0,,,,,,,1285000000.0,,,,,1861000000.0,115000000.0,,3000000.0,-1987000000.0,,44000000.0,-85000000.0,-793000000.0,484000000.0
2014-03-31,1411000000.0,482000000.0,,,409000000.0,977000000.0,434000000.0,,349000000.0,118000000.0,230000000.0,0.66,0.66,348000000.0,352000000.0,757000000.0,,,,76000000.0,,,2740000000.0,,522000000.0,7370000000.0,1516000000.0,181000000.0,15311000000.0,151000000.0,947000000.0,,1253000000.0,,614000000.0,,326000000.0,9093000000.0,3123000000.0,4000000.0,6180000000.0,15311000000.0,83000000.0,19000000.0,,-31000000.0,,,,,,,241000000.0,,,,,17000000.0,28000000.0,,,-28000000.0,,16000000.0,140000000.0,349000000.0,41000000.0
2014-06-30,3021000000.0,997000000.0,,,815000000.0,1947000000.0,1074000000.0,,941000000.0,326000000.0,609000000.0,1.75,1.74,346000000.0,349000000.0,372000000.0,,,,81000000.0,,,2571000000.0,,538000000.0,8126000000.0,1924000000.0,183000000.0,16105000000.0,226000000.0,945000000.0,,2360000000.0,,769000000.0,,299000000.0,9473000000.0,3499000000.0,-38000000.0,6031000000.0,16105000000.0,158000000.0,33000000.0,,46000000.0,,,,,,,473000000.0,,,,,321000000.0,58000000.0,,1000000.0,-303000000.0,,21000000.0,-201000000.0,-36000000.0,268000000.0
2014-09-30,4589000000.0,1526000000.0,,,1247000000.0,3004000000.0,1585000000.0,,1383000000.0,481000000.0,889000000.0,,,,,376000000.0,,,,87000000.0,,,2584000000.0,,525000000.0,8320000000.0,2091000000.0,158000000.0,16373000000.0,209000000.0,1040000000.0,,2548000000.0,,692000000.0,,310000000.0,9703000000.0,3654000000.0,-195000000.0,5883000000.0,16373000000.0,243000000.0,66000000.0,,-3000000.0,,,,,,,893000000.0,,,,,369000000.0,85000000.0,,4000000.0,-529000000.0,,30000000.0,-369000000.0,-32000000.0,500000000.0
2014-12-31,6265000000.0,2124000000.0,,,1692000000.0,4204000000.0,2061000000.0,,1747000000.0,610000000.0,1139000000.0,,,,,367000000.0,,,,247000000.0,,,2491000000.0,,554000000.0,8236000000.0,1971000000.0,145000000.0,16014000000.0,225000000.0,1094000000.0,,2604000000.0,,588000000.0,,425000000.0,9663000000.0,3809000000.0,-368000000.0,5602000000.0,16014000000.0,329000000.0,78000000.0,-181000000.0,-6000000.0,,,,,,,1318000000.0,,,,,372000000.0,120000000.0,,5000000.0,-568000000.0,,30000000.0,-734000000.0,-41000000.0,686000000.0
2015-03-31,1537000000.0,565000000.0,,,400000000.0,1055000000.0,482000000.0,,375000000.0,125000000.0,250000000.0,,,,,321000000.0,,,,86000000.0,,,2469000000.0,,534000000.0,8152000000.0,1855000000.0,163000000.0,15782000000.0,205000000.0,932000000.0,,1765000000.0,,532000000.0,,406000000.0,9739000000.0,3903000000.0,-569000000.0,5289000000.0,15782000000.0,81000000.0,2000000.0,,10000000.0,,,,,,,63000000.0,,,,,16000000.0,34000000.0,,6000000.0,-78000000.0,,5000000.0,12000000.0,-46000000.0,218000000.0
2015-06-30,3191000000.0,1129000000.0,,,830000000.0,2152000000.0,1039000000.0,,803000000.0,264000000.0,536000000.0,,,,,232000000.0,,,,84000000.0,,,2468000000.0,,509000000.0,8189000000.0,1822000000.0,120000000.0,15729000000.0,277000000.0,905000000.0,,1712000000.0,,494000000.0,,427000000.0,9489000000.0,4098000000.0,-460000000.0,5485000000.0,15729000000.0,163000000.0,25000000.0,,72000000.0,,,,,,,394000000.0,,,,16000000.0,22000000.0,52000000.0,,8000000.0,-26000000.0,,5000000.0,-487000000.0,-135000000.0,407000000.0
2015-09-30,4748000000.0,1703000000.0,,,1224000000.0,3204000000.0,1544000000.0,,1216000000.0,394000000.0,815000000.0,,,,,262000000.0,,,,80000000.0,,,2719000000.0,,500000000.0,8180000000.0,1772000000.0,119000000.0,15919000000.0,249000000.0,1506000000.0,,2108000000.0,,589000000.0,,395000000.0,10033000000.0,4297000000.0,-508000000.0,5645000000.0,15919000000.0,243000000.0,16000000.0,,133000000.0,,,,,,,652000000.0,,,,16000000.0,24000000.0,76000000.0,,1000000.0,-26000000.0,,6000000.0,-699000000.0,-105000000.0,609000000.0
2015-12-31,6394000000.0,2343000000.0,,,1669000000.0,4409000000.0,1985000000.0,,1559000000.0,511000000.0,1034000000.0,,,,,390000000.0,,,,86000000.0,,,2596000000.0,,488000000.0,8164000000.0,1730000000.0,289000000.0,15864000000.0,282000000.0,988000000.0,,1579000000.0,,556000000.0,,421000000.0,10172000000.0,4517000000.0,-633000000.0,5451000000.0,15864000000.0,330000000.0,35000000.0,2000000.0,44000000.0,,,,,,,1277000000.0,,,,211000000.0,80000000.0,103000000.0,,-15000000.0,-301000000.0,,12000000.0,-902000000.0,23000000.0,653000000.0
2016-03-31,1561000000.0,592000000.0,,,408000000.0,1072000000.0,489000000.0,,380000000.0,111000000.0,263000000.0,,,,,333000000.0,,,,91000000.0,,,2667000000.0,,466000000.0,8207000000.0,1718000000.0,262000000.0,15878000000.0,171000000.0,974000000.0,,1375000000.0,,510000000.0,,414000000.0,10264000000.0,4621000000.0,-614000000.0,,15878000000.0,79000000.0,24000000.0,,7000000.0,,,,,,,62000000.0,,,,4000000.0,0.0,15000000.0,,1000000.0,-1000000.0,,0.0,-155000000.0,-57000000.0,145000000.0
2016-06-30,3269000000.0,1195000000.0,,,808000000.0,2194000000.0,1075000000.0,,890000000.0,206000000.0,671000000.0,,,,,185000000.0,,,,96000000.0,,,2548000000.0,,455000000.0,8174000000.0,1660000000.0,275000000.0,15690000000.0,185000000.0,960000000.0,,1442000000.0,,468000000.0,,385000000.0,10104000000.0,4940000000.0,-680000000.0,,15690000000.0,159000000.0,27000000.0,,73000000.0,,,,,,,391000000.0,,,,4000000.0,0.0,43000000.0,,2000000.0,-49000000.0,,-1000000.0,-577000000.0,-205000000.0,314000000.0
2016-09-30,4825000000.0,1787000000.0,,,1227000000.0,3292000000.0,1533000000.0,,1211000000.0,302000000.0,890000000.0,,,,,224000000.0,,,,110000000.0,,,2683000000.0,,464000000.0,8179000000.0,1621000000.0,271000000.0,15850000000.0,202000000.0,1045000000.0,,1522000000.0,,536000000.0,,440000000.0,10399000000.0,5038000000.0,-643000000.0,,15850000000.0,239000000.0,49000000.0,,48000000.0,,,,,,,827000000.0,,,,4000000.0,0.0,69000000.0,,2000000.0,-54000000.0,,7000000.0,-968000000.0,-166000000.0,427000000.0
2016-12-31,6497000000.0,2432000000.0,,,1690000000.0,4439000000.0,2058000000.0,,1671000000.0,453000000.0,1194000000.0,,,,,300000000.0,,,,106000000.0,,,2599000000.0,,482000000.0,8040000000.0,1512000000.0,479000000.0,15758000000.0,241000000.0,1075000000.0,,1561000000.0,,553000000.0,,393000000.0,10348000000.0,5232000000.0,-762000000.0,,15758000000.0,322000000.0,69000000.0,-27000000.0,25000000.0,,,,,,,1373000000.0,,,,,0.0,88000000.0,,2000000.0,-256000000.0,,7000000.0,-1177000000.0,-90000000.0,527000000.0
2017-03-31,1613000000.0,607000000.0,,,415000000.0,1126000000.0,487000000.0,,276000000.0,55000000.0,215000000.0,,,,,267000000.0,,,,,,,2591000000.0,,504000000.0,8077000000.0,1489000000.0,473000000.0,15862000000.0,200000000.0,1008000000.0,,1534000000.0,,429000000.0,,345000000.0,10278000000.0,5382000000.0,-704000000.0,,15862000000.0,80000000.0,21000000.0,,44000000.0,,,,,,,255000000.0,,,,,,47000000.0,,-1000000.0,-224000000.0,,,-84000000.0,-33000000.0,43000000.0
2017-06-30,3358000000.0,1241000000.0,,,804000000.0,2241000000.0,1117000000.0,,749000000.0,148000000.0,589000000.0,,,,,206000000.0,,,,,,,2770000000.0,,514000000.0,8123000000.0,1481000000.0,491000000.0,16149000000.0,222000000.0,946000000.0,,1466000000.0,,370000000.0,,392000000.0,10386000000.0,5696000000.0,-617000000.0,,16149000000.0,160000000.0,22000000.0,,249000000.0,,,,,,,443000000.0,,,,15000000.0,,78000000.0,,-3000000.0,-293000000.0,,-1000000.0,-295000000.0,-94000000.0,199000000.0
2017-09-30,5009000000.0,1911000000.0,,,1261000000.0,3459000000.0,1550000000.0,,913000000.0,89000000.0,807000000.0,,,,,6994000000.0,,,,,,,9477000000.0,,523000000.0,8242000000.0,1539000000.0,513000000.0,23143000000.0,253000000.0,1092000000.0,,1615000000.0,,306000000.0,,446000000.0,17043000000.0,5785000000.0,-586000000.0,,23143000000.0,240000000.0,22000000.0,,138000000.0,,,,,,,1167000000.0,,,,21000000.0,4000000.0,103000000.0,,-3000000.0,-523000000.0,,8000000.0,5983000000.0,6694000000.0,232000000.0
2017-12-31,6873000000.0,2656000000.0,,,1768000000.0,6160000000.0,713000000.0,,-137000000.0,176000000.0,-337000000.0,,,,,7309000000.0,,,,64000000.0,,,9991000000.0,,597000000.0,7073000000.0,1770000000.0,576000000.0,22555000000.0,277000000.0,1309000000.0,,1871000000.0,,319000000.0,,587000000.0,17532000000.0,4632000000.0,-585000000.0,,22555000000.0,330000000.0,39000000.0,-199000000.0,258000000.0,,,,,,,1629000000.0,,,,,60000000.0,135000000.0,,-1000000.0,-633000000.0,,,5951000000.0,7009000000.0,274000000.0
2018-03-31,2307000000.0,1060000000.0,,,609000000.0,2103000000.0,204000000.0,,-17000000.0,-20000000.0,-8000000.0,,,,,812000000.0,,,,,,,4521000000.0,,928000000.0,13102000000.0,10825000000.0,728000000.0,34658000000.0,283000000.0,1730000000.0,,2465000000.0,,1994000000.0,,972000000.0,24645000000.0,4657000000.0,-613000000.0,7889000000.0,34658000000.0,193000000.0,15000000.0,,36000000.0,,,,,,,160000000.0,,,,,8565000000.0,48000000.0,,-2000000.0,-8675000000.0,,,2019000000.0,-6497000000.0,44000000.0
2018-06-30,5152000000.0,2055000000.0,,,1296000000.0,4298000000.0,854000000.0,,367000000.0,123000000.0,216000000.0,,,,,392000000.0,,,,,,,3906000000.0,,784000000.0,13119000000.0,10368000000.0,966000000.0,33492000000.0,300000000.0,1473000000.0,277000000.0,2696000000.0,,,,1109000000.0,23456000000.0,4867000000.0,-790000000.0,7936000000.0,33492000000.0,603000000.0,49000000.0,,176000000.0,,,,,,,716000000.0,,,,,8565000000.0,82000000.0,,-4000000.0,-8583000000.0,,,977000000.0,-6917000000.0,119000000.0
2018-09-30,7744000000.0,2989000000.0,,,1963000000.0,6521000000.0,1223000000.0,,528000000.0,146000000.0,325000000.0,,,,,531000000.0,,,,,,243000000.0,3914000000.0,,810000000.0,13139000000.0,10040000000.0,879000000.0,32912000000.0,280000000.0,1623000000.0,304000000.0,3860000000.0,,,,1089000000.0,22679000000.0,4984000000.0,-764000000.0,8116000000.0,32912000000.0,1001000000.0,92000000.0,,19000000.0,,,,,,,1647000000.0,,,,,8565000000.0,106000000.0,,-5000000.0,-8549000000.0,,,148000000.0,-6778000000.0,290000000.0
2018-12-31,10553000000.0,3935000000.0,,,2620000000.0,8619000000.0,1934000000.0,,1022000000.0,341000000.0,594000000.0,,,,,986000000.0,,,,81000000.0,,,4231000000.0,,800000000.0,13006000000.0,9674000000.0,835000000.0,32550000000.0,325000000.0,1563000000.0,249000000.0,3997000000.0,,1811000000.0,,1040000000.0,22033000000.0,5254000000.0,-785000000.0,8386000000.0,32550000000.0,1398000000.0,80000000.0,-131000000.0,84000000.0,,,,,,,2576000000.0,,,,,8565000000.0,147000000.0,,-6000000.0,-8593000000.0,,,-283000000.0,-6323000000.0,389000000.0
2019-03-31,2707000000.0,930000000.0,,,626000000.0,1933000000.0,774000000.0,,571000000.0,153000000.0,384000000.0,,,,,745000000.0,,,,,,,4025000000.0,,802000000.0,13037000000.0,9366000000.0,1161000000.0,32444000000.0,314000000.0,1538000000.0,236000000.0,3475000000.0,,,,1573000000.0,21704000000.0,5663000000.0,-895000000.0,8708000000.0,32444000000.0,372000000.0,30000000.0,,10000000.0,,,,,,,542000000.0,,,,,22000000.0,44000000.0,,-1000000.0,-94000000.0,,,-652000000.0,-241000000.0,34000000.0
2019-06-30,5592000000.0,1868000000.0,,,1335000000.0,3907000000.0,1685000000.0,,1287000000.0,-271000000.0,1331000000.0,,,,,1321000000.0,,,,,,,4932000000.0,,828000000.0,13222000000.0,9172000000.0,1891000000.0,33845000000.0,325000000.0,1570000000.0,293000000.0,3874000000.0,,,,1827000000.0,22180000000.0,6616000000.0,-913000000.0,9621000000.0,33845000000.0,692000000.0,69000000.0,455000000.0,231000000.0,,,,,,,1216000000.0,,,,,60000000.0,122000000.0,,-4000000.0,-220000000.0,,,-643000000.0,335000000.0,354000000.0
2019-09-30,8270000000.0,2782000000.0,,,1995000000.0,5966000000.0,2304000000.0,,1731000000.0,147000000.0,1593000000.0,,,,,813000000.0,,,,,,,4313000000.0,,856000000.0,12977000000.0,8880000000.0,2175000000.0,32825000000.0,380000000.0,1462000000.0,384000000.0,2837000000.0,,,,2028000000.0,21246000000.0,6859000000.0,-1029000000.0,9518000000.0,32825000000.0,1014000000.0,82000000.0,457000000.0,84000000.0,,,,,,,2167000000.0,,,,,60000000.0,189000000.0,,-4000000.0,-291000000.0,,,-1992000000.0,-173000000.0,499000000.0
2019-12-31,11144000000.0,,,,2788000000.0,8135000000.0,3009000000.0,,2294000000.0,81000000.0,2069000000.0,,,,,1552000000.0,,,,475000000.0,,,5217000000.0,,951000000.0,13050000000.0,8667000000.0,2153000000.0,33735000000.0,463000000.0,1678000000.0,489000000.0,3239000000.0,,,,2029000000.0,21769000000.0,7333000000.0,-822000000.0,9891000000.0,33735000000.0,1347000000.0,142000000.0,-504000000.0,,,,,,,,3399000000.0,,,,,73000000.0,289000000.0,,5000000.0,-438000000.0,,,-2357000000.0,566000000.0,562000000.0
2020-03-31,2683000000.0,918000000.0,,,645000000.0,1904000000.0,779000000.0,,537000000.0,130000000.0,377000000.0,,,,,1453000000.0,,,,,,,4626000000.0,,1040000000.0,12966000000.0,8332000000.0,2128000000.0,33390000000.0,421000000.0,1471000000.0,376000000.0,2875000000.0,,,,2294000000.0,21986000000.0,7712000000.0,-1122000000.0,9470000000.0,33390000000.0,326000000.0,-4000000.0,,,,,,,,,335000000.0,,,,,0.0,105000000.0,,-77000000.0,-70000000.0,,,-259000000.0,-18000000.0,108000000.0
2020-06-30,5224000000.0,1728000000.0,,,1280000000.0,3728000000.0,1496000000.0,,993000000.0,286000000.0,648000000.0,,,,,1683000000.0,,,,,,,4717000000.0,,1088000000.0,12987000000.0,8091000000.0,2136000000.0,33089000000.0,367000000.0,1607000000.0,263000000.0,2576000000.0,,,,2306000000.0,21289000000.0,7980000000.0,-1021000000.0,9867000000.0,33089000000.0,660000000.0,30000000.0,,,,,,,,,1326000000.0,,,,,0.0,217000000.0,,-79000000.0,-154000000.0,,,-998000000.0,186000000.0,183000000.0
2020-09-30,7785000000.0,2731000000.0,,,1913000000.0,5758000000.0,2027000000.0,,1312000000.0,275000000.0,948000000.0,,,,,1893000000.0,,,,,,,5478000000.0,,1125000000.0,13052000000.0,7864000000.0,2105000000.0,33438000000.0,403000000.0,1582000000.0,435000000.0,2756000000.0,,,,2158000000.0,21398000000.0,8278000000.0,-898000000.0,10087000000.0,33438000000.0,1001000000.0,62000000.0,,,,,,,,,2186000000.0,,,,,26000000.0,290000000.0,,-90000000.0,-550000000.0,,,-1272000000.0,404000000.0,353000000.0
2020-12-31,10671000000.0,,,,2722000000.0,8156000000.0,2515000000.0,,1728000000.0,373000000.0,1219000000.0,,,,,2091000000.0,,,,597000000.0,,,6130000000.0,,1206000000.0,13070000000.0,7640000000.0,2095000000.0,34087000000.0,397000000.0,1793000000.0,557000000.0,3082000000.0,,,,2019000000.0,21704000000.0,8543000000.0,-651000000.0,10464000000.0,34087000000.0,1359000000.0,110000000.0,-186000000.0,,,,,,,,2739000000.0,,,,,39000000.0,402000000.0,,-100000000.0,-703000000.0,,,-1549000000.0,570000000.0,641000000.0
2021-03-31,2792000000.0,969000000.0,,,1051000000.0,2396000000.0,396000000.0,,297000000.0,106000000.0,140000000.0,,,,,2008000000.0,,,,,,,5865000000.0,,1189000000.0,12973000000.0,7323000000.0,2806000000.0,33625000000.0,,,663000000.0,3142000000.0,,,,1764000000.0,21050000000.0,8682000000.0,-581000000.0,10815000000.0,33625000000.0,361000000.0,64000000.0,,,,,,,,,269000000.0,,,,,,90000000.0,,-27000000.0,156000000.0,,,-469000000.0,-114000000.0,100000000.0
2021-06-30,5854000000.0,2024000000.0,,,2003000000.0,4679000000.0,1175000000.0,,1017000000.0,108000000.0,812000000.0,,,,,2834000000.0,,,,,,,6728000000.0,,1239000000.0,13013000000.0,7075000000.0,2911000000.0,34572000000.0,,,806000000.0,3565000000.0,,,,1790000000.0,21264000000.0,9360000000.0,-585000000.0,11538000000.0,34572000000.0,702000000.0,95000000.0,-162000000.0,,,,,,,,1103000000.0,,,,,,167000000.0,,-120000000.0,196000000.0,,,-538000000.0,712000000.0,249000000.0
2021-09-30,9004000000.0,3553000000.0,,,2947000000.0,7500000000.0,1504000000.0,,1250000000.0,144000000.0,968000000.0,,,,,3116000000.0,,,,,,,6656000000.0,,1310000000.0,12957000000.0,6784000000.0,2923000000.0,34318000000.0,,,625000000.0,3335000000.0,,,,1901000000.0,20920000000.0,9522000000.0,-717000000.0,11611000000.0,34318000000.0,1043000000.0,134000000.0,-151000000.0,,,,,,,,1914000000.0,,,,,0.0,273000000.0,,-87000000.0,-30000000.0,,,-811000000.0,1004000000.0,555000000.0
2021-12-31,12191000000.0,,,,4016000000.0,10179000000.0,2012000000.0,,1433000000.0,236000000.0,1006000000.0,,,,,3905000000.0,,,,755000000.0,,,7264000000.0,,1336000000.0,12912000000.0,6317000000.0,2223000000.0,34427000000.0,412000000.0,2230000000.0,478000000.0,3459000000.0,,,,1927000000.0,21031000000.0,9580000000.0,-830000000.0,11599000000.0,34427000000.0,1582000000.0,178000000.0,-511000000.0,,,,,,,,2798000000.0,,,,,2000000.0,373000000.0,,-93000000.0,-56000000.0,,,-853000000.0,1783000000.0,643000000.0
2022-03-31,3159000000.0,1236000000.0,,,1040000000.0,2806000000.0,353000000.0,,676000000.0,201000000.0,456000000.0,0.69,0.69,591000000.0,665000000.0,4162000000.0,,,,,,,7173000000.0,,1328000000.0,12872000000.0,5873000000.0,2687000000.0,33799000000.0,521000000.0,1966000000.0,281000000.0,3562000000.0,,,,1958000000.0,20237000000.0,10033000000.0,-947000000.0,11969000000.0,33799000000.0,525000000.0,60000000.0,,,,,,,,,323000000.0,,,,,,85000000.0,,-17000000.0,529000000.0,,,-587000000.0,260000000.0,97000000.0
2022-06-30,12986000000.0,7861000000.0,,,4578000000.0,16272000000.0,-3639000000.0,,-4244000000.0,-836000000.0,-3418000000.0,-2.09,-2.09,2286000000.0,2286000000.0,2575000000.0,,,139000000.0,,,,15449000000.0,,,34273000000.0,48724000000.0,8077000000.0,142240000000.0,1397000000.0,10279000000.0,1663000000.0,14436000000.0,,,,9803000000.0,89293000000.0,6614000000.0,-1453000000.0,51383000000.0,142240000000.0,2791000000.0,210000000.0,,,,,,,,,1334000000.0,,,,,,307000000.0,,-18000000.0,2880000000.0,,,-4157000000.0,-9000000.0,442000000.0
2022-09-30,22809000000.0,13488000000.0,,,7167000000.0,28285000000.0,-5476000000.0,,-6419000000.0,-1201000000.0,-5270000000.0,-3.0,-3.0,2428000000.0,2428000000.0,2422000000.0,,,149000000.0,,,2293000000.0,12672000000.0,,,34450000000.0,46744000000.0,8752000000.0,136049000000.0,1534000000.0,10197000000.0,1688000000.0,14676000000.0,,,,10364000000.0,85969000000.0,4306000000.0,-2119000000.0,48517000000.0,136049000000.0,5024000000.0,317000000.0,,,,,,,,,1458000000.0,,,,,,623000000.0,,-9000000.0,3742000000.0,,,-6470000000.0,-1392000000.0,859000000.0
2022-12-31,33817000000.0,,,,9678000000.0,41187000000.0,-7370000000.0,,-8960000000.0,-1663000000.0,-7371000000.0,-3.82,-3.82,1940000000.0,1940000000.0,3731000000.0,,,,689000000.0,,2657000000.0,13999000000.0,,5301000000.0,34438000000.0,44982000000.0,8629000000.0,134001000000.0,1454000000.0,11504000000.0,1694000000.0,15017000000.0,,,,10669000000.0,85334000000.0,2205000000.0,-1523000000.0,47095000000.0,134001000000.0,7193000000.0,412000000.0,-2842000000.0,,,,,,,,4304000000.0,,,,,,987000000.0,,-9000000.0,3524000000.0,,,-7742000000.0,25000000.0,1027000000.0
2023-03-31,10700000000.0,,,,2388000000.0,11257000000.0,-557000000.0,,-1238000000.0,-178000000.0,-1069000000.0,-0.44,-0.44,2432000000.0,2432000000.0,2594000000.0,,,,,,,13727000000.0,,,34658000000.0,43239000000.0,8162000000.0,130584000000.0,1123000000.0,10158000000.0,1603000000.0,16380000000.0,,,,10717000000.0,82742000000.0,1133000000.0,-1105000000.0,46496000000.0,130584000000.0,2058000000.0,111000000.0,,,,,,,,,-631000000.0,,,,,,299000000.0,,-35000000.0,-257000000.0,,,-432000000.0,-1291000000.0,312000000.0
2023-06-30,21058000000.0,,,,4950000000.0,22521000000.0,-1463000000.0,,-2718000000.0,-438000000.0,-2309000000.0,-0.95,-0.95,2437000000.0,2437000000.0,3027000000.0,,,,,,,13773000000.0,,,34911000000.0,41584000000.0,8484000000.0,128618000000.0,1689000000.0,10668000000.0,1548000000.0,16906000000.0,,,,10933000000.0,81833000000.0,-105000000.0,-1042000000.0,45452000000.0,128618000000.0,3972000000.0,248000000.0,,,,,,,,,1383000000.0,,,,,,591000000.0,,-46000000.0,-567000000.0,,,-1683000000.0,-853000000.0,830000000.0
2023-09-30,31037000000.0,,,,7241000000.0,32403000000.0,-1366000000.0,,-3250000000.0,-563000000.0,-2726000000.0,-1.12,-1.12,2438000000.0,2438000000.0,2383000000.0,,,,,,,12831000000.0,,,34727000000.0,39874000000.0,8053000000.0,123749000000.0,1329000000.0,10040000000.0,1917000000.0,14588000000.0,,,,10423000000.0,77607000000.0,-526000000.0,-1427000000.0,44774000000.0,123749000000.0,5961000000.0,391000000.0,,,,,,,,,3899000000.0,,,,,,1048000000.0,,-76000000.0,-1025000000.0,,,-4308000000.0,-1500000000.0,1191000000.0
2023-12-31,41321000000.0,,,,9696000000.0,42869000000.0,-1548000000.0,,-3863000000.0,-784000000.0,-3126000000.0,-1.28,-1.28,2436000000.0,2436000000.0,3780000000.0,,,,697000000.0,,2283000000.0,14218000000.0,,5957000000.0,34969000000.0,38285000000.0,8099000000.0,122757000000.0,1260000000.0,10368000000.0,1924000000.0,15332000000.0,,,,10328000000.0,76285000000.0,-928000000.0,-741000000.0,45226000000.0,122757000000.0,7985000000.0,500000000.0,-2344000000.0,,,,,,,,7477000000.0,,,,,50000000.0,1316000000.0,,-98000000.0,-1259000000.0,,,-5837000000.0,389000000.0,1440000000.0
2024-03-31,9958000000.0,,,,2232000000.0,10225000000.0,-267000000.0,,-819000000.0,136000000.0,-966000000.0,-0.4,-0.4,2443000000.0,2443000000.0,2976000000.0,,,,,,,13902000000.0,,,34891000000.0,36648000000.0,8002000000.0,119819000000.0,1245000000.0,10288000000.0,1993000000.0,16956000000.0,,,,10118000000.0,74525000000.0,-1894000000.0,-913000000.0,44151000000.0,119819000000.0,1888000000.0,101000000.0,,,,,,,,,585000000.0,,,,,,195000000.0,,-41000000.0,-207000000.0,,,-1237000000.0,-933000000.0,118000000.0
2024-06-30,19671000000.0,,,,4693000000.0,30146000000.0,-10475000000.0,,-10854000000.0,129000000.0,-10952000000.0,-4.48,-4.48,2451000000.0,2451000000.0,3613000000.0,,,,,,,13430000000.0,,,25740000000.0,35157000000.0,7649000000.0,108029000000.0,1151000000.0,10926000000.0,2022000000.0,17768000000.0,,,,9751000000.0,72614000000.0,-11880000000.0,-890000000.0,34345000000.0,108029000000.0,3632000000.0,260000000.0,,,,,,,,,1813000000.0,,,,,,447000000.0,,-54000000.0,-137000000.0,,,-2274000000.0,-702000000.0,484000000.0
2024-09-30,29294000000.0,,,,7078000000.0,39488000000.0,-10194000000.0,,-11032000000.0,-319000000.0,-10817000000.0,-4.42,-4.42,2453000000.0,2470000000.0,3336000000.0,,,,,,,12505000000.0,,,25869000000.0,33767000000.0,7995000000.0,106333000000.0,1120000000.0,10002000000.0,1530000000.0,15695000000.0,,,,9959000000.0,70159000000.0,-11745000000.0,-401000000.0,35100000000.0,106333000000.0,5394000000.0,419000000.0,,,,,,,,,2660000000.0,,,,,,662000000.0,,-87000000.0,-355000000.0,,,-3149000000.0,-829000000.0,832000000.0
