Date,Net sales,Cost of sales,Gross margin,Research and development,"Selling, general and administrative",Total operating expenses,Operating income,"Other income/(expense), net",Income before provision for income taxes,Provision for income taxes,Net income,Earnings per share basic,Earnings per share diluted,Weighted-average basic,Weighted-average diluted,Cash and cash equivalents,Short-term marketable securities,"Accounts receivable, net",Inventories,Deferred tax assets,Vendor non-trade receivables,Other current assets,Total current assets,Long-term marketable securities,"Property, Plant and Equipment, Net",Goodwill,"Acquired intangible assets, net","Other Assets, Noncurrent",Total assets,accounts payable,Accrued expenses,Deferred revenue,Total current liabilities,Deferred revenue - non-current,deferred tax liabilities,long term taxes payable,Total other non-current liabilities,Total liabilities,Retained Earnings (Accumulated Deficit),Accumulated other comprehensive (loss)/income,Total shareholders equity,Total liabilities and shareholders' equity,"Depreciation, amortization and accretion",Stock-based compensation expense,Deferred income tax expense,"Increase (Decrease) in Accounts receivable, net",Increase (Decrease) in Inventories,Increase (Decrease) in Other Receivables,Increase (Decrease) in Other Operating Assets,Increase (Decrease) in Accounts Payable,Increase (Decrease) in Deferred Revenue,Increase (Decrease) Other liabilities,Cash generated by operating activities,Purchases of marketable securities,Proceeds from maturities of marketable securities,Proceeds from sales of marketable securities,Purchases of other long-term investments,"Business acquisitions, net of cash acquired",Cash payments for capital asset purchases,Payments for acquisition of intangible assets,Payments for (Proceeds from) Other Investing Activities,Cash used in investing activities,Proceeds from issuance of common stock,Excess tax benefits from stock-based compensation,Cash generated/used in financing activities,Increase/(decrease) in cash and cash equivalents,"Cash paid for income taxes, net"
2009-12-31,,,,,,,,,17998000000.0,5331000000.0,12275000000.0,1.76,1.75,4545200000.0,4562700000.0,,,,,,,,,,10736000000.0,24812000000.0,,,1243646000000.0,,,,,,,,,1129287000000.0,41563000000.0,3009000000.0,111786000000.0,1243646000000.0,2841000000.0,,,,,,-15018000000.0,,,,28613000000.0,95285000000.0,38811000000.0,53038000000.0,,138000000.0,,,-3556000000.0,71785000000.0,21976000000.0,18000000.0,-97081000000.0,3317000000.0,3042000000.0
2010-03-31,,,,,,,,,4001000000.0,1401000000.0,2547000000.0,0.46,0.45,5190400000.0,5225200000.0,,,,,,,,,,10405000000.0,24819000000.0,,,1223630000000.0,,,,,,,,,1105476000000.0,43636000000.0,4087000000.0,116142000000.0,1223630000000.0,713000000.0,,,,,,3431000000.0,,,,8881000000.0,4191000000.0,9295000000.0,1795000000.0,,,,,-270000000.0,12695000000.0,464000000.0,51000000.0,-32355000000.0,-10779000000.0,325000000.0
2010-06-30,,,,,,,,,8660000000.0,2915000000.0,5609000000.0,1.01,1.0,5219700000.0,5260800000.0,,,,,306000000.0,,,,,10508000000.0,24820000000.0,,,1225862000000.0,,,,,,,,,1104464000000.0,46126000000.0,4844000000.0,119772000000.0,1225862000000.0,1335000000.0,,,,,,4595000000.0,,,,16854000000.0,11095000000.0,22741000000.0,3981000000.0,,11000000.0,,,-830000000.0,11720000000.0,865000000.0,75000000.0,-38083000000.0,-9509000000.0,625000000.0
2010-09-30,,,,,,,,,13836000000.0,4666000000.0,8948000000.0,1.61,1.6,5240100000.0,5273200000.0,,,,,0.0,,,,,9636000000.0,24831000000.0,,,1220784000000.0,,,,,,,,,1095619000000.0,48953000000.0,5502000000.0,123658000000.0,1220784000000.0,1502000000.0,,,,,,12034000000.0,,,,22800000000.0,37161000000.0,33349000000.0,5125000000.0,,23000000.0,,,-1827000000.0,25536000000.0,1050000000.0,79000000.0,-59415000000.0,-11079000000.0,
2010-12-31,,,,,,,,,19001000000.0,6338000000.0,12362000000.0,2.23,2.21,5226800000.0,5263100000.0,,,,,-2480000000.0,,,,,9644000000.0,24770000000.0,,,1258128000000.0,,,,,,,,,1130239000000.0,51918000000.0,4738000000.0,126408000000.0,1258128000000.0,1924000000.0,436000000.0,4287000000.0,,,,19631000000.0,,,,18772000000.0,53466000000.0,47919000000.0,8668000000.0,,36000000.0,,,-2800000000.0,-3675000000.0,1375000000.0,98000000.0,-26133000000.0,-11036000000.0,
2011-03-31,,,,,,,,,5386000000.0,1572000000.0,3759000000.0,0.68,0.67,5278800000.0,5333100000.0,,,,,,,,,,9545000000.0,24777000000.0,,,1244666000000.0,,,,,,,,,1109723000000.0,54855000000.0,5021000000.0,133471000000.0,1244666000000.0,477000000.0,261000000.0,,,,,-2389000000.0,,,,17211000000.0,18831000000.0,11651000000.0,15361000000.0,,0.0,,,-1909000000.0,1232000000.0,634000000.0,55000000.0,-17509000000.0,934000000.0,
2011-06-30,,,,,,,,,11459000000.0,3573000000.0,7707000000.0,1.38,1.37,5286500000.0,5331700000.0,,,,,,,,,,9613000000.0,24776000000.0,,,1259734000000.0,,,,,,,,,1121818000000.0,57942000000.0,5422000000.0,136401000000.0,1259734000000.0,968000000.0,376000000.0,,,,,1378000000.0,,,,28561000000.0,45125000000.0,21079000000.0,18801000000.0,,,,,-2804000000.0,-10263000000.0,801000000.0,64000000.0,-10283000000.0,8015000000.0,
2011-09-30,,,,,,,,,17599000000.0,5571000000.0,11762000000.0,2.11,2.09,5280200000.0,5325600000.0,,,,,,,,,,9607000000.0,25038000000.0,,,1304945000000.0,,,,,,,,,1165701000000.0,61135000000.0,3828000000.0,137768000000.0,1304945000000.0,1483000000.0,454000000.0,,,,,8603000000.0,,,,37789000000.0,84157000000.0,34114000000.0,21374000000.0,,245000000.0,,,-2051000000.0,-51769000000.0,1014000000.0,70000000.0,16250000000.0,2270000000.0,
2011-12-31,,,,,,,,,23656000000.0,7445000000.0,15869000000.0,2.85,2.82,5278100000.0,5323400000.0,,,,,-4914000000.0,,,,,9531000000.0,25115000000.0,,,1313867000000.0,,,,,,,,,1172180000000.0,64385000000.0,3207000000.0,140241000000.0,1313867000000.0,2208000000.0,529000000.0,3573000000.0,,,,11529000000.0,,,,13665000000.0,121235000000.0,52618000000.0,23062000000.0,,353000000.0,,,157000000.0,-35044000000.0,1296000000.0,79000000.0,24775000000.0,3396000000.0,
2012-03-31,,,,,,,,,6648000000.0,2328000000.0,4248000000.0,0.76,0.75,5282600000.0,5337800000.0,,,,,,,,,,9291000000.0,25140000000.0,,,1333799000000.0,,,,,,,,,1186950000000.0,67239000000.0,4216000000.0,145516000000.0,1333799000000.0,649000000.0,269000000.0,,,,,-5561000000.0,,,,15905000000.0,18156000000.0,12317000000.0,4242000000.0,,426000000.0,,,563000000.0,-32961000000.0,879000000.0,98000000.0,14616000000.0,-2440000000.0,
2012-06-30,,,,,,,,,13740000000.0,4699000000.0,8870000000.0,1.59,1.57,5306900000.0,5369900000.0,,,,,,,,,,9317000000.0,25406000000.0,,,1336204000000.0,,,,,,,,,1186767000000.0,70456000000.0,4629000000.0,148070000000.0,1336204000000.0,1384000000.0,362000000.0,,,,,-1858000000.0,,,,35381000000.0,38653000000.0,30599000000.0,8283000000.0,,4075000000.0,,,1467000000.0,-47719000000.0,1311000000.0,125000000.0,9709000000.0,-2629000000.0,
2012-09-30,,,,,,,,,21250000000.0,7179000000.0,13807000000.0,2.48,2.45,5292700000.0,5355700000.0,,,,,,,,,,9165000000.0,25637000000.0,,,1374715000000.0,,,,,,,,,1218656000000.0,73994000000.0,6435000000.0,154679000000.0,1374715000000.0,2083000000.0,465000000.0,,,,,4499000000.0,,,,50189000000.0,49703000000.0,44592000000.0,4969000000.0,,4319000000.0,,,2285000000.0,-85776000000.0,2000000000.0,193000000.0,33133000000.0,-2454000000.0,
2012-12-31,,,,,,,,,28471000000.0,9103000000.0,18897000000.0,3.4,3.36,5287600000.0,5351500000.0,,,,,-5051000000.0,,,,,9428000000.0,25637000000.0,,,1422968000000.0,,,,,,,,,1264057000000.0,77679000000.0,5650000000.0,157554000000.0,1422968000000.0,2807000000.0,560000000.0,-1297000000.0,,,,-2064000000.0,,,,58540000000.0,64756000000.0,59712000000.0,5210000000.0,,4322000000.0,,,1509000000.0,-139890000000.0,2091000000.0,226000000.0,83770000000.0,2420000000.0,
2013-03-31,,,,,,,,,7640000000.0,2420000000.0,5171000000.0,0.93,0.92,5279000000.0,5353500000.0,,,,,,,,,,9263000000.0,25637000000.0,,,1436634000000.0,,,,,,,,,1273239000000.0,81264000000.0,5145000000.0,162086000000.0,1436634000000.0,834000000.0,317000000.0,,,,,-3110000000.0,,,,9137000000.0,32098000000.0,13302000000.0,1303000000.0,,0.0,,,-1363000000.0,-26157000000.0,644000000.0,86000000.0,11377000000.0,-5643000000.0,
2013-06-30,,,,,,,,,16111000000.0,5283000000.0,10690000000.0,1.93,1.9,5304700000.0,5384600000.0,,,,,,,,,,9190000000.0,25637000000.0,,,1440563000000.0,,,,,,,,,1276786000000.0,84923000000.0,1797000000.0,162421000000.0,1440563000000.0,1643000000.0,462000000.0,,,,,1156000000.0,,,,22115000000.0,52238000000.0,27721000000.0,2166000000.0,,0.0,,,-1109000000.0,-40976000000.0,1337000000.0,158000000.0,14940000000.0,-3921000000.0,
2013-09-30,,,,,,,,,24412000000.0,7901000000.0,16268000000.0,2.93,2.89,5295300000.0,5381700000.0,,,,,,,,,,9120000000.0,25637000000.0,,,1488055000000.0,,,,,,,,,1319242000000.0,88625000000.0,2289000000.0,167165000000.0,1488055000000.0,2508000000.0,585000000.0,,,,,2962000000.0,,,,43218000000.0,78368000000.0,40476000000.0,2591000000.0,,0.0,,,-869000000.0,-102755000000.0,1935000000.0,232000000.0,56605000000.0,-2932000000.0,
2013-12-31,,,,,,,,,32629000000.0,10405000000.0,21878000000.0,3.95,3.89,5287300000.0,5371200000.0,,,,,-7506000000.0,,,,,9156000000.0,25637000000.0,,,1527015000000.0,,,,,,,,,1356007000000.0,92361000000.0,1386000000.0,170142000000.0,1527015000000.0,3293000000.0,725000000.0,4977000000.0,,,,-4693000000.0,,,,57641000000.0,89474000000.0,50737000000.0,2837000000.0,,0.0,,,-581000000.0,-153492000000.0,2224000000.0,271000000.0,93910000000.0,-1941000000.0,
2014-03-31,,,,,,,,,8352000000.0,2277000000.0,5893000000.0,1.07,1.05,5262800000.0,5353300000.0,,,,,,,,,,9020000000.0,25637000000.0,,,1546707000000.0,,,,,,,,,1370238000000.0,96368000000.0,2752000000.0,175654000000.0,1546707000000.0,571000000.0,374000000.0,,,,,3545000000.0,,,,2841000000.0,6178000000.0,7709000000.0,877000000.0,,,,,320000000.0,-18225000000.0,617000000.0,269000000.0,15196000000.0,-188000000.0,
2014-06-30,,,,,,,,,17007000000.0,5146000000.0,11619000000.0,2.09,2.06,5268400000.0,5353200000.0,,,,,,,,,,8977000000.0,25705000000.0,,,1598874000000.0,,,,,,,,,1417325000000.0,99926000000.0,4117000000.0,180859000000.0,1598874000000.0,1303000000.0,538000000.0,,,,,6170000000.0,,,,-398000000.0,10954000000.0,16573000000.0,1670000000.0,,174000000.0,,,377000000.0,-52745000000.0,1052000000.0,330000000.0,53859000000.0,716000000.0,
2014-09-30,,,,,,,,,25604000000.0,7788000000.0,17348000000.0,3.13,3.08,5252200000.0,5339200000.0,,,,,,,,,,8768000000.0,25705000000.0,,,1636855000000.0,,,,,,,,,1453865000000.0,103494000000.0,3118000000.0,182481000000.0,1636855000000.0,1933000000.0,682000000.0,,,,,7182000000.0,,,,14664000000.0,24539000000.0,28509000000.0,2575000000.0,,174000000.0,,,537000000.0,-95275000000.0,1376000000.0,378000000.0,78724000000.0,-1887000000.0,
2014-12-31,,,,,,,,,33915000000.0,10307000000.0,23057000000.0,4.17,4.1,5237200000.0,5324400000.0,,,,,,,,,,8743000000.0,25705000000.0,,,1687155000000.0,,,,,,,,,1501893000000.0,107040000000.0,3518000000.0,184394000000.0,1687155000000.0,2515000000.0,858000000.0,2354000000.0,,,,10681000000.0,,,,17529000000.0,44807000000.0,37257000000.0,6089000000.0,,174000000.0,,,741000000.0,-128380000000.0,1840000000.0,453000000.0,110503000000.0,-348000000.0,
2015-03-31,,,,,,,,,8163000000.0,2279000000.0,5804000000.0,1.06,1.04,5160400000.0,5243600000.0,,,,,,,,,,8696000000.0,25705000000.0,,,1737737000000.0,,,,,,,,,1547773000000.0,110676000000.0,3777000000.0,188796000000.0,1737737000000.0,727000000.0,,,,,,2053000000.0,,,,2515000000.0,14634000000.0,7004000000.0,4230000000.0,,,,,812000000.0,-42924000000.0,614000000.0,354000000.0,40631000000.0,222000000.0,
2015-06-30,,,,,,,,,16712000000.0,5042000000.0,11523000000.0,2.1,2.07,5156100000.0,5233200000.0,,,,,,,,,,8692000000.0,25705000000.0,,,1720617000000.0,,,,,,,,,1529941000000.0,114093000000.0,2068000000.0,189558000000.0,1720617000000.0,1558000000.0,,,,,,-2284000000.0,,,,864000000.0,34968000000.0,15847000000.0,10143000000.0,,0.0,,,1151000000.0,-28126000000.0,1012000000.0,409000000.0,27378000000.0,116000000.0,
2015-09-30,,,,,,,,,25485000000.0,7832000000.0,17319000000.0,3.16,3.12,5145900000.0,5220300000.0,,,,,,,,,,8800000000.0,25684000000.0,,,1751265000000.0,,,,,,,,,1557222000000.0,117593000000.0,2389000000.0,193051000000.0,1751265000000.0,2396000000.0,,,,,,562000000.0,,,,19801000000.0,56526000000.0,23681000000.0,15959000000.0,,0.0,,,1627000000.0,-72433000000.0,1454000000.0,431000000.0,50456000000.0,-2176000000.0,
2015-12-31,,,,,,,,,33641000000.0,10365000000.0,22894000000.0,4.18,4.12,5136500000.0,5209800000.0,,,,,,,,,,8704000000.0,25529000000.0,,,1787632000000.0,,,,,,,,,1593741000000.0,120866000000.0,297000000.0,192998000000.0,1787632000000.0,3288000000.0,844000000.0,-2265000000.0,,,,1764000000.0,,,,14772000000.0,79778000000.0,33912000000.0,25431000000.0,,3000000.0,,,2088000000.0,-107235000000.0,1726000000.0,453000000.0,92003000000.0,-460000000.0,
2016-03-31,,,,,,,,,8081000000.0,2567000000.0,5462000000.0,1.0,0.99,5075700000.0,5139400000.0,,,,,,,,,,8349000000.0,27003000000.0,,,1849182000000.0,,,,,,,,,1650678000000.0,123891000000.0,1774000000.0,197496000000.0,1849182000000.0,1295000000.0,,,,,,14228000000.0,,,,5292000000.0,5321000000.0,6651000000.0,13058000000.0,,28904000000.0,,,-189000000.0,-50366000000.0,479000000.0,154000000.0,45047000000.0,-27000000.0,
2016-06-30,,,,,,,,,16303000000.0,5216000000.0,11020000000.0,2.02,2.0,5071300000.0,5129800000.0,,,,,,,,,,8289000000.0,26963000000.0,,,1889235000000.0,,,,,,,,,1686574000000.0,127076000000.0,2948000000.0,201745000000.0,1889235000000.0,2233000000.0,,,,,,15589000000.0,,,,-2072000000.0,19602000000.0,15182000000.0,22631000000.0,,28987000000.0,,,-224000000.0,-69504000000.0,795000000.0,178000000.0,72872000000.0,1296000000.0,
2016-09-30,,,,,,,,,24558000000.0,7817000000.0,16664000000.0,3.06,3.03,5061900000.0,5118200000.0,,,,,,,,,,8322000000.0,26688000000.0,,,1942124000000.0,,,,,,,,,1738166000000.0,130288000000.0,2184000000.0,203028000000.0,1942124000000.0,3598000000.0,,,,,,16091000000.0,,,,-4513000000.0,66685000000.0,27768000000.0,28147000000.0,,29797000000.0,,,70000000.0,-109188000000.0,1024000000.0,209000000.0,113877000000.0,176000000.0,
2016-12-31,,,,,,,,,32120000000.0,10075000000.0,21938000000.0,4.03,3.99,5052800000.0,5108300000.0,,,,,,,,,,8333000000.0,26693000000.0,,,1930115000000.0,,,,,,,,,1729618000000.0,133075000000.0,-3137000000.0,199581000000.0,1930115000000.0,4970000000.0,779000000.0,1793000000.0,,,,14232000000.0,,,,169000000.0,120980000000.0,41105000000.0,31584000000.0,,30584000000.0,,,508000000.0,-122119000000.0,1415000000.0,283000000.0,123568000000.0,1618000000.0,
2017-03-31,,,,,,,,,7605000000.0,2057000000.0,5457000000.0,1.01,1.0,5008600000.0,5070400000.0,,,,,,,,,,8320000000.0,26666000000.0,,,1951564000000.0,,,,,,,,,1749075000000.0,136032000000.0,-3178000000.0,201500000000.0,1951564000000.0,1237000000.0,,,,,,-3553000000.0,,,,13191000000.0,14495000000.0,11016000000.0,3231000000.0,,46000000.0,,,166000000.0,-29273000000.0,572000000.0,,15051000000.0,-1031000000.0,
2017-06-30,,,,,,,,,15678000000.0,4282000000.0,11267000000.0,2.09,2.07,4999200000.0,5054800000.0,,,,,,,,,,8403000000.0,26573000000.0,,,1930871000000.0,,,,,,,,,1724726000000.0,139524000000.0,-2110000000.0,205230000000.0,1930871000000.0,2478000000.0,,,,,,-1485000000.0,,,,8958000000.0,45649000000.0,24359000000.0,23004000000.0,,3000000.0,,,616000000.0,12600000000.0,722000000.0,,-22039000000.0,-481000000.0,
2017-09-30,,,,,,,,,22536000000.0,6486000000.0,15863000000.0,2.94,2.91,4982100000.0,5035400000.0,,,,,,,,,,8449000000.0,26581000000.0,,,1934939000000.0,,,,,,,,,1728115000000.0,141761000000.0,-1627000000.0,205929000000.0,1934939000000.0,3794000000.0,,,,,,-2115000000.0,,,,18480000000.0,74260000000.0,35392000000.0,37520000000.0,,23000000.0,,,1336000000.0,9314000000.0,905000000.0,,-29317000000.0,-1523000000.0,
2017-12-31,88389000000.0,,,,,,,,27377000000.0,4917000000.0,22183000000.0,4.14,4.1,4964600000.0,5017300000.0,,,,,,,,,,8847000000.0,26587000000.0,,,1951757000000.0,,,,,,,,,1743678000000.0,145263000000.0,-2144000000.0,206936000000.0,1951757000000.0,5406000000.0,849000000.0,666000000.0,,,,1174000000.0,,,,18722000000.0,103671000000.0,45710000000.0,42714000000.0,,320000000.0,,,625000000.0,-5164000000.0,1211000000.0,,-10920000000.0,2638000000.0,
2018-03-31,21934000000.0,,,,,,,,6701000000.0,1374000000.0,5136000000.0,0.97,0.96,4885700000.0,4930700000.0,,,,,,,,,,8828000000.0,26445000000.0,,,1915388000000.0,,,,,,,,,1709478000000.0,147928000000.0,-4921000000.0,204952000000.0,1915388000000.0,1431000000.0,,,,,,-3331000000.0,,,,15230000000.0,14179000000.0,6909000000.0,3458000000.0,,0.0,,,-154000000.0,10161000000.0,382000000.0,,-38943000000.0,-13552000000.0,
2018-06-30,43487000000.0,,,,,,,,13820000000.0,3184000000.0,10322000000.0,1.95,1.94,4875700000.0,4916100000.0,,,,,,,,,,8882000000.0,26429000000.0,,,1879700000000.0,,,,,,,,,1673631000000.0,150803000000.0,-5461000000.0,205188000000.0,1879700000000.0,2835000000.0,,,,,,-7547000000.0,,,,14381000000.0,26300000000.0,17377000000.0,6151000000.0,,0.0,,,284000000.0,10711000000.0,446000000.0,,-77590000000.0,-52498000000.0,
2018-09-30,65428000000.0,,,,,,,,21418000000.0,4696000000.0,16329000000.0,3.09,3.07,4844800000.0,4885000000.0,,,,,,,,,,8802000000.0,26425000000.0,,,1872981000000.0,,,,,,,,,1673302000000.0,154576000000.0,-6873000000.0,198741000000.0,1872981000000.0,4222000000.0,,,,,,-9738000000.0,,,,21039000000.0,41495000000.0,28360000000.0,7088000000.0,,10000000.0,,,-1317000000.0,10491000000.0,548000000.0,,-87954000000.0,-56424000000.0,
2018-12-31,86408000000.0,,,,,,,,28538000000.0,5662000000.0,22393000000.0,4.31,4.28,4799700000.0,4838400000.0,,,,,,,,,,8920000000.0,26418000000.0,,,1895883000000.0,,,,,,,,,1698817000000.0,158163000000.0,-6336000000.0,196166000000.0,1895883000000.0,5593000000.0,1022000000.0,1970000000.0,,,,-7805000000.0,,,,36073000000.0,60067000000.0,36725000000.0,7320000000.0,,10000000.0,,,769000000.0,-7754000000.0,632000000.0,,-70979000000.0,-42660000000.0,
2019-03-31,21609000000.0,,,,,,,,6848000000.0,881000000.0,5860000000.0,1.21,1.2,4551500000.0,4584000000.0,,,,,,,,,,8825000000.0,26420000000.0,,,1887792000000.0,,,,,,,,,1689059000000.0,160776000000.0,-3682000000.0,197832000000.0,1887792000000.0,1449000000.0,,,,,,-1130000000.0,,,,7951000000.0,4937000000.0,6001000000.0,1680000000.0,,,,,-657000000.0,-9026000000.0,181000000.0,,-23244000000.0,-24319000000.0,
2019-06-30,43193000000.0,,,,,,,,14480000000.0,2175000000.0,12066000000.0,2.52,2.5,4510200000.0,4540100000.0,,,,,,,,,,9435000000.0,26415000000.0,,,1923388000000.0,,,,,,,,,1723351000000.0,164551000000.0,-2224000000.0,199042000000.0,1923388000000.0,3100000000.0,,,,,,-7194000000.0,,,,7282000000.0,18306000000.0,17657000000.0,6682000000.0,,,,,-512000000.0,-19724000000.0,242000000.0,,3582000000.0,-8860000000.0,
2019-09-30,65203000000.0,,,,,,,,20596000000.0,3479000000.0,16676000000.0,3.45,3.43,4459100000.0,4489500000.0,,,,,,,,,,9315000000.0,26388000000.0,,,1943950000000.0,,,,,,,,,1749534000000.0,166320000000.0,-1639000000.0,193304000000.0,1943950000000.0,4940000000.0,,,,,,6320000000.0,,,,-5693000000.0,44460000000.0,30362000000.0,7709000000.0,,0.0,,,-1519000000.0,-27105000000.0,356000000.0,,8242000000.0,-24556000000.0,
2019-12-31,85063000000.0,,,,,,,,24198000000.0,4157000000.0,19549000000.0,4.08,4.05,4393100000.0,4425400000.0,,,,,,,,,,9309000000.0,26390000000.0,,,1927555000000.0,,,,,,,,,1739571000000.0,166697000000.0,-1311000000.0,187146000000.0,1927555000000.0,7075000000.0,1217000000.0,-3246000000.0,,,,-3034000000.0,,,,6730000000.0,57015000000.0,46542000000.0,9386000000.0,,,,,-1465000000.0,-29631000000.0,380000000.0,,-9136000000.0,-32037000000.0,
2020-03-31,17717000000.0,,,,,,,,664000000.0,159000000.0,653000000.0,0.01,0.01,4104800000.0,4135300000.0,,,,,,,,,,9108000000.0,26381000000.0,,,1981349000000.0,,,,,,,,,1798019000000.0,165308000000.0,-1564000000.0,182718000000.0,1981349000000.0,1868000000.0,,,,,,10391000000.0,,,,17273000000.0,18658000000.0,14135000000.0,11843000000.0,,,,,-91000000.0,-44303000000.0,209000000.0,,36589000000.0,9559000000.0,
2020-06-30,35553000000.0,,,,,,,,-6249000000.0,-3917000000.0,-2379000000.0,-0.66,-0.66,4105500000.0,4105500000.0,,,,,,,,,,9025000000.0,26385000000.0,,,1968766000000.0,,,,,,,,,1788644000000.0,159952000000.0,-798000000.0,179386000000.0,1968766000000.0,4062000000.0,,,,,,5910000000.0,,,,33392000000.0,28310000000.0,35340000000.0,29524000000.0,,,,,31000000.0,59384000000.0,454000000.0,,28477000000.0,121253000000.0,
2020-09-30,54415000000.0,,,,,,,,2864000000.0,-3113000000.0,2035000000.0,0.42,0.42,4123800000.0,4132200000.0,,,,,,,,,,8977000000.0,26387000000.0,,,1922220000000.0,,,,,,,,,1740188000000.0,160913000000.0,-750000000.0,181173000000.0,1922220000000.0,6444000000.0,,,,,,9482000000.0,,,,24816000000.0,54010000000.0,59393000000.0,40709000000.0,,,,,223000000.0,102042000000.0,513000000.0,,-21338000000.0,105520000000.0,
2020-12-31,,,,,,,,,581000000.0,-3005000000.0,3301000000.0,0.42,0.41,4118000000.0,4134200000.0,,,,,,,,,,,26392000000.0,,,1955163000000.0,,,,,,,,,1769243000000.0,162890000000.0,194000000.0,184887000000.0,1955163000000.0,8736000000.0,622000000.0,-3314000000.0,,,,12304000000.0,,,,2051000000.0,91545000000.0,78174000000.0,48638000000.0,,,,,363000000.0,122554000000.0,571000000.0,,-1243000000.0,123362000000.0,1175000000.0
2021-03-31,,,,,,,,,5122000000.0,326000000.0,4742000000.0,1.05,1.05,4141300000.0,4171000000.0,,,,,,,,,,,26290000000.0,,,1959543000000.0,,,,,,,,,1771195000000.0,166772000000.0,-1250000000.0,187218000000.0,1959543000000.0,2237000000.0,,,,,,-8481000000.0,,,,-3470000000.0,36203000000.0,21840000000.0,13367000000.0,,,,,40000000.0,15528000000.0,66000000.0,,10063000000.0,22121000000.0,358000000.0
2021-06-30,,,,,,,,,13780000000.0,2346000000.0,10676000000.0,2.42,2.4,4132900000.0,4164600000.0,,,,,,,,,,,26194000000.0,,,1945996000000.0,,,,,,,,,1752869000000.0,171765000000.0,-564000000.0,191262000000.0,1945996000000.0,4173000000.0,,,,,,-11256000000.0,,,,-11532000000.0,71997000000.0,45238000000.0,13675000000.0,,,,,-1056000000.0,30804000000.0,114000000.0,,-9711000000.0,9561000000.0,3052000000.0
2021-09-30,,,,,,,,,20706000000.0,3867000000.0,15798000000.0,3.6,3.57,4107100000.0,4140000000.0,,,,,,,,,,,26191000000.0,,,1954901000000.0,,,,,,,,,1763830000000.0,175709000000.0,-1177000000.0,189028000000.0,1954901000000.0,6090000000.0,,,,,,-16736000000.0,,,,-16342000000.0,84576000000.0,61080000000.0,14568000000.0,,,,,-1154000000.0,23783000000.0,214000000.0,,-5366000000.0,2075000000.0,3114000000.0
2021-12-31,,,,,,,,,28816000000.0,5578000000.0,21548000000.0,4.99,4.95,4061900000.0,4096200000.0,,,,,,,,,,,25180000000.0,,,1948068000000.0,,,,,,,,,1757958000000.0,180322000000.0,-1702000000.0,187606000000.0,1948068000000.0,7890000000.0,1005000000.0,-1292000000.0,,,,-15477000000.0,,,,-11525000000.0,110431000000.0,75701000000.0,17958000000.0,,,,,-3782000000.0,-7619000000.0,,,-11238000000.0,-30382000000.0,3166000000.0
2022-03-31,,,,,,,,,4509000000.0,707000000.0,3671000000.0,0.89,0.88,3831100000.0,3868900000.0,,,,,,,,,,,25181000000.0,,,1939709000000.0,,,,,,,,,1758020000000.0,182623000000.0,-6767000000.0,179243000000.0,1939709000000.0,1791000000.0,,,,,,5815000000.0,,,,199000000.0,19195000000.0,6876000000.0,19000000.0,,,,,-115000000.0,-22961000000.0,,,-9573000000.0,-32335000000.0,76000000.0
2022-06-30,,,,,,,,,8074000000.0,1320000000.0,6790000000.0,1.63,1.62,3812300000.0,3845000000.0,,,,,,,,,,,25178000000.0,,,1881142000000.0,,,,,,,,,1701349000000.0,184475000000.0,-10608000000.0,177532000000.0,1881142000000.0,3563000000.0,,,,,,13763000000.0,,,,7787000000.0,31292000000.0,11850000000.0,15330000000.0,,,,,-597000000.0,-27469000000.0,,,-59408000000.0,-79090000000.0,3817000000.0
2022-09-30,,,,,,,,,12468000000.0,2214000000.0,10318000000.0,2.49,2.47,3807000000.0,3838500000.0,,,,,,,,,,,25172000000.0,,,1877745000000.0,,,,,,,,,1699336000000.0,186551000000.0,-14344000000.0,176189000000.0,1877745000000.0,5253000000.0,,,,,,10673000000.0,,,,19803000000.0,38834000000.0,16824000000.0,16894000000.0,,,,,-521000000.0,-26550000000.0,,,-62028000000.0,-68775000000.0,3863000000.0
2022-12-31,,,,,,,,,14969000000.0,2087000000.0,13182000000.0,3.17,3.14,3805200000.0,3837000000.0,,,,,,,,,,,25173000000.0,,,1881016000000.0,,,,,,,,,1699141000000.0,187649000000.0,-13381000000.0,179889000000.0,1881016000000.0,6832000000.0,978000000.0,1075000000.0,,,,9137000000.0,,,,27048000000.0,40104000000.0,19791000000.0,16895000000.0,,,,,-805000000.0,-42476000000.0,,,-59645000000.0,-75073000000.0,3376000000.0
2023-03-31,,,,,,,,,5846000000.0,966000000.0,4991000000.0,1.24,1.23,3785600000.0,3818700000.0,,,,,,,,,,,25173000000.0,,,1886400000000.0,,,,,,,,,1703180000000.0,191688000000.0,-12572000000.0,181168000000.0,1886400000000.0,1552000000.0,,,,,,7473000000.0,,,,7406000000.0,12393000000.0,2821000000.0,0.0,,,,,6145000000.0,-7955000000.0,,,-2177000000.0,-2726000000.0,-827000000.0
2023-06-30,,,,,,,,,11679000000.0,1896000000.0,9929000000.0,2.5,2.48,3742600000.0,3772400000.0,,,,,,,,,,,25175000000.0,,,1876320000000.0,,,,,,,,,1694368000000.0,195164000000.0,-13441000000.0,180191000000.0,1876320000000.0,3180000000.0,,,,,,8433000000.0,,,,6651000000.0,16759000000.0,7326000000.0,9906000000.0,,,,,396000000.0,12646000000.0,,,-24036000000.0,-4739000000.0,-1984000000.0
2023-09-30,,,,,,,,,18226000000.0,2707000000.0,15696000000.0,3.99,3.96,3710900000.0,3741600000.0,,,,,,,,,,,25174000000.0,,,1909261000000.0,,,,,,,,,1726888000000.0,199287000000.0,-15877000000.0,180715000000.0,1909261000000.0,4777000000.0,,,,,,6184000000.0,,,,22156000000.0,21480000000.0,10730000000.0,13992000000.0,,,,,-854000000.0,20274000000.0,,,15129000000.0,57559000000.0,-1936000000.0
2023-12-31,,,,,,,,,21636000000.0,2607000000.0,19142000000.0,4.88,4.83,3688300000.0,3720400000.0,,,,,,,,,,,25175000000.0,,,1932468000000.0,,,,,,,,,1745025000000.0,201136000000.0,-11580000000.0,185735000000.0,1932468000000.0,6271000000.0,1122000000.0,-50000000.0,,,,6838000000.0,,,,40358000000.0,26051000000.0,14872000000.0,14651000000.0,,,,,-391000000.0,16043000000.0,,,20494000000.0,76895000000.0,-1786000000.0
2024-03-31,,,,,,,,,5587000000.0,964000000.0,4619000000.0,1.21,1.2,3560100000.0,3600100000.0,,,,,,,,,,,25173000000.0,,,1959153000000.0,,,,,,,,,1776479000000.0,203870000000.0,-12546000000.0,180943000000.0,1959153000000.0,1819000000.0,,,,,,3052000000.0,,,,-12125000000.0,19672000000.0,8083000000.0,4526000000.0,,,,,-348000000.0,21095000000.0,,,23574000000.0,32544000000.0,-1855000000.0
2024-06-30,,,,,,,,,11747000000.0,2215000000.0,9529000000.0,2.56,2.53,3504200000.0,3543200000.0,,,,,,,,,,,25172000000.0,,,1940073000000.0,,,,,,,,,1761925000000.0,207281000000.0,-12721000000.0,176430000000.0,1940073000000.0,3791000000.0,,,,,,-5855000000.0,,,,-10075000000.0,39111000000.0,15753000000.0,4759000000.0,,,,,-92000000.0,6511000000.0,,,-1708000000.0,-5272000000.0,-421000000.0
2024-09-30,,,,,,,,,17981000000.0,3279000000.0,14643000000.0,3.99,3.94,3464100000.0,3503500000.0,,,,,,,,,,,25173000000.0,,,1922125000000.0,,,,,,,,,1737114000000.0,210749000000.0,-8372000000.0,183265000000.0,1922125000000.0,5574000000.0,,,,,,1006000000.0,,,,-5869000000.0,72618000000.0,26256000000.0,15207000000.0,,,,,417000000.0,-14587000000.0,,,-31468000000.0,-51924000000.0,106000000.0
