Date,Net sales,Cost of sales,Gross margin,Research and development,"Selling, general and administrative",Total operating expenses,Operating income,"Other income/(expense), net",Income before provision for income taxes,Provision for income taxes,Net income,Earnings per share basic,Earnings per share diluted,Weighted-average basic,Weighted-average diluted,Cash and cash equivalents,Short-term marketable securities,"Accounts receivable, net",Inventories,Deferred tax assets,Vendor non-trade receivables,Other current assets,Total current assets,Long-term marketable securities,"Property, Plant and Equipment, Net",Goodwill,"Acquired intangible assets, net","Other Assets, Noncurrent",Total assets,accounts payable,Accrued expenses,Deferred revenue,Total current liabilities,Deferred revenue - non-current,deferred tax liabilities,long term taxes payable,Total other non-current liabilities,Total liabilities,Retained Earnings (Accumulated Deficit),Accumulated other comprehensive (loss)/income,Total shareholders equity,Total liabilities and shareholders' equity,"Depreciation, amortization and accretion",Stock-based compensation expense,Deferred income tax expense,"Increase (Decrease) in Accounts receivable, net",Increase (Decrease) in Inventories,Increase (Decrease) in Other Receivables,Increase (Decrease) in Other Operating Assets,Increase (Decrease) in Accounts Payable,Increase (Decrease) in Deferred Revenue,Increase (Decrease) Other liabilities,Cash generated by operating activities,Purchases of marketable securities,Proceeds from maturities of marketable securities,Proceeds from sales of marketable securities,Purchases of other long-term investments,"Business acquisitions, net of cash acquired",Cash payments for capital asset purchases,Payments for acquisition of intangible assets,Payments for (Proceeds from) Other Investing Activities,Cash used in investing activities,Proceeds from issuance of common stock,Excess tax benefits from stock-based compensation,Cash generated/used in financing activities,Increase/(decrease) in cash and cash equivalents,"Cash paid for income taxes, net"
2009-12-31,8255000000.0,,,,512000000.0,,1481000000.0,,,359000000.0,285000000.0,0.49,0.49,581674000.0,589385000.0,1867000000.0,,,222000000.0,,,224000000.0,3793000000.0,,18644000000.0,1011000000.0,,502000000.0,25280000000.0,934000000.0,948000000.0,,2477000000.0,,3656000000.0,,,,903000000.0,-168000000.0,8447000000.0,25280000000.0,1469000000.0,,,,33000000.0,,-8000000.0,5000000.0,,,2572000000.0,,,,,,-2387000000.0,,1000000.0,-2310000000.0,6000000.0,1000000.0,166000000.0,428000000.0,
2010-03-31,2596000000.0,,,,111000000.0,,478000000.0,,,-95000000.0,-193000000.0,-0.33,-0.33,583929000.0,583929000.0,1644000000.0,,,221000000.0,,,190000000.0,3589000000.0,,18714000000.0,1011000000.0,,551000000.0,25129000000.0,907000000.0,760000000.0,,2097000000.0,,3708000000.0,,,,646000000.0,3000000.0,7573000000.0,25129000000.0,361000000.0,,,,0.0,,26000000.0,-13000000.0,,,617000000.0,,,,,,-428000000.0,,-7000000.0,-435000000.0,,,-405000000.0,-223000000.0,
2010-09-30,7192000000.0,,,,356000000.0,,-1291000000.0,,,-151000000.0,-1271000000.0,-2.17,-2.17,584744000.0,584744000.0,1015000000.0,,,270000000.0,,,202000000.0,2803000000.0,,18909000000.0,8000000.0,,561000000.0,23848000000.0,869000000.0,929000000.0,,2549000000.0,,3496000000.0,,,,-578000000.0,34000000.0,7025000000.0,23848000000.0,1101000000.0,37000000.0,-240000000.0,,49000000.0,,-5000000.0,-72000000.0,,,1941000000.0,,,,,,2111000000.0,,-98000000.0,-2472000000.0,,,-321000000.0,-852000000.0,
2010-12-31,9616000000.0,,,,498000000.0,,44000000.0,,,-30000000.0,-1097000000.0,-1.88,-1.88,584552000.0,584552000.0,795000000.0,,,303000000.0,3532000000.0,,173000000.0,2530000000.0,,20272000000.0,8000000.0,,645000000.0,24972000000.0,918000000.0,1002000000.0,,2574000000.0,,3448000000.0,,,,-478000000.0,-82000000.0,7288000000.0,24972000000.0,1507000000.0,48000000.0,-153000000.0,,81000000.0,,-43000000.0,-14000000.0,,,2651000000.0,,,,,1099000000.0,2788000000.0,,-79000000.0,-4296000000.0,,,573000000.0,-1072000000.0,40000000.0
2011-03-31,2575000000.0,,,,137000000.0,,480000000.0,,,-6000000.0,321000000.0,0.55,0.54,586977000.0,596567000.0,923000000.0,,,264000000.0,,,167000000.0,2505000000.0,,20341000000.0,,,689000000.0,25083000000.0,913000000.0,872000000.0,,2458000000.0,,3448000000.0,,,,-230000000.0,-116000000.0,7537000000.0,25083000000.0,381000000.0,14000000.0,-6000000.0,,-38000000.0,,-28000000.0,46000000.0,,,811000000.0,,,,,,526000000.0,,11000000.0,-579000000.0,,,-104000000.0,128000000.0,
2011-06-30,5244000000.0,,,,271000000.0,,1027000000.0,,831000000.0,145000000.0,548000000.0,0.93,0.92,588310000.0,597633000.0,1166000000.0,,,282000000.0,,,206000000.0,2830000000.0,,20600000000.0,,,674000000.0,25705000000.0,988000000.0,915000000.0,,2390000000.0,,3572000000.0,,,,-122000000.0,-95000000.0,7716000000.0,25705000000.0,784000000.0,25000000.0,97000000.0,,-20000000.0,,9000000.0,109000000.0,,,1684000000.0,,,,,,1094000000.0,,-27000000.0,-1199000000.0,,,-114000000.0,371000000.0,
2011-09-30,7947000000.0,,,,401000000.0,,1521000000.0,,1233000000.0,194000000.0,820000000.0,1.39,1.37,588950000.0,597550000.0,996000000.0,,,287000000.0,,,186000000.0,2889000000.0,,20973000000.0,,,674000000.0,26146000000.0,1174000000.0,801000000.0,,2439000000.0,,3609000000.0,,,,33000000.0,-74000000.0,7909000000.0,26146000000.0,1202000000.0,36000000.0,82000000.0,,-15000000.0,,,165000000.0,,,2352000000.0,,,,,,1833000000.0,,-59000000.0,-1988000000.0,,,-163000000.0,201000000.0,
2011-12-31,7930000000.0,,,,325000000.0,,1867000000.0,,1202000000.0,124000000.0,376000000.0,0.64,0.63,588553000.0,598175000.0,889000000.0,,,169000000.0,1608000000.0,,159000000.0,1894000000.0,,12580000000.0,,,637000000.0,16502000000.0,691000000.0,631000000.0,,1675000000.0,,1660000000.0,,,,-5820000000.0,-389000000.0,1793000000.0,16502000000.0,1614000000.0,52000000.0,-64000000.0,,-60000000.0,,,250000000.0,,,3439000000.0,,,,,41000000.0,2796000000.0,,-67000000.0,-3003000000.0,,,-342000000.0,94000000.0,296000000.0
2012-03-31,2019000000.0,,,,96000000.0,,527000000.0,,492000000.0,133000000.0,423000000.0,0.71,0.7,593231000.0,600520000.0,1100000000.0,,,186000000.0,,,152000000.0,2119000000.0,,12964000000.0,,,621000000.0,17790000000.0,676000000.0,529000000.0,,1534000000.0,,2435000000.0,,,,-5551000000.0,-367000000.0,1940000000.0,17790000000.0,168000000.0,9000000.0,87000000.0,,17000000.0,,,-68000000.0,,,434000000.0,,,,,325000000.0,329000000.0,,-12000000.0,-491000000.0,26000000.0,,268000000.0,211000000.0,
2012-06-30,3865000000.0,,,,198000000.0,2916000000.0,859000000.0,,729000000.0,204000000.0,555000000.0,0.91,0.9,621483000.0,626620000.0,679000000.0,,,159000000.0,,,167000000.0,1682000000.0,,14056000000.0,724000000.0,,610000000.0,20267000000.0,695000000.0,599000000.0,,1298000000.0,,2555000000.0,,,,-5607000000.0,-357000000.0,2961000000.0,20267000000.0,349000000.0,18000000.0,118000000.0,,-10000000.0,,,-174000000.0,,,858000000.0,,,,,2049000000.0,922000000.0,,-66000000.0,-2890000000.0,928000000.0,,1822000000.0,-210000000.0,
2012-09-30,5617000000.0,,,,294000000.0,4252000000.0,1232000000.0,,1006000000.0,281000000.0,710000000.0,1.16,1.15,626809000.0,632019000.0,996000000.0,,,161000000.0,,,142000000.0,1961000000.0,,14684000000.0,650000000.0,,616000000.0,21263000000.0,768000000.0,609000000.0,,1379000000.0,,2648000000.0,,,,-5648000000.0,-330000000.0,3092000000.0,21263000000.0,545000000.0,27000000.0,121000000.0,,-19000000.0,,,-165000000.0,,,1289000000.0,,,,,2049000000.0,1652000000.0,,-103000000.0,-3680000000.0,935000000.0,,2498000000.0,107000000.0,
2012-12-31,7486000000.0,,,,571000000.0,5874000000.0,1612000000.0,,1289000000.0,360000000.0,859000000.0,1.39,1.37,619792000.0,625486000.0,839000000.0,,,175000000.0,528000000.0,,66000000.0,1924000000.0,,15467000000.0,649000000.0,1704000000.0,596000000.0,24327000000.0,920000000.0,628000000.0,,1549000000.0,,2841000000.0,,,,-5695000000.0,-362000000.0,4752000000.0,24327000000.0,756000000.0,36000000.0,212000000.0,,-5000000.0,,,-110000000.0,,,1835000000.0,,,,,2049000000.0,2529000000.0,,-108000000.0,-6921000000.0,2550000000.0,,5036000000.0,-50000000.0,198000000.0
2013-03-31,1810000000.0,,,,132000000.0,1384000000.0,426000000.0,,327000000.0,96000000.0,161000000.0,0.24,0.23,682052000.0,687143000.0,702000000.0,,,190000000.0,,,45000000.0,1864000000.0,,15995000000.0,646000000.0,1689000000.0,583000000.0,24816000000.0,935000000.0,624000000.0,,1560000000.0,,3015000000.0,,,,-5765000000.0,-374000000.0,4795000000.0,24816000000.0,210000000.0,9000000.0,103000000.0,,13000000.0,,,6000000.0,,,495000000.0,,,,,0.0,713000000.0,,2000000.0,-808000000.0,7000000.0,,176000000.0,-137000000.0,
2013-06-30,3577000000.0,,,,255000000.0,2801000000.0,776000000.0,,629000000.0,198000000.0,303000000.0,0.44,0.44,682893000.0,686924000.0,824000000.0,,,174000000.0,,,83000000.0,1946000000.0,,16599000000.0,646000000.0,1674000000.0,657000000.0,25657000000.0,969000000.0,691000000.0,,2371000000.0,,3182000000.0,,,,-5863000000.0,-394000000.0,4694000000.0,25657000000.0,,20000000.0,266000000.0,,-2000000.0,,,-22000000.0,,,1163000000.0,,,,,0.0,1530000000.0,,8000000.0,-1726000000.0,9000000.0,,548000000.0,-15000000.0,
2013-09-30,5200000000.0,,,,385000000.0,4088000000.0,1112000000.0,,889000000.0,260000000.0,444000000.0,0.65,0.65,683274000.0,687306000.0,732000000.0,,,230000000.0,,,81000000.0,1782000000.0,,17467000000.0,646000000.0,1659000000.0,623000000.0,26455000000.0,1014000000.0,700000000.0,,2086000000.0,,3414000000.0,,,,-5973000000.0,-338000000.0,4948000000.0,26455000000.0,606000000.0,28000000.0,301000000.0,,53000000.0,,,-47000000.0,,,1702000000.0,,,,,0.0,2542000000.0,,11000000.0,-2903000000.0,14000000.0,,1094000000.0,-107000000.0,
2013-12-31,6860000000.0,,,,512000000.0,5485000000.0,1375000000.0,,1080000000.0,401000000.0,430000000.0,0.63,0.62,682948000.0,687185000.0,681000000.0,,,194000000.0,338000000.0,,107000000.0,1683000000.0,,18210000000.0,646000000.0,1644000000.0,599000000.0,27142000000.0,960000000.0,797000000.0,,1983000000.0,,3529000000.0,,,,-6248000000.0,-164000000.0,4864000000.0,27142000000.0,815000000.0,37000000.0,424000000.0,,17000000.0,,,-35000000.0,,,2217000000.0,,,,,6000000.0,3572000000.0,,19000000.0,-4052000000.0,18000000.0,,1677000000.0,-158000000.0,-50000000.0
2014-03-31,1749000000.0,,,,150000000.0,1329000000.0,420000000.0,,247000000.0,51000000.0,140000000.0,0.2,0.2,684773000.0,688904000.0,1064000000.0,,,222000000.0,,,93000000.0,2178000000.0,,18711000000.0,646000000.0,1632000000.0,619000000.0,28306000000.0,1094000000.0,704000000.0,,2549000000.0,,3528000000.0,,,,-6385000000.0,-223000000.0,4616000000.0,28306000000.0,214000000.0,11000000.0,-93000000.0,,27000000.0,,,-16000000.0,,,446000000.0,,,,,,793000000.0,,-29000000.0,-992000000.0,14000000.0,,929000000.0,383000000.0,
2014-06-30,3427000000.0,,,,286000000.0,2696000000.0,731000000.0,,454000000.0,135000000.0,243000000.0,0.35,0.35,696553000.0,700696000.0,860000000.0,,,276000000.0,,,193000000.0,2119000000.0,,19442000000.0,646000000.0,1616000000.0,642000000.0,34949000000.0,990000000.0,655000000.0,,2396000000.0,,3658000000.0,,,,-6574000000.0,-194000000.0,7863000000.0,34949000000.0,428000000.0,23000000.0,106000000.0,,81000000.0,,,-34000000.0,,,759000000.0,,,,,,1839000000.0,,-144000000.0,-7936000000.0,3408000000.0,,7356000000.0,179000000.0,
2014-09-30,5496000000.0,,,,457000000.0,4458000000.0,1038000000.0,,3160000000.0,1133000000.0,1921000000.0,2.7,2.68,747412000.0,752064000.0,302000000.0,,,284000000.0,,,224000000.0,1898000000.0,,27398000000.0,1658000000.0,11136000000.0,632000000.0,49807000000.0,1017000000.0,895000000.0,,2931000000.0,,4657000000.0,,,,-5315000000.0,-222000000.0,9129000000.0,49807000000.0,797000000.0,36000000.0,1026000000.0,,89000000.0,,,60000000.0,,,1104000000.0,,,,,5958000000.0,2943000000.0,,-236000000.0,-9010000000.0,3414000000.0,,7527000000.0,-379000000.0,
2014-12-31,7637000000.0,,,,661000000.0,6068000000.0,1569000000.0,,3584000000.0,1249000000.0,2114000000.0,2.94,2.92,719325000.0,723641000.0,240000000.0,,,231000000.0,841000000.0,,213000000.0,1890000000.0,,28081000000.0,1120000000.0,10453000000.0,619000000.0,50563000000.0,865000000.0,900000000.0,82000000.0,2567000000.0,,4712000000.0,,,,-5548000000.0,-341000000.0,8777000000.0,50563000000.0,1176000000.0,53000000.0,1246000000.0,,36000000.0,,,-8000000.0,,,2115000000.0,,,,,5958000000.0,20756000000.0,,-314000000.0,-10157000000.0,3416000000.0,,7601000000.0,-441000000.0,29000000.0
2015-03-31,1716000000.0,,,,196000000.0,1489000000.0,227000000.0,,43000000.0,30000000.0,70000000.0,0.09,0.09,748079000.0,752028000.0,341000000.0,,,200000000.0,,,206000000.0,1622000000.0,,28536000000.0,1145000000.0,10191000000.0,644000000.0,50457000000.0,728000000.0,801000000.0,,2330000000.0,,4577000000.0,,,,-5914000000.0,-395000000.0,8212000000.0,50457000000.0,427000000.0,23000000.0,28000000.0,,-32000000.0,,,-75000000.0,,,669000000.0,,,,,,832000000.0,,-159000000.0,-756000000.0,10000000.0,,188000000.0,101000000.0,
2015-06-30,3555000000.0,,,,370000000.0,2936000000.0,619000000.0,,309000000.0,113000000.0,184000000.0,0.25,0.24,749253000.0,752775000.0,204000000.0,,,168000000.0,,,235000000.0,1426000000.0,,29089000000.0,1145000000.0,10158000000.0,633000000.0,51163000000.0,723000000.0,924000000.0,,3768000000.0,,4665000000.0,,,,-6243000000.0,-384000000.0,7928000000.0,51163000000.0,855000000.0,46000000.0,108000000.0,,-64000000.0,,,-48000000.0,,,1483000000.0,,,,,,1654000000.0,,-241000000.0,-2002000000.0,21000000.0,,483000000.0,-36000000.0,
2015-09-30,5354000000.0,,,,547000000.0,4379000000.0,975000000.0,,-238000000.0,-65000000.0,144000000.0,0.19,0.19,749824000.0,752621000.0,125000000.0,,,156000000.0,,,200000000.0,1264000000.0,,29476000000.0,1145000000.0,10053000000.0,683000000.0,50819000000.0,726000000.0,1225000000.0,,3858000000.0,,4582000000.0,,,,-6764000000.0,-425000000.0,7387000000.0,50819000000.0,1287000000.0,65000000.0,-67000000.0,,-76000000.0,,,-137000000.0,,,2086000000.0,,,,,112000000.0,2425000000.0,,-105000000.0,-2707000000.0,27000000.0,,506000000.0,-115000000.0,
2015-12-31,7360000000.0,,,,741000000.0,7134000000.0,226000000.0,,-1713000000.0,-399000000.0,-571000000.0,-0.76,-0.76,749271000.0,749271000.0,100000000.0,,,127000000.0,1115000000.0,,217000000.0,1527000000.0,,29579000000.0,47000000.0,9970000000.0,561000000.0,49020000000.0,744000000.0,1078000000.0,94000000.0,2497000000.0,,4218000000.0,,,,-7960000000.0,-442000000.0,6148000000.0,49020000000.0,1738000000.0,82000000.0,-337000000.0,,-105000000.0,,,-90000000.0,,,2678000000.0,,,,,112000000.0,3336000000.0,,-572000000.0,-3299000000.0,27000000.0,,481000000.0,-140000000.0,-136000000.0
2016-03-31,1660000000.0,,,,221000000.0,1398000000.0,262000000.0,,-11000000.0,2000000.0,-65000000.0,-0.09,-0.09,750332000.0,750332000.0,164000000.0,,,142000000.0,,,174000000.0,1261000000.0,,29823000000.0,47000000.0,9881000000.0,614000000.0,48807000000.0,739000000.0,939000000.0,,2789000000.0,,4248000000.0,,,,-8508000000.0,-378000000.0,5691000000.0,48807000000.0,445000000.0,21000000.0,2000000.0,,16000000.0,,,-23000000.0,,,779000000.0,,,,,,513000000.0,,-97000000.0,-346000000.0,6000000.0,,-369000000.0,64000000.0,
2016-06-30,3396000000.0,,,,379000000.0,3622000000.0,-488000000.0,,-661000000.0,-145000000.0,-470000000.0,-0.63,-0.63,750649000.0,750649000.0,135000000.0,,,122000000.0,,,182000000.0,2357000000.0,,28249000000.0,47000000.0,9792000000.0,554000000.0,48124000000.0,688000000.0,903000000.0,,2752000000.0,,4079000000.0,,,,-9394000000.0,-369000000.0,4830000000.0,48124000000.0,891000000.0,34000000.0,-144000000.0,,3000000.0,,,12000000.0,,,1464000000.0,,,,,0.0,1069000000.0,,-153000000.0,-746000000.0,6000000.0,,-669000000.0,,
2016-09-30,5301000000.0,,,,556000000.0,5182000000.0,345000000.0,,-461000000.0,-74000000.0,-409000000.0,-0.55,-0.55,750754000.0,751858000.0,77000000.0,,,120000000.0,,,538000000.0,1627000000.0,,28263000000.0,,,562000000.0,47288000000.0,619000000.0,1059000000.0,,2465000000.0,,4271000000.0,,,,-9483000000.0,-331000000.0,4860000000.0,47288000000.0,1326000000.0,55000000.0,-74000000.0,,7000000.0,,,-16000000.0,,,2082000000.0,,,,,0.0,1577000000.0,,-227000000.0,-400000000.0,8000000.0,,-1705000000.0,-23000000.0,
2016-12-31,7499000000.0,,,,723000000.0,6799000000.0,700000000.0,,-375000000.0,-25000000.0,-424000000.0,-0.57,-0.57,750673000.0,750673000.0,170000000.0,,,138000000.0,1091000000.0,,216000000.0,1462000000.0,,28428000000.0,,,581000000.0,46835000000.0,623000000.0,1448000000.0,338000000.0,2949000000.0,,4238000000.0,,,,-9649000000.0,-339000000.0,4643000000.0,46835000000.0,1763000000.0,73000000.0,-26000000.0,,25000000.0,,,25000000.0,,,3664000000.0,,,,,0.0,2145000000.0,,-290000000.0,-416000000.0,9000000.0,,-3178000000.0,70000000.0,5000000.0
2017-03-31,1988000000.0,,,,161000000.0,1555000000.0,433000000.0,,606000000.0,37000000.0,373000000.0,0.45,0.45,824548000.0,826476000.0,639000000.0,,,148000000.0,,,168000000.0,2845000000.0,,27762000000.0,,,597000000.0,47512000000.0,680000000.0,1322000000.0,,2045000000.0,,5133000000.0,,,,-9487000000.0,-334000000.0,8444000000.0,47512000000.0,442000000.0,21000000.0,28000000.0,,30000000.0,,,32000000.0,,,606000000.0,,,,,,511000000.0,,-122000000.0,-122000000.0,2122000000.0,,-15000000.0,469000000.0,
2017-06-30,3912000000.0,,,,314000000.0,3098000000.0,814000000.0,,864000000.0,102000000.0,454000000.0,0.55,0.55,826426000.0,828575000.0,1918000000.0,,,150000000.0,,,204000000.0,3969000000.0,,28042000000.0,,,603000000.0,48770000000.0,734000000.0,1275000000.0,,3996000000.0,,5200000000.0,,,,-9654000000.0,-331000000.0,8306000000.0,48770000000.0,875000000.0,44000000.0,91000000.0,,30000000.0,,,29000000.0,,,1268000000.0,,,,,,1056000000.0,,-181000000.0,-510000000.0,2125000000.0,,990000000.0,,
2017-09-30,5803000000.0,,,,452000000.0,4712000000.0,1091000000.0,,1013000000.0,126000000.0,487000000.0,0.59,0.59,826779000.0,829368000.0,1172000000.0,,,144000000.0,,,194000000.0,2293000000.0,,27709000000.0,,,630000000.0,46120000000.0,773000000.0,1079000000.0,,2354000000.0,,5211000000.0,,,,-9872000000.0,-331000000.0,8109000000.0,46120000000.0,1308000000.0,61000000.0,99000000.0,,23000000.0,,,47000000.0,,,1837000000.0,,,,,,1700000000.0,,-236000000.0,1056000000.0,2130000000.0,,-1891000000.0,1002000000.0,
2017-12-31,8031000000.0,,,,608000000.0,7127000000.0,904000000.0,,535000000.0,-1974000000.0,2174000000.0,2.63,2.62,826177000.0,828518000.0,899000000.0,,,113000000.0,437000000.0,,191000000.0,2179000000.0,,28211000000.0,,,619000000.0,46352000000.0,978000000.0,1167000000.0,361000000.0,2646000000.0,,3147000000.0,,,,-8434000000.0,-238000000.0,9656000000.0,46352000000.0,1736000000.0,78000000.0,-2012000000.0,,-8000000.0,,,118000000.0,,,2556000000.0,,,,,0.0,2814000000.0,,17000000.0,633000000.0,2131000000.0,,-2460000000.0,729000000.0,28000000.0
2018-03-31,2073000000.0,,,,132000000.0,1597000000.0,491000000.0,,325000000.0,55000000.0,152000000.0,0.18,0.18,827509000.0,830197000.0,1292000000.0,,,160000000.0,,,204000000.0,2399000000.0,,28847000000.0,,,649000000.0,47052000000.0,776000000.0,887000000.0,,2164000000.0,,3196000000.0,,,,-8587000000.0,-294000000.0,9473000000.0,47052000000.0,431000000.0,14000000.0,73000000.0,,40000000.0,,,-197000000.0,,,694000000.0,,,,,,957000000.0,,9000000.0,-798000000.0,10000000.0,,497000000.0,393000000.0,
2018-06-30,4143000000.0,,,,262000000.0,3278000000.0,901000000.0,,646000000.0,107000000.0,287000000.0,0.35,0.35,827868000.0,830151000.0,275000000.0,,,153000000.0,,,269000000.0,1541000000.0,,28953000000.0,,,664000000.0,46374000000.0,893000000.0,1063000000.0,,1958000000.0,,3267000000.0,,,,-8735000000.0,-293000000.0,9345000000.0,46374000000.0,865000000.0,30000000.0,142000000.0,,33000000.0,,,-70000000.0,,,1585000000.0,,,,,,1890000000.0,,30000000.0,-1669000000.0,11000000.0,,-540000000.0,-624000000.0,
2018-09-30,6423000000.0,,,,436000000.0,5080000000.0,1402000000.0,,1036000000.0,297000000.0,416000000.0,0.47,0.46,1023587000.0,1026504000.0,42000000.0,,,153000000.0,,,242000000.0,1984000000.0,,28674000000.0,,,744000000.0,47153000000.0,739000000.0,1117000000.0,,2761000000.0,,1648000000.0,,,,-9018000000.0,-291000000.0,15610000000.0,47153000000.0,1290000000.0,43000000.0,351000000.0,,39000000.0,,,-76000000.0,,,2331000000.0,,,,,,2659000000.0,,-86000000.0,-2983000000.0,15000000.0,,-205000000.0,-857000000.0,
2018-12-31,8604000000.0,,,,569000000.0,7918000000.0,768000000.0,,331000000.0,138000000.0,-155000000.0,-0.16,-0.16,973626000.0,973626000.0,168000000.0,,,130000000.0,1118000000.0,,174000000.0,1464000000.0,,27504000000.0,,,746000000.0,45302000000.0,662000000.0,1102000000.0,244000000.0,1811000000.0,,1524000000.0,,,,-10002000000.0,-270000000.0,14660000000.0,45302000000.0,1725000000.0,55000000.0,220000000.0,,16000000.0,,,-93000000.0,,,3293000000.0,,,,,,3171000000.0,,37000000.0,-2725000000.0,15000000.0,,-1299000000.0,-731000000.0,11000000.0
2019-03-31,2034000000.0,,,,128000000.0,1493000000.0,561000000.0,,283000000.0,69000000.0,195000000.0,0.16,0.16,1211489000.0,1213592000.0,43000000.0,,,129000000.0,,,186000000.0,1287000000.0,,29081000000.0,,,962000000.0,45970000000.0,620000000.0,974000000.0,,4169000000.0,,1601000000.0,,,,-10270000000.0,-267000000.0,14406000000.0,45970000000.0,416000000.0,14000000.0,75000000.0,,-1000000.0,,,-39000000.0,,,775000000.0,,,,,727000000.0,422000000.0,,16000000.0,-1258000000.0,6000000.0,,358000000.0,-125000000.0,
2019-06-30,4055000000.0,,,,280000000.0,3036000000.0,1059000000.0,,705000000.0,167000000.0,505000000.0,0.42,0.41,1212045000.0,1214065000.0,806000000.0,,,134000000.0,,,209000000.0,2028000000.0,,29131000000.0,,,966000000.0,46509000000.0,627000000.0,1199000000.0,,3389000000.0,,1567000000.0,,,,-10423000000.0,-265000000.0,13848000000.0,46509000000.0,840000000.0,30000000.0,182000000.0,,-4000000.0,,,-98000000.0,,,1844000000.0,,,,,727000000.0,919000000.0,,24000000.0,-1424000000.0,6000000.0,,218000000.0,638000000.0,
2019-09-30,6040000000.0,,,,410000000.0,4407000000.0,1687000000.0,,1024000000.0,244000000.0,726000000.0,0.6,0.6,1212270000.0,1214165000.0,247000000.0,,,129000000.0,,,183000000.0,1434000000.0,,29613000000.0,,,965000000.0,46281000000.0,602000000.0,1184000000.0,,3324000000.0,,,,,,-10664000000.0,-266000000.0,13621000000.0,46281000000.0,1275000000.0,44000000.0,268000000.0,,-7000000.0,,,-76000000.0,,,2702000000.0,,,,,728000000.0,1705000000.0,,28000000.0,-2344000000.0,10000000.0,,-279000000.0,79000000.0,
2019-12-31,8140000000.0,,,,558000000.0,6280000000.0,1921000000.0,,1064000000.0,335000000.0,850000000.0,0.7,0.7,1212037000.0,1214011000.0,289000000.0,,,125000000.0,1632000000.0,,170000000.0,1580000000.0,,29200000000.0,188000000.0,,1066000000.0,46040000000.0,552000000.0,1276000000.0,158000000.0,3968000000.0,,,,,,-11002000000.0,-199000000.0,13363000000.0,46040000000.0,1714000000.0,57000000.0,379000000.0,,-5000000.0,,,-46000000.0,,,3693000000.0,,,,,728000000.0,2911000000.0,,32000000.0,-2827000000.0,10000000.0,,-745000000.0,121000000.0,
2020-03-31,1898000000.0,,,,113000000.0,1482000000.0,431000000.0,,-774000000.0,-204000000.0,-517000000.0,-0.43,-0.43,1213019000.0,1213019000.0,400000000.0,,,105000000.0,,,130000000.0,1565000000.0,,29141000000.0,,,1056000000.0,44629000000.0,359000000.0,1129000000.0,,2116000000.0,,,,,,-12013000000.0,-205000000.0,12354000000.0,44629000000.0,429000000.0,9000000.0,-177000000.0,,-19000000.0,,,-155000000.0,,,787000000.0,,,,,0.0,306000000.0,,4000000.0,-329000000.0,6000000.0,,-347000000.0,111000000.0,
2020-06-30,3664000000.0,,,,240000000.0,2651000000.0,1043000000.0,,432000000.0,117000000.0,303000000.0,0.25,0.25,1213601000.0,1214581000.0,1133000000.0,,,134000000.0,,,164000000.0,2338000000.0,,29137000000.0,,,1104000000.0,45343000000.0,769000000.0,1043000000.0,,2438000000.0,,,,,,-12197000000.0,-176000000.0,12212000000.0,45343000000.0,859000000.0,24000000.0,118000000.0,,9000000.0,,,236000000.0,,,1930000000.0,,,,,0.0,613000000.0,,-6000000.0,-670000000.0,6000000.0,,-416000000.0,844000000.0,
2020-09-30,5582000000.0,,,,354000000.0,3943000000.0,1684000000.0,,434000000.0,111000000.0,309000000.0,0.25,0.25,1213912000.0,1215335000.0,70000000.0,,,157000000.0,,,165000000.0,1403000000.0,,29107000000.0,,,1103000000.0,44320000000.0,464000000.0,965000000.0,,1861000000.0,,,,,,-12376000000.0,-160000000.0,12065000000.0,44320000000.0,1285000000.0,39000000.0,111000000.0,,33000000.0,,,-77000000.0,,,2382000000.0,,,,,0.0,938000000.0,,-9000000.0,-1082000000.0,9000000.0,,-1519000000.0,-219000000.0,
2020-12-31,7653000000.0,,,,466000000.0,5517000000.0,2202000000.0,,277000000.0,79000000.0,211000000.0,0.17,0.17,1213631000.0,1215165000.0,142000000.0,,,136000000.0,2052000000.0,,152000000.0,1429000000.0,,28929000000.0,,,1204000000.0,44165000000.0,482000000.0,944000000.0,129000000.0,2319000000.0,,,,,,-12748000000.0,-96000000.0,11769000000.0,44165000000.0,1721000000.0,52000000.0,108000000.0,,11000000.0,,,-7000000.0,,,3496000000.0,,,,,0.0,1283000000.0,,-5000000.0,-1558000000.0,9000000.0,,-2085000000.0,-147000000.0,
2021-03-31,2629000000.0,,,,123000000.0,1873000000.0,739000000.0,,576000000.0,141000000.0,426000000.0,0.35,0.35,1214646000.0,1217211000.0,1126000000.0,,,144000000.0,,,169000000.0,2497000000.0,,29076000000.0,,,1198000000.0,45262000000.0,538000000.0,855000000.0,,3535000000.0,,,,,,-12825000000.0,-100000000.0,11702000000.0,45262000000.0,438000000.0,20000000.0,144000000.0,,8000000.0,,,38000000.0,,,915000000.0,,,,,,260000000.0,,1000000.0,-257000000.0,3000000.0,,326000000.0,984000000.0,
2021-06-30,4899000000.0,,,,237000000.0,3556000000.0,1339000000.0,,1017000000.0,260000000.0,730000000.0,0.6,0.6,1215250000.0,1217476000.0,1201000000.0,,,194000000.0,,,231000000.0,2625000000.0,,29299000000.0,,,1182000000.0,45507000000.0,611000000.0,1005000000.0,,3759000000.0,,,,,,-13022000000.0,-110000000.0,11512000000.0,45507000000.0,901000000.0,39000000.0,262000000.0,,58000000.0,,,94000000.0,,,1972000000.0,,,,,,685000000.0,,3000000.0,-700000000.0,3000000.0,,-213000000.0,1059000000.0,
2021-09-30,8647000000.0,,,,389000000.0,5676000000.0,1694000000.0,,1243000000.0,313000000.0,895000000.0,0.74,0.73,1215434000.0,1217979000.0,214000000.0,,,368000000.0,,,317000000.0,2885000000.0,,29314000000.0,,,1220000000.0,45985000000.0,1674000000.0,1242000000.0,,4940000000.0,,,,,,-13361000000.0,-109000000.0,11198000000.0,45985000000.0,1388000000.0,60000000.0,313000000.0,,112000000.0,,,570000000.0,,,2806000000.0,,,,,126000000.0,957000000.0,,-2000000.0,-1108000000.0,6000000.0,,-1626000000.0,72000000.0,
2021-12-31,12784000000.0,,,,558000000.0,7996000000.0,2631000000.0,,2073000000.0,511000000.0,1517000000.0,1.25,1.24,1215221000.0,1218215000.0,1680000000.0,,,379000000.0,2147000000.0,,211000000.0,4549000000.0,,29258000000.0,,,1276000000.0,47612000000.0,1746000000.0,1201000000.0,134000000.0,4972000000.0,,,,,,-13237000000.0,-33000000.0,11423000000.0,47612000000.0,1842000000.0,81000000.0,509000000.0,,124000000.0,,,643000000.0,,,3945000000.0,,,,,151000000.0,1855000000.0,,5000000.0,-1465000000.0,9000000.0,,-942000000.0,1538000000.0,
2022-03-31,4102000000.0,,,,154000000.0,1870000000.0,654000000.0,,510000000.0,118000000.0,380000000.0,0.31,0.31,1216940000.0,1221279000.0,604000000.0,,,201000000.0,,,272000000.0,3154000000.0,,29186000000.0,,,1324000000.0,46049000000.0,1584000000.0,1099000000.0,,4308000000.0,,,,,,-13378000000.0,-28000000.0,11316000000.0,46049000000.0,498000000.0,21000000.0,115000000.0,,-178000000.0,,,-138000000.0,,,1082000000.0,,,,,,291000000.0,,4000000.0,-360000000.0,37000000.0,,-1798000000.0,-1076000000.0,
2022-06-30,8681000000.0,,,,314000000.0,3888000000.0,1126000000.0,,872000000.0,73000000.0,780000000.0,0.64,0.64,1218678000.0,1222694000.0,133000000.0,,,371000000.0,,,219000000.0,3787000000.0,,29660000000.0,,,1359000000.0,47555000000.0,2496000000.0,1427000000.0,,5838000000.0,,,,,,-13498000000.0,-23000000.0,11226000000.0,47555000000.0,1004000000.0,36000000.0,90000000.0,,-1000000.0,,,690000000.0,,,2180000000.0,,,,,933000000.0,606000000.0,,8000000.0,-1652000000.0,48000000.0,,-2075000000.0,-1547000000.0,
2022-09-30,13648000000.0,,,,477000000.0,6089000000.0,1946000000.0,,1589000000.0,169000000.0,1380000000.0,1.13,1.13,1218964000.0,1222472000.0,859000000.0,,,447000000.0,,,272000000.0,4438000000.0,,30338000000.0,,,1337000000.0,48672000000.0,2613000000.0,1527000000.0,,5017000000.0,,,,,,-13419000000.0,-27000000.0,11319000000.0,48672000000.0,1504000000.0,58000000.0,182000000.0,,76000000.0,,,743000000.0,,,3670000000.0,,,,,933000000.0,1447000000.0,,4000000.0,-2535000000.0,53000000.0,,-1956000000.0,-821000000.0,
2022-12-31,17773000000.0,,,,636000000.0,7947000000.0,3018000000.0,,2542000000.0,425000000.0,2049000000.0,1.68,1.67,1218362000.0,1222672000.0,152000000.0,,,320000000.0,2206000000.0,,279000000.0,3797000000.0,,30889000000.0,,,1319000000.0,48433000000.0,2327000000.0,1270000000.0,141000000.0,4890000000.0,,,,,,-13271000000.0,-24000000.0,11485000000.0,48433000000.0,2009000000.0,73000000.0,431000000.0,,110000000.0,,,410000000.0,,,4889000000.0,,,,,933000000.0,3598000000.0,,5000000.0,-3375000000.0,54000000.0,,-3042000000.0,-1528000000.0,
2023-03-31,3119000000.0,,,,176000000.0,1721000000.0,1360000000.0,,1241000000.0,284000000.0,927000000.0,0.76,0.76,1219465000.0,1225781000.0,477000000.0,,,244000000.0,,,269000000.0,2757000000.0,,32095000000.0,,,1357000000.0,48936000000.0,1258000000.0,955000000.0,,4020000000.0,,,,,,-12895000000.0,-3000000.0,11785000000.0,48936000000.0,506000000.0,17000000.0,283000000.0,,-27000000.0,,,-1017000000.0,,,1514000000.0,,,,,1056000000.0,545000000.0,,3000000.0,-1639000000.0,3000000.0,,450000000.0,325000000.0,
2023-06-30,5914000000.0,,,,337000000.0,3334000000.0,2230000000.0,,1997000000.0,459000000.0,1387000000.0,1.14,1.13,1218564000.0,1223429000.0,551000000.0,,,259000000.0,,,234000000.0,2639000000.0,,32346000000.0,,,1421000000.0,49025000000.0,1146000000.0,1218000000.0,,5384000000.0,,,,,,-12982000000.0,12000000.0,11679000000.0,49025000000.0,1021000000.0,40000000.0,455000000.0,,-41000000.0,,,-1220000000.0,,,2891000000.0,,,,,1053000000.0,1155000000.0,,8000000.0,-2288000000.0,4000000.0,,-204000000.0,399000000.0,
2023-09-30,8975000000.0,,,,483000000.0,4899000000.0,3224000000.0,,2858000000.0,635000000.0,2041000000.0,1.67,1.67,1218021000.0,1222650000.0,2074000000.0,,,266000000.0,,,254000000.0,4256000000.0,,32628000000.0,,,1447000000.0,50788000000.0,1358000000.0,1166000000.0,,5526000000.0,,,,,,-12876000000.0,48000000.0,11845000000.0,50788000000.0,1542000000.0,59000000.0,614000000.0,,-29000000.0,,,-1072000000.0,,,4125000000.0,,,,,1024000000.0,1845000000.0,,17000000.0,-2631000000.0,8000000.0,,428000000.0,1922000000.0,
2023-12-31,11996000000.0,,,,665000000.0,6596000000.0,4311000000.0,,4405000000.0,1005000000.0,3179000000.0,2.61,2.6,1217784000.0,1222715000.0,,,,274000000.0,1581000000.0,,195000000.0,4513000000.0,,34311000000.0,463000000.0,,1573000000.0,52627000000.0,1379000000.0,1284000000.0,159000000.0,5830000000.0,,,,,,-12287000000.0,0.0,12402000000.0,52627000000.0,2071000000.0,77000000.0,981000000.0,,-13000000.0,,,-1009000000.0,,,5938000000.0,,,,,1568000000.0,4313000000.0,,-39000000.0,-3891000000.0,6000000.0,,-49000000.0,1998000000.0,
2024-03-31,3339000000.0,,,,186000000.0,1759000000.0,1012000000.0,,855000000.0,193000000.0,632000000.0,0.52,0.52,1218155000.0,1222222000.0,,,,239000000.0,,,176000000.0,2610000000.0,,36451000000.0,,,1551000000.0,52747000000.0,1042000000.0,1077000000.0,,4981000000.0,,,,,,-12238000000.0,10000000.0,12449000000.0,52747000000.0,548000000.0,24000000.0,152000000.0,,-34000000.0,,,-309000000.0,,,1234000000.0,,,,,1851000000.0,544000000.0,,-6000000.0,-2436000000.0,5000000.0,,-281000000.0,-1483000000.0,
2024-06-30,6186000000.0,,,,350000000.0,3399000000.0,1708000000.0,,1410000000.0,322000000.0,1033000000.0,0.85,0.84,1219367000.0,1222236000.0,,,,274000000.0,,,170000000.0,2115000000.0,,36702000000.0,,,1578000000.0,52409000000.0,1192000000.0,1229000000.0,,4696000000.0,,,,,,-12419000000.0,13000000.0,12296000000.0,52409000000.0,1088000000.0,48000000.0,258000000.0,,3000000.0,,,-219000000.0,,,2513000000.0,,,,,1844000000.0,1123000000.0,,-20000000.0,-3056000000.0,5000000.0,,-1552000000.0,-2095000000.0,
2024-09-30,9221000000.0,,,,520000000.0,5214000000.0,2546000000.0,,2378000000.0,549000000.0,1739000000.0,1.43,1.42,1219537000.0,1222869000.0,,,,275000000.0,,,208000000.0,2698000000.0,,37974000000.0,,,1659000000.0,53837000000.0,1137000000.0,1203000000.0,,4719000000.0,,,,,,-12296000000.0,0.0,12428000000.0,53837000000.0,1654000000.0,69000000.0,467000000.0,,6000000.0,,,-317000000.0,,,3756000000.0,,,,,1995000000.0,1805000000.0,,-20000000.0,-3793000000.0,8000000.0,,-1351000000.0,-1388000000.0,
,,,,,,,,,,,,,,,,,,,,,,,,,,,,,,,,,,,,,,,,,,,,,,,,,,,,,,,,,,,,,,,,,,,
