Date,Net sales,Cost of sales,Gross margin,Research and development,"Selling, general and administrative",Total operating expenses,Operating income,"Other income/(expense), net",Income before provision for income taxes,Provision for income taxes,Net income,Earnings per share basic,Earnings per share diluted,Weighted-average basic,Weighted-average diluted,Cash and cash equivalents,Short-term marketable securities,"Accounts receivable, net",Inventories,Deferred tax assets,Vendor non-trade receivables,Other current assets,Total current assets,Long-term marketable securities,"Property, Plant and Equipment, Net",Goodwill,"Acquired intangible assets, net","Other Assets, Noncurrent",Total assets,accounts payable,Accrued expenses,Deferred revenue,Total current liabilities,Deferred revenue - non-current,deferred tax liabilities,long term taxes payable,Total other non-current liabilities,Total liabilities,Retained Earnings (Accumulated Deficit),Accumulated other comprehensive (loss)/income,Total shareholders equity,Total liabilities and shareholders' equity,"Depreciation, amortization and accretion",Stock-based compensation expense,Deferred income tax expense,"Increase (Decrease) in Accounts receivable, net",Increase (Decrease) in Inventories,Increase (Decrease) in Other Receivables,Increase (Decrease) in Other Operating Assets,Increase (Decrease) in Accounts Payable,Increase (Decrease) in Deferred Revenue,Increase (Decrease) Other liabilities,Cash generated by operating activities,Purchases of marketable securities,Proceeds from maturities of marketable securities,Proceeds from sales of marketable securities,Purchases of other long-term investments,"Business acquisitions, net of cash acquired",Cash payments for capital asset purchases,Payments for acquisition of intangible assets,Payments for (Proceeds from) Other Investing Activities,Cash used in investing activities,Proceeds from issuance of common stock,Excess tax benefits from stock-based compensation,Cash generated/used in financing activities,Increase/(decrease) in cash and cash equivalents,"Cash paid for income taxes, net"
2010-06-30,2316615000.0,,,,,,,,,77409000.0,228817000.0,1.5,1.44,,,781463000.0,,,,117228000.0,,,,,245003000.0,107132000.0,,,17416926000.0,,,,,,,,,13728116000.0,3994366000.0,256386000.0,3682362000.0,17416926000.0,,12367000.0,,,,,12191000.0,,,-76636000.0,186670000.0,,,,,,20307000.0,,,355469000.0,,,-265871000.0,266033000.0,
2010-09-30,3492727000.0,,,,,,,,,105040000.0,322436000.0,2.14,2.05,,,922198000.0,,,,46246000.0,,,,,251612000.0,107131000.0,,,17812851000.0,,,,,,,,,13978750000.0,4077797000.0,396894000.0,3827392000.0,17812851000.0,,20357000.0,,,,,19716000.0,,,-34425000.0,390717000.0,,,,,,36688000.0,,,221481000.0,,,-204930000.0,406768000.0,
2010-12-31,4724069000.0,,,,,,,,,153739000.0,449287000.0,3.02,2.9,,,642952000.0,,,,65492000.0,,,,,254720000.0,90581000.0,,,17528547000.0,,,,,,,,,13818691000.0,4194684000.0,276563000.0,3702876000.0,17528547000.0,,27407000.0,,,,,30797000.0,,,58224000.0,451316000.0,,,,,,49605000.0,,,37347000.0,,,-359075000.0,127522000.0,
2011-03-31,1234351000.0,,,,,,,,,44000000.0,116487000.0,0.83,0.79,,,630151000.0,,,,76167000.0,,,,,256973000.0,90581000.0,,,17983511000.0,,,,,,,,,14184534000.0,4301258000.0,263176000.0,3791784000.0,17983511000.0,,6468000.0,,,,,-13259000.0,,,-97246000.0,55443000.0,,,,,11060000.0,11884000.0,,,-75028000.0,,,12957000.0,-12801000.0,
2011-06-30,2505300000.0,,,,,,,,,71309000.0,199569000.0,1.41,1.35,141637000.0,147677000.0,794881000.0,,,,14957000.0,,,,,254792000.0,90581000.0,,,18195124000.0,,,,,,,,,14275052000.0,4372978000.0,340743000.0,3912807000.0,18195124000.0,,13026000.0,,,,,-11205000.0,,,-93585000.0,216392000.0,,,,,8579000.0,18679000.0,,,-34372000.0,,,-43956000.0,151929000.0,37516000.0
2011-12-31,5155984000.0,,,,,,,,,123550000.0,394803000.0,2.83,2.71,139688000.0,145672000.0,911742000.0,,,,-31623000.0,,,,,262275000.0,90832000.0,29000000.0,,18487731000.0,,,,,,,,,14471779000.0,4546232000.0,354851000.0,4008426000.0,18487731000.0,,27175000.0,41119000.0,,,,,,,10269000.0,670279000.0,,,,,261992000.0,45320000.0,,,-204274000.0,,,-195213000.0,268790000.0,48000000.0
2012-03-31,1378705000.0,,,,,,,,,52071000.0,135318000.0,0.98,0.94,137814000.0,143411000.0,1082407000.0,,,,-1701000.0,,,,,268229000.0,90172000.0,,,19133632000.0,,,,,,,,,14998177000.0,4615439000.0,393259000.0,4126916000.0,19133632000.0,,7447000.0,,,,,,,,-36928000.0,73762000.0,,,,,0.0,15055000.0,,,-278594000.0,,,366505000.0,170665000.0,3249000.0
2012-06-30,2794452000.0,,,,,,,,,91606000.0,244156000.0,1.77,1.7,138181000.0,143528000.0,1012220000.0,,,,-31665000.0,,,,,264413000.0,87865000.0,,,19462106000.0,,,,,,,,,15245264000.0,4711836000.0,416355000.0,4207784000.0,19462106000.0,,15827000.0,,,,,,,,12225000.0,312411000.0,,,,,0.0,20376000.0,,,-514979000.0,,,328932000.0,100478000.0,68118000.0
2012-09-30,4214953000.0,,,,,,,,,124291000.0,345103000.0,2.51,2.41,137512000.0,142941000.0,1189564000.0,,,,-69968000.0,,,,,258368000.0,87865000.0,,,19932912000.0,,,,,,,,,15599065000.0,4800537000.0,508152000.0,4324401000.0,19932912000.0,,21070000.0,,,,,,,,-13945000.0,453349000.0,,,,,0.0,22319000.0,,,-413283000.0,,,243015000.0,277822000.0,114343000.0
2012-12-31,5823554000.0,,,,,,,,,191285000.0,510592000.0,3.72,3.56,137097000.0,143315000.0,905670000.0,,,,-60255000.0,,,,,267227000.0,87865000.0,31000000.0,,20155896000.0,,,,,,,,,15820430000.0,4817807000.0,465631000.0,4306217000.0,20155896000.0,,26763000.0,11917000.0,,,,,,,107928000.0,675458000.0,,,,,42779000.0,40556000.0,,,-775068000.0,,,97192000.0,-6072000.0,133000000.0
2013-03-31,1506769000.0,,,,,,,,,43625000.0,116615000.0,0.86,0.83,136025000.0,141223000.0,945492000.0,,,,-104810000.0,,,,,271012000.0,107529000.0,,,20120634000.0,,,,,,,,,15710004000.0,4922178000.0,428592000.0,4378541000.0,20120634000.0,,4989000.0,,,,,,,,-148321000.0,115112000.0,,,,,38556000.0,13042000.0,,,143432000.0,,,-198642000.0,39822000.0,23850000.0
2013-06-30,3077731000.0,,,,,,,,318929000.0,87204000.0,232572000.0,1.71,1.65,135959000.0,141274000.0,658839000.0,,,,67666000.0,,,,,291831000.0,112741000.0,,,20211542000.0,,,,,,,,,15945887000.0,5024565000.0,210225000.0,4238604000.0,20211542000.0,,12395000.0,,,,,,,,-76786000.0,313932000.0,2214201000.0,1561236000.0,555694000.0,,38556000.0,43446000.0,,,-371663000.0,,,-150655000.0,-246831000.0,137618000.0
2013-09-30,4711855000.0,,,,,,,,517162000.0,147249000.0,369546000.0,2.72,2.62,135726000.0,141095000.0,966326000.0,,,,63630000.0,,,,,336515000.0,113169000.0,,,20523719000.0,,,,,,,,,16128421000.0,5148017000.0,217479000.0,4367074000.0,20523719000.0,,18163000.0,,,,,,,,6942000.0,626695000.0,3198204000.0,2244665000.0,891357000.0,,38556000.0,49425000.0,,,-376005000.0,,,-185542000.0,60656000.0,176632000.0
2013-12-31,6408534000.0,,,,,,,,698888000.0,193587000.0,499925000.0,3.69,3.55,135304752.0,140742922.0,839738000.0,,,,20120000.0,,,,,339448000.0,110146000.0,,,20551796000.0,,,,,,,,,16182402000.0,5265015000.0,189391000.0,4336035000.0,20551796000.0,,23784000.0,54423000.0,,,,,,,-2826000.0,819798000.0,4198135000.0,2718156000.0,1344707000.0,,56878000.0,63150000.0,,,-545364000.0,,,-330262000.0,-65932000.0,
2014-03-31,1706906000.0,,,,,,,,247585000.0,77901000.0,169673000.0,1.31,1.25,129873000.0,135429000.0,643575000.0,,,,0.0,,,,,337982000.0,110242000.0,,,20704267000.0,,,,,,,,,16293409000.0,5421913000.0,258883000.0,4375944000.0,20704267000.0,,6187000.0,,,,,,,,-190577000.0,143164000.0,1131612000.0,546838000.0,328371000.0,,97000.0,9862000.0,,,-133995000.0,,,-203891000.0,-196163000.0,7490000.0
2014-06-30,3503895000.0,,,,,,,,511039000.0,161178000.0,349634000.0,2.72,2.6,128765000.0,134323000.0,842671000.0,,,,0.0,,,,,335741000.0,103565000.0,,,21167194000.0,,,,,,,,,16512636000.0,5587824000.0,333899000.0,4619713000.0,21167194000.0,,13615000.0,,,,,,,,-150056000.0,254623000.0,2034009000.0,1214221000.0,513281000.0,,-15548000.0,22555000.0,,,-41388000.0,,,-217673000.0,2933000.0,152439000.0
2014-09-30,5344500000.0,,,,,,,,789492000.0,250840000.0,538173000.0,4.2,4.02,128225000.0,133886000.0,1342285000.0,,,,0.0,,,,,333938000.0,103337000.0,,,22097597000.0,,,,,,,,,17354123000.0,5762406000.0,273545000.0,4708903000.0,22097597000.0,,21549000.0,,,,,,,,-143645000.0,574786000.0,3098477000.0,1887252000.0,546970000.0,,65423000.0,30797000.0,,,-218861000.0,,,153008000.0,502547000.0,238030000.0
2014-12-31,7128928000.0,,,,,,,,952196000.0,302593000.0,648884000.0,5.07,4.86,127873708.0,133651855.0,674441000.0,,,,0.0,,,,,332098000.0,150944000.0,,,21716691000.0,,,,,,,,,17092557000.0,5732410000.0,183550000.0,4589945000.0,21716691000.0,,28068000.0,31287000.0,,,,,,,-58254000.0,734847000.0,4292165000.0,2605839000.0,633459000.0,,65421000.0,41958000.0,,,-808311000.0,,,-69773000.0,-165297000.0,
2015-03-31,1744679000.0,,,,,,,,168717000.0,50273000.0,118307000.0,0.94,0.89,125969000.0,132484000.0,614695000.0,,,,0.0,,,,,327231000.0,150551000.0,,,21847052000.0,,,,,,,,,17234015000.0,5836968000.0,152058000.0,4578622000.0,21847052000.0,,8171000.0,,,,,,,,-243584000.0,61012000.0,1094439000.0,655349000.0,466276000.0,,0.0,7680000.0,,,5476000.0,,,-109389000.0,-59746000.0,4769000.0
2015-06-30,3534444000.0,,,,,,,,346904000.0,105411000.0,241342000.0,1.93,1.84,124869000.0,131228000.0,756368000.0,,,,29135000.0,,,,,332015000.0,150682000.0,,,21689809000.0,,,,,,,,,17153477000.0,5945305000.0,86055000.0,4502187000.0,21689809000.0,,14973000.0,,,,,,,,-170809000.0,332883000.0,2168400000.0,1534982000.0,794106000.0,,0.0,23504000.0,,,277442000.0,,,-518709000.0,81927000.0,54324000.0
2015-09-30,5395401000.0,,,,,,,,575824000.0,181595000.0,393949000.0,3.17,3.02,124294000.0,130563000.0,879934000.0,,,,2021000.0,,,,,336825000.0,153281000.0,,,21738566000.0,,,,,,,,,17121929000.0,6083120000.0,28111000.0,4583266000.0,21738566000.0,,24052000.0,,,,,,,,-147776000.0,620335000.0,3387648000.0,2727635000.0,765764000.0,,7156000.0,40262000.0,,,171074000.0,,,-547549000.0,205493000.0,96364000.0
2015-12-31,7206457000.0,,,,,,,,732030000.0,227923000.0,503694000.0,4.06,3.87,124040313.0,130188866.0,763631000.0,,,,451946000.0,,,,,348224000.0,153291000.0,,,21730967000.0,,,,,,,,,17097759000.0,6178070000.0,-66698000.0,4600246000.0,21730967000.0,,32123000.0,51091000.0,,,,,,,-63680000.0,881304000.0,4455223000.0,2999339000.0,1388680000.0,,7312000.0,63562000.0,,,-170763000.0,,,-555318000.0,89190000.0,
2016-03-31,1807211000.0,,,,,,,,174676000.0,54428000.0,119511000.0,0.97,0.93,122780000.0,128529000.0,837515000.0,,,,0.0,,,,,346471000.0,153747000.0,,,22230934000.0,,,,,,,,,17442878000.0,6282870000.0,8124000.0,4751213000.0,22230934000.0,,8766000.0,,,,,,,,-181969000.0,140768000.0,1032129000.0,455463000.0,381732000.0,,54313000.0,12461000.0,,,-105550000.0,,,27395000.0,73884000.0,5644000.0
2016-06-30,3663125000.0,,,,,,,,332990000.0,103837000.0,228477000.0,1.86,1.78,122698000.0,128575000.0,948710000.0,,,,0.0,,,,,346024000.0,154327000.0,,,23025863000.0,,,,,,,,,18086810000.0,6375893000.0,57282000.0,4902501000.0,23025863000.0,,17876000.0,,,,,,,,-109302000.0,332318000.0,2238683000.0,1191548000.0,716674000.0,,41213000.0,21224000.0,,,-429371000.0,,,281469000.0,185079000.0,86695000.0
2016-09-30,5682540000.0,,,,,,,,664605000.0,214789000.0,449127000.0,3.66,3.5,122652000.0,128556000.0,873064000.0,,,,0.0,,,,,348169000.0,134146000.0,,,23345656000.0,,,,,,,,,18383832000.0,6519536000.0,-9808000.0,4925765000.0,23345656000.0,,27033000.0,,,,,,,,-64608000.0,726510000.0,4280457000.0,2189365000.0,1074630000.0,,53524000.0,37895000.0,,,-801871000.0,,,184381000.0,109433000.0,99161000.0
2016-12-31,7654184000.0,,,,,,,,896438000.0,292953000.0,601916000.0,4.91,4.68,122650997.0,128552838.0,795285000.0,,,,471882000.0,,,,,349432000.0,144513000.0,,,23364844000.0,,,,,,,,,18283710000.0,6595987000.0,55568000.0,5047208000.0,23364844000.0,,37174000.0,9780000.0,,,,,,,46852000.0,848376000.0,5541202000.0,2189365000.0,2440310000.0,,53451000.0,50829000.0,,,-794488000.0,,,-6932000.0,31654000.0,
2017-03-31,1870418000.0,,,,,,,,184297000.0,59623000.0,123447000.0,1.01,0.96,121893000.0,128453000.0,608393000.0,,,,,,,,,356908000.0,144513000.0,,,23547414000.0,,,,,,,,,18328873000.0,6703675000.0,69491000.0,5179606000.0,23547414000.0,,10780000.0,,,,,,,,-177805000.0,75472000.0,1767208000.0,888423000.0,719969000.0,,71346000.0,12457000.0,,,-269755000.0,,,-2756000.0,-186892000.0,1610000.0
2017-06-30,3718467000.0,,,,,,,,345258000.0,111011000.0,232451000.0,1.88,1.81,125334000.0,128601000.0,788354000.0,,,,,,,,,424984000.0,144913000.0,,,23993491000.0,,,,,,,,,18667542000.0,6735066000.0,133302000.0,5286518000.0,23993491000.0,,22508000.0,,,,,,,,-18267000.0,224858000.0,3164892000.0,888423000.0,2069718000.0,,71346000.0,89715000.0,,,-224314000.0,,,-18493000.0,-6931000.0,145123000.0
2017-09-30,5749808000.0,,,,,,,,571370000.0,174305000.0,394505000.0,3.17,3.05,125818000.0,129289000.0,773997000.0,,,,,,,,,399924000.0,173422000.0,,,24336076000.0,,,,,,,,,18865427000.0,6880062000.0,153759000.0,5430536000.0,24336076000.0,,31883000.0,,,,,,,,-32258000.0,521858000.0,6530466000.0,2860678000.0,3081619000.0,,70570000.0,74268000.0,,,-434077000.0,,,-127372000.0,-21288000.0,182487000.0
2017-12-31,7684764000.0,,,,,,,,772770000.0,219433000.0,549094000.0,4.4,4.26,124843240.0,129017613.0,950471000.0,,,,314071000.0,,,,,422960000.0,178945000.0,,,24299917000.0,,,,,,,,,18848754000.0,6956882000.0,68541000.0,5411344000.0,24299917000.0,,40490000.0,-15064000.0,,,,,,,66482000.0,710883000.0,7940957000.0,3556744000.0,4035162000.0,,70570000.0,115719000.0,,,-333464000.0,,,-235086000.0,155186000.0,
2018-03-31,1891247000.0,,,,,,,,210990000.0,43417000.0,166396000.0,1.32,1.3,126375000.0,128125000.0,956603000.0,,,,,,,,,424751000.0,178945000.0,,,24587832000.0,,,,,,,,,19095652000.0,7322201000.0,-258982000.0,5451776000.0,24587832000.0,,9434000.0,,,,,,,,-243221000.0,-20035000.0,2085683000.0,97911000.0,2004008000.0,,0.0,14102000.0,,,-131484000.0,,,157410000.0,6132000.0,0.0
2018-06-30,3802163000.0,,,,,,,,440232000.0,91881000.0,346472000.0,2.74,2.7,126517000.0,128339000.0,911202000.0,,,,576000.0,,,,,427619000.0,178975000.0,,,24621144000.0,,,,,,,,,19155516000.0,7423162000.0,-395842000.0,5426118000.0,24621144000.0,,19722000.0,,,,,,,,-140904000.0,119362000.0,4062901000.0,1305805000.0,2773554000.0,,6637000.0,29704000.0,,,-216424000.0,,,114380000.0,-39269000.0,111000000.0
2018-09-30,5740066000.0,,,,,,,,649455000.0,136661000.0,508392000.0,4.02,3.96,126827000.0,128561000.0,819366000.0,,,,37196000.0,,,,,424754000.0,171095000.0,,,24855649000.0,,,,,,,,,19376616000.0,7505706000.0,-474938000.0,5437848000.0,24855649000.0,,28528000.0,,,,,,,,-103832000.0,342524000.0,5187501000.0,1957724000.0,2841642000.0,,6637000.0,35582000.0,,443000.0,-526463000.0,,,91714000.0,-131105000.0,173000000.0
2018-12-31,7691651000.0,,,,,,,,812094000.0,163028000.0,640749000.0,5.06,5.0,126698927.0,128263558.0,817602000.0,,,,35490000.0,,,,,416372000.0,173037000.0,,,24895977000.0,,,,,,,,,19416179000.0,7558619000.0,-510470000.0,5437851000.0,24895977000.0,,36591000.0,-39647000.0,,,,,,,-48770000.0,620199000.0,6677753000.0,2676455000.0,3525149000.0,,6637000.0,49860000.0,,,-714244000.0,,,-7403000.0,-132869000.0,
2019-03-31,1937022000.0,,,,,,,,229439000.0,47825000.0,180722000.0,0.95,0.94,190400000.0,192669000.0,937428000.0,,,,0.0,,,,,406841000.0,173037000.0,,,25585260000.0,,,,,,,,,19782464000.0,7721039000.0,-364983000.0,5759952000.0,25585260000.0,,14828000.0,,,,,,,,-154409000.0,78330000.0,1528267000.0,686795000.0,973626000.0,,,3299000.0,,,41791000.0,,,-976000.0,119826000.0,0.0
2019-06-30,3960406000.0,,,,,,,,503175000.0,104134000.0,397431000.0,2.09,2.06,190512000.0,193059000.0,1258174000.0,,,,0.0,,,,,398885000.0,173037000.0,,,26487903000.0,,,,,,,,,20467825000.0,7826015000.0,-260796000.0,5976760000.0,26487903000.0,,27340000.0,,,,,,,,-107416000.0,402646000.0,2633251000.0,1490772000.0,1320079000.0,,0.0,10804000.0,,,62617000.0,,,-23850000.0,440572000.0,82800000.0
2019-09-30,5926122000.0,,,,,,,,706157000.0,141965000.0,562638000.0,2.95,2.91,190862000.0,193589000.0,812550000.0,,,,0.0,,,,,416966000.0,169652000.0,,,26218511000.0,,,,,,,,,20119068000.0,7971019000.0,-322100000.0,6056296000.0,26218511000.0,,38440000.0,,,,,,,,-18104000.0,795044000.0,3853108000.0,2278264000.0,1341688000.0,,0.0,1802000.0,,-45000.0,-191950000.0,,,-599194000.0,-5052000.0,127282000.0
2019-12-31,7902196000.0,,,,,,,,852920000.0,168935000.0,681944000.0,3.58,3.52,190722.0,193521.0,1023710000.0,,,,392477000.0,,,,,422091000.0,169652000.0,,,26643428000.0,,,,,,,,,20525086000.0,7932372000.0,-257299000.0,6074939000.0,26643428000.0,,49274000.0,35674000.0,,,,,,,-19506000.0,1143793000.0,5352886000.0,2933980000.0,2093271000.0,,0.0,60457000.0,,,-424871000.0,,,-513193000.0,206108000.0,
2020-03-31,1810610000.0,,,,,,,,-6468000.0,-2942000.0,-4418000.0,-0.02,-0.02,190287000.0,190287000.0,965012000.0,,,,,,,,,422012000.0,169652000.0,,,26089929000.0,,,,,,,,,20552385000.0,7877371000.0,-589521000.0,5493475000.0,26089929000.0,,11683000.0,,,,,,,,-204878000.0,152570000.0,2598076000.0,1055722000.0,1574232000.0,,,,,-86000.0,30822000.0,,,-221956000.0,-58698000.0,0.0
2020-06-30,3746635000.0,,,,,,,,105449000.0,33793000.0,71260000.0,0.38,0.38,188133000.0,190078000.0,2430826000.0,,,,,,,,,414335000.0,169652000.0,,,27323292000.0,,,,,,,,,21477901000.0,7927280000.0,-249350000.0,5801116000.0,27323292000.0,,25731000.0,,,,,,,,-108060000.0,579851000.0,4189664000.0,1859392000.0,3194333000.0,,,,,-85000.0,886308000.0,,,-47175000.0,1407116000.0,0.0
2020-09-30,5786454000.0,,,,,,,,305395000.0,84900000.0,218520000.0,1.17,1.15,187338000.0,189515000.0,2571447000.0,,,,,,,,,410228000.0,169652000.0,,,28212370000.0,,,,,,,,,22172698000.0,8057556000.0,-170886000.0,5995112000.0,28212370000.0,,37842000.0,,,,,,,,-41713000.0,1136945000.0,6074429000.0,2876642000.0,3525926000.0,,,,,-65000.0,365460000.0,,,51800000.0,1547737000.0,96000000.0
2020-12-31,8098925000.0,,,,,,,,704802000.0,171817000.0,530670000.0,2.84,2.81,186924.0,188763.0,2372366000.0,,,,413705000.0,,,,,405930000.0,169652000.0,,,28606913000.0,,,,,,,,,22281116000.0,8348381000.0,-62172000.0,6310802000.0,28606913000.0,,49658000.0,-13863000.0,,,,,,,43039000.0,1616686000.0,7551591000.0,3864327000.0,3832555000.0,,0.0,,,,119696000.0,,,-397843000.0,1348656000.0,
2021-03-31,2156869000.0,,,,,,,,296068000.0,64352000.0,229525000.0,1.24,1.23,185195000.0,186830000.0,2014911000.0,,,,,,,,,404281000.0,169652000.0,,,29791274000.0,,,,,,,,,23360990000.0,8556621000.0,-148252000.0,6414600000.0,29791274000.0,,11817000.0,,,,,,,,-206345000.0,310990000.0,4118161000.0,1623357000.0,1115114000.0,,,,,0.0,-1195231000.0,,,528217000.0,-357455000.0,
2021-06-30,4452955000.0,,,,,,,,596008000.0,126614000.0,466763000.0,2.52,2.5,185175000.0,187106000.0,1790199000.0,,,,,,,,,428723000.0,169652000.0,,,30297917000.0,,,,,,,,,23709963000.0,8682088000.0,-122444000.0,6578276000.0,30297917000.0,,23122000.0,,,,,,,,-103994000.0,695809000.0,6266934000.0,3156861000.0,1474054000.0,,,,,-2000.0,-1401642000.0,,,123970000.0,-582167000.0,
2021-09-30,6877238000.0,,,,,,,,928289000.0,191577000.0,728060000.0,3.93,3.89,185127000.0,187060000.0,2069029000.0,,,,,,,,,419941000.0,169652000.0,,,31544288000.0,,,,,,,,,24880577000.0,8920334000.0,-190862000.0,6648441000.0,31544288000.0,,36486000.0,,,,,,,,60092000.0,1524394000.0,8442260000.0,4672562000.0,1631849000.0,,,,,-14000.0,-2040573000.0,,,222016000.0,-303337000.0,
2021-12-31,9455466000.0,,,,,,,,1282905000.0,251890000.0,1022490000.0,5.53,5.48,184953.0,186499.0,1568843000.0,,,,39955000.0,,,,,419883000.0,169652000.0,,,32086414000.0,,,,,,,,,25418684000.0,9015135000.0,-281955000.0,6653011000.0,32086414000.0,,46680000.0,12800000.0,,,,,,,89467000.0,2183987000.0,10716748000.0,6067230000.0,1842139000.0,,,,,,-2989146000.0,,,5831000.0,-803523000.0,
2022-03-31,2915409000.0,,,,,,,,732433000.0,139403000.0,590638000.0,2.13,2.12,276772000.0,279157000.0,2114841000.0,,,,,,,,,417888000.0,169652000.0,,,32250954000.0,,,,,,,,,25363155000.0,9582790000.0,-649229000.0,6864503000.0,32250954000.0,,11438000.0,,,,,,,,-221708000.0,477682000.0,2200214000.0,1440457000.0,408221000.0,,49572000.0,,,-17000.0,518563000.0,,,-451330000.0,545998000.0,
2022-06-30,5428297000.0,,,,,,,,954995000.0,182499000.0,769960000.0,2.78,2.76,276815000.0,279525000.0,1316603000.0,,,,,,,,,415446000.0,169652000.0,,,32692447000.0,,,,,,,,,26155574000.0,9602948000.0,-1029630000.0,6514485000.0,32692447000.0,,24158000.0,,,,,,,,-188517000.0,1005653000.0,4860991000.0,2655789000.0,909295000.0,,49572000.0,,,-37000.0,-789909000.0,,,-450694000.0,-252240000.0,
2022-09-30,8152697000.0,,,,,,,,1241260000.0,238290000.0,998839000.0,3.61,3.57,277192000.0,279644000.0,1130750000.0,,,,,,,,,414228000.0,169652000.0,,,33076819000.0,,,,,,,,,26706843000.0,9805237000.0,-1385810000.0,6346066000.0,33076819000.0,,36247000.0,,,,,,,,-161727000.0,1773303000.0,7694663000.0,3916331000.0,1638049000.0,,49572000.0,,,-94000.0,-1550415000.0,,,-634847000.0,-438093000.0,
2022-12-31,11166499000.0,,,,,,,,1719681000.0,334727000.0,1381062000.0,4.99,4.94,276852.0,279461.0,1449346000.0,,,,329001000.0,,,,,423232000.0,185509000.0,,,33861099000.0,,,,,,,,,27092938000.0,10161005000.0,-1264581000.0,6748332000.0,33861099000.0,,49411000.0,-4012000.0,,,,,,,19878000.0,2568604000.0,8036680000.0,4891179000.0,797948000.0,,49572000.0,,,,-1891355000.0,,,-771992000.0,-119497000.0,
2023-03-31,2895004000.0,,,,,,,,376071000.0,80342000.0,294126000.0,1.07,1.06,274977000.0,277339000.0,1242357000.0,,,,,,,,,421102000.0,185509000.0,,,34296064000.0,,,,,,,,,27330441000.0,10296539000.0,-1078917000.0,6944015000.0,34296064000.0,,11793000.0,,,,,,,,-279007000.0,445323000.0,1686107000.0,956308000.0,429400000.0,,0.0,,,-93000.0,-359430000.0,,,-295726000.0,-206989000.0,
2023-06-30,5890918000.0,,,,,,,,833256000.0,181803000.0,650434000.0,2.38,2.36,272909000.0,275213000.0,1823558000.0,,,,,,,,,421049000.0,174597000.0,,,35308694000.0,,,,,,,,,28400342000.0,10624518000.0,-1181673000.0,6887185000.0,35308694000.0,,25085000.0,,,,,,,,-139771000.0,1154069000.0,2833467000.0,1824819000.0,623886000.0,,0.0,,,-127000.0,-161191000.0,,,-616010000.0,374212000.0,
2023-09-30,8921556000.0,,,,,,,,1253205000.0,268322000.0,984020000.0,3.62,3.59,271656000.0,274146000.0,1646074000.0,,,,,,,,,423279000.0,174597000.0,,,36111348000.0,,,,,,,,,29181439000.0,10800697000.0,-1322819000.0,6915579000.0,36111348000.0,,37796000.0,,,,,,,,-27790000.0,2231162000.0,5091866000.0,2654140000.0,877019000.0,,0.0,,,-320000.0,-1396536000.0,,,-638856000.0,196728000.0,
2023-12-31,12142938000.0,,,,,,,,1754403000.0,370557000.0,1381359000.0,5.1,5.05,271000.0,273298.0,1363195000.0,,,,266963000.0,,,,,426803000.0,174597000.0,,,37202015000.0,,,,,,,,,29732778000.0,11040908000.0,-925838000.0,7455431000.0,37202015000.0,-20861000.0,51000000.0,-26706000.0,,,,,,,14462000.0,2929238000.0,6664763000.0,3506903000.0,1011195000.0,,11558000.0,,,,-1961964000.0,,,-1062495000.0,-86151000.0,
2024-03-31,3256773000.0,,,,,,,,574071000.0,132036000.0,442471000.0,1.65,1.64,268211000.0,270505000.0,1169053000.0,,,,,,,,,466855000.0,174597000.0,,,37851072000.0,,,,,,,,,30052560000.0,11455158000.0,-1023530000.0,7784832000.0,37851072000.0,-80784000.0,12979000.0,,,,,,,,-200219000.0,746235000.0,2266087000.0,968330000.0,426084000.0,,,,,0.0,-905109000.0,,,-29705000.0,-194142000.0,
2024-06-30,6570805000.0,,,,,,,,1061744000.0,247824000.0,814380000.0,2.03,2.01,401295000.0,404679000.0,1580270000.0,,,,,,,,,477034000.0,184089000.0,,,38909919000.0,,,,,,,,,31122868000.0,11669567000.0,-1033640000.0,7773782000.0,38909919000.0,-145062000.0,26856000.0,,,,,,,,-129742000.0,1627565000.0,4203540000.0,2133775000.0,1089183000.0,,,,,0.0,-992305000.0,,,-408121000.0,217075000.0,
2024-09-30,9971184000.0,,,,,,,,1536192000.0,356958000.0,1180014000.0,2.95,2.92,400302000.0,404053000.0,1573238000.0,,,,,,,,,478361000.0,184089000.0,,,40359298000.0,,,,,,,,,31919896000.0,11909408000.0,-603144000.0,8426264000.0,40359298000.0,-156993000.0,40319000.0,,,,,,,,61241000.0,2868335000.0,7177379000.0,3483326000.0,1688623000.0,,,,,0.0,-2097425000.0,,,-561941000.0,210043000.0,
,,,,,,,,,,,,,,,,,,,,,,,,,,,,,,,,,,,,,,,,,,,,,,,,,,,,,,,,,,,,,,,,,,,
,,,,,,,,,,,,,,,,,,,,,,,,,,,,,,,,,,,,,,,,,,,,,,,,,,,,,,,,,,,,,,,,,,,
