Date,Net sales,Cost of sales,Gross margin,Research and development,"Selling, general and administrative",Total operating expenses,Operating income,"Other income/(expense), net",Income before provision for income taxes,Provision for income taxes,Net income,Earnings per share basic,Earnings per share diluted,Weighted-average basic,Weighted-average diluted,Cash and cash equivalents,Short-term marketable securities,"Accounts receivable, net",Inventories,Deferred tax assets,Vendor non-trade receivables,Other current assets,Total current assets,Long-term marketable securities,"Property, Plant and Equipment, Net",Goodwill,"Acquired intangible assets, net","Other Assets, Noncurrent",Total assets,accounts payable,Accrued expenses,Deferred revenue,Total current liabilities,Deferred revenue - non-current,deferred tax liabilities,long term taxes payable,Total other non-current liabilities,Total liabilities,Retained Earnings (Accumulated Deficit),Accumulated other comprehensive (loss)/income,Total shareholders equity,Total liabilities and shareholders' equity,"Depreciation, amortization and accretion",Stock-based compensation expense,Deferred income tax expense,"Increase (Decrease) in Accounts receivable, net",Increase (Decrease) in Inventories,Increase (Decrease) in Other Receivables,Increase (Decrease) in Other Operating Assets,Increase (Decrease) in Accounts Payable,Increase (Decrease) in Deferred Revenue,Increase (Decrease) Other liabilities,Cash generated by operating activities,Purchases of marketable securities,Proceeds from maturities of marketable securities,Proceeds from sales of marketable securities,Purchases of other long-term investments,"Business acquisitions, net of cash acquired",Cash payments for capital asset purchases,Payments for acquisition of intangible assets,Payments for (Proceeds from) Other Investing Activities,Cash used in investing activities,Proceeds from issuance of common stock,Excess tax benefits from stock-based compensation,Cash generated/used in financing activities,Increase/(decrease) in cash and cash equivalents,"Cash paid for income taxes, net"
2010-06-30,556500000.0,391100000.0,165400000.0,11100000.0,92400000.0,,59400000.0,,51700000.0,12700000.0,,1.25,1.19,33300000.0,36700000.0,67500000.0,,145700000.0,143300000.0,7400000.0,,40000000.0,403900000.0,,532500000.0,107900000.0,52500000.0,22000000.0,1222100000.0,61400000.0,34400000.0,,158600000.0,,20200000.0,,36200000.0,651100000.0,,,,1222100000.0,,,,,,,,,,,43100000.0,,,,,1300000.0,32600000.0,0.0,-100000.0,-36600000.0,,,-15200000.0,-15600000.0,
2010-09-30,827900000.0,587800000.0,240100000.0,17000000.0,137200000.0,,84800000.0,,73000000.0,17300000.0,,1.78,1.7,33400000.0,36700000.0,97100000.0,,142800000.0,148400000.0,8300000.0,,44600000.0,441200000.0,,556700000.0,113800000.0,55900000.0,20300000.0,1299600000.0,56300000.0,26100000.0,,158200000.0,,23100000.0,,33800000.0,667500000.0,,,,1299600000.0,,,,,,,,,,,91100000.0,,,,,3700000.0,49800000.0,100000.0,-1000000.0,-55400000.0,,,-19400000.0,14000000.0,
2010-12-31,1104700000.0,786600000.0,318100000.0,23900000.0,187700000.0,,90700000.0,,74500000.0,13600000.0,65300000.0,1.96,1.89,33300000.0,36700000.0,110200000.0,,126400000.0,147000000.0,10500000.0,,42500000.0,436600000.0,,554800000.0,112500000.0,55100000.0,22600000.0,1294300000.0,63200000.0,40800000.0,,169700000.0,,20000000.0,,33600000.0,668600000.0,612600000.0,-31300000.0,,1294300000.0,,7800000.0,-1800000.0,,-20700000.0,,,-300000.0,,,138300000.0,,,,,3700000.0,71100000.0,2700000.0,-1800000.0,-74000000.0,,,-34000000.0,27100000.0,16500000.0
2011-03-31,295400000.0,207400000.0,88000000.0,6900000.0,50600000.0,,28800000.0,,24300000.0,6100000.0,,0.59,0.56,33400000.0,36800000.0,94600000.0,,161200000.0,157100000.0,11300000.0,,56900000.0,481100000.0,,574500000.0,115200000.0,55100000.0,22900000.0,1366100000.0,66200000.0,40900000.0,,182800000.0,,21000000.0,,43300000.0,703000000.0,,,,1366100000.0,,,,,,,,,,,9500000.0,,,,,0.0,19400000.0,400000.0,-300000.0,-29100000.0,,,100000.0,-15600000.0,
2011-09-30,896900000.0,642900000.0,254000000.0,21900000.0,144800000.0,,82600000.0,,69700000.0,17900000.0,56700000.0,1.69,1.62,33800000.0,37000000.0,119200000.0,,153100000.0,155500000.0,10700000.0,,65000000.0,503500000.0,,576100000.0,113600000.0,52600000.0,29100000.0,1398300000.0,71700000.0,32500000.0,,229300000.0,,19800000.0,,50500000.0,707000000.0,,,,1398300000.0,,,,,,,,,,,88900000.0,,,,,0.0,62000000.0,,-600000.0,-84200000.0,,,3400000.0,9000000.0,
2012-03-31,316300000.0,215200000.0,101100000.0,8300000.0,51300000.0,,41700000.0,,37800000.0,9800000.0,29200000.0,0.86,0.81,33900000.0,37100000.0,100200000.0,,176000000.0,158200000.0,7500000.0,,34500000.0,502800000.0,,619200000.0,112700000.0,51200000.0,28700000.0,1457300000.0,82700000.0,69200000.0,,302400000.0,,20600000.0,,33400000.0,762600000.0,,,,1457300000.0,,,,,,,,,,,13800000.0,,,,,,32400000.0,0.0,-300000.0,-31900000.0,,,24200000.0,8400000.0,
2012-06-30,641100000.0,441300000.0,199800000.0,16500000.0,105700000.0,,77300000.0,,57900000.0,16400000.0,,1.32,1.27,34000000.0,36900000.0,107000000.0,,185000000.0,159200000.0,7400000.0,,32900000.0,517000000.0,,620300000.0,110000000.0,49500000.0,24500000.0,1462800000.0,85600000.0,71600000.0,,320200000.0,,19300000.0,,35100000.0,783300000.0,,,,1462800000.0,,,,,,,,,,,66000000.0,,,,,,69400000.0,100000.0,-400000.0,-67800000.0,,,18400000.0,15200000.0,
2012-09-30,944900000.0,654700000.0,290200000.0,24600000.0,159500000.0,,103600000.0,,80300000.0,25500000.0,,1.75,1.7,34100000.0,36200000.0,143200000.0,,182900000.0,165900000.0,7400000.0,,36000000.0,557300000.0,,637000000.0,111500000.0,50900000.0,24500000.0,1527400000.0,81300000.0,70700000.0,,275600000.0,,20200000.0,,37600000.0,810300000.0,,,,1527400000.0,,,,,,,,,,,117600000.0,,,,,,98400000.0,400000.0,-700000.0,-93300000.0,,,26100000.0,51400000.0,
2012-12-31,1266400000.0,878700000.0,387700000.0,33200000.0,218100000.0,,135100000.0,,108600000.0,32700000.0,,2.37,2.3,34000000.0,35900000.0,161900000.0,,175000000.0,162200000.0,76200000.0,,38100000.0,557300000.0,,669000000.0,112500000.0,50600000.0,24500000.0,1564000000.0,102900000.0,43500000.0,,261800000.0,,20800000.0,,38300000.0,835100000.0,719900000.0,-75900000.0,,1564000000.0,76900000.0,15500000.0,5300000.0,25700000.0,8900000.0,,,5800000.0,,,187400000.0,,,,,0.0,131300000.0,700000.0,-1600000.0,-116000000.0,,,-3400000.0,70100000.0,16100000.0
2013-03-31,339400000.0,227700000.0,111700000.0,9100000.0,59100000.0,,43300000.0,,39100000.0,8600000.0,,0.92,0.9,34500000.0,35100000.0,175000000.0,,189000000.0,173500000.0,8900000.0,,35100000.0,589700000.0,,658500000.0,111000000.0,49900000.0,24100000.0,1577100000.0,91600000.0,45700000.0,,208100000.0,,19200000.0,,39700000.0,831200000.0,,-92500000.0,,1577100000.0,,,,,,,,,,,18900000.0,,,,,,61700000.0,700000.0,-500000.0,-57700000.0,,,55500000.0,13100000.0,
2013-06-30,683900000.0,461300000.0,222600000.0,18600000.0,118700000.0,,85900000.0,,78000000.0,18900000.0,,1.79,1.76,34700000.0,35400000.0,190600000.0,,195300000.0,176500000.0,9600000.0,,33800000.0,613300000.0,,663400000.0,111700000.0,49100000.0,25200000.0,1612700000.0,88400000.0,45100000.0,1500000.0,218700000.0,18200000.0,19300000.0,,57800000.0,828500000.0,,-91400000.0,,1612700000.0,,,,,,,,,,,98400000.0,,,,,,83800000.0,,3000000.0,-81900000.0,,,15300000.0,28700000.0,
2013-09-30,1025700000.0,697600000.0,328100000.0,28200000.0,174900000.0,,125500000.0,,113600000.0,29500000.0,,1.28,1.25,69800000.0,71400000.0,221700000.0,,198200000.0,176700000.0,9300000.0,,30100000.0,643500000.0,,682000000.0,113400000.0,48500000.0,25600000.0,1664500000.0,86300000.0,48400000.0,1500000.0,246800000.0,17800000.0,19600000.0,,54200000.0,827800000.0,788600000.0,-69500000.0,,1664500000.0,,15600000.0,,,,,,,,,151700000.0,,,,,,113100000.0,,2900000.0,-111000000.0,,,18400000.0,59800000.0,
2013-12-31,1368400000.0,933700000.0,434700000.0,37900000.0,234900000.0,,162400000.0,,147100000.0,40200000.0,,1.61,1.57,69600000.0,71400000.0,230000000.0,,185700000.0,176900000.0,58500000.0,,34700000.0,650700000.0,,711700000.0,114200000.0,48300000.0,24000000.0,1671600000.0,108000000.0,43300000.0,1500000.0,236900000.0,17500000.0,18900000.0,,55000000.0,765200000.0,805000000.0,-32400000.0,,1671600000.0,85200000.0,21200000.0,1700000.0,9100000.0,13900000.0,,,4600000.0,,,220500000.0,,,,,,151900000.0,3900000.0,-1000000.0,-149900000.0,,,-5100000.0,68100000.0,34400000.0
2014-03-31,346800000.0,240400000.0,106400000.0,10000000.0,56400000.0,,39300000.0,,35700000.0,9800000.0,,0.38,0.38,70600000.0,72300000.0,230000000.0,,208700000.0,187500000.0,16300000.0,,44100000.0,686600000.0,,712000000.0,114200000.0,47100000.0,23700000.0,1708200000.0,98400000.0,58600000.0,1500000.0,227600000.0,17100000.0,19700000.0,,52800000.0,773600000.0,825000000.0,-33800000.0,,1708200000.0,,4300000.0,,,,,,,,,8800000.0,,,,,,31700000.0,,-300000.0,-35600000.0,,,26200000.0,0.0,
2014-06-30,715700000.0,487500000.0,228200000.0,19900000.0,113900000.0,,93400000.0,,86100000.0,23800000.0,,0.92,0.89,70800000.0,72400000.0,226700000.0,,209600000.0,187900000.0,16800000.0,,44400000.0,685400000.0,,709200000.0,114000000.0,46100000.0,24100000.0,1704700000.0,94500000.0,55600000.0,1500000.0,221200000.0,16700000.0,19600000.0,,52900000.0,732100000.0,855500000.0,-34700000.0,,1704700000.0,,8900000.0,,,,,,,,,73000000.0,,,,,,56200000.0,,-200000.0,-57000000.0,,,-19000000.0,-3300000.0,
2014-09-30,1071600000.0,733500000.0,338100000.0,29500000.0,169900000.0,,137400000.0,,127400000.0,35500000.0,,1.35,1.32,71000000.0,72600000.0,246800000.0,,195900000.0,185700000.0,18400000.0,,32700000.0,679500000.0,,694800000.0,110400000.0,43400000.0,22900000.0,1673300000.0,91400000.0,52100000.0,1500000.0,242500000.0,16300000.0,18300000.0,,51900000.0,703200000.0,878700000.0,-71300000.0,,1673300000.0,,12500000.0,,,,,,,,,136900000.0,,,,,,84800000.0,,400000.0,-77700000.0,,,-29000000.0,16800000.0,
2014-12-31,1421400000.0,973600000.0,447800000.0,37300000.0,228700000.0,,182000000.0,,169000000.0,47200000.0,,1.79,1.75,70900000.0,72800000.0,255300000.0,,179000000.0,181500000.0,57900000.0,,35700000.0,659300000.0,,705800000.0,108600000.0,42000000.0,28500000.0,1670900000.0,103100000.0,51800000.0,1500000.0,252500000.0,15900000.0,15700000.0,,52600000.0,714000000.0,902200000.0,-119200000.0,,1670900000.0,90000000.0,18600000.0,7000000.0,6300000.0,16200000.0,,,-3500000.0,,,182900000.0,,,,,,111900000.0,200000.0,-600000.0,-104000000.0,,7900000.0,-30800000.0,25300000.0,37400000.0
2015-03-31,335900000.0,226200000.0,109700000.0,7500000.0,55200000.0,,47800000.0,,44100000.0,12500000.0,,0.46,0.45,71700000.0,73300000.0,207100000.0,,189500000.0,183400000.0,8700000.0,,36400000.0,625100000.0,,675800000.0,104400000.0,40200000.0,27100000.0,1596000000.0,88500000.0,53000000.0,1500000.0,296600000.0,15600000.0,15400000.0,,49600000.0,654900000.0,927200000.0,-170300000.0,,1596000000.0,,5300000.0,,,,,,,,,-1900000.0,,,,,,30400000.0,,200000.0,-30600000.0,,2900000.0,1200000.0,-48200000.0,
2015-06-30,695600000.0,467700000.0,227900000.0,15600000.0,116000000.0,,86900000.0,,80200000.0,21700000.0,,0.84,0.83,72000000.0,73700000.0,252000000.0,,198800000.0,187200000.0,8200000.0,,33700000.0,679900000.0,,685400000.0,105300000.0,39400000.0,27400000.0,1663700000.0,91400000.0,53900000.0,1500000.0,313700000.0,15200000.0,16100000.0,,49800000.0,674300000.0,947000000.0,-160200000.0,,1663700000.0,,20800000.0,,,,,,,,,75600000.0,,,,,,57100000.0,,-1000000.0,-56100000.0,,3500000.0,-9500000.0,-3300000.0,
2015-09-30,1040100000.0,703900000.0,336200000.0,24100000.0,170600000.0,,83400000.0,,73500000.0,15100000.0,,0.86,0.85,72200000.0,73900000.0,256800000.0,,194600000.0,187700000.0,8300000.0,,33500000.0,680900000.0,,689500000.0,105700000.0,38600000.0,25700000.0,1666500000.0,93600000.0,57600000.0,1500000.0,299900000.0,14800000.0,9400000.0,,48900000.0,671200000.0,939900000.0,-154400000.0,,1666500000.0,,24400000.0,,,,,,,,,144400000.0,,,,,,86800000.0,,-1200000.0,-85600000.0,,4200000.0,-39900000.0,1500000.0,
2015-12-31,1399800000.0,944000000.0,455800000.0,34100000.0,233000000.0,,128600000.0,,116100000.0,26300000.0,,1.33,1.3,72000000.0,73800000.0,274600000.0,,181400000.0,181100000.0,58100000.0,,36600000.0,673700000.0,,721000000.0,104600000.0,37600000.0,26400000.0,1695100000.0,119800000.0,53800000.0,1500000.0,314300000.0,14400000.0,12400000.0,,53600000.0,671200000.0,964600000.0,-162600000.0,,1695100000.0,89900000.0,29600000.0,-8900000.0,14100000.0,11400000.0,,,17200000.0,,,212400000.0,,,,,,131600000.0,0.0,-2100000.0,-129500000.0,,9100000.0,-41500000.0,19300000.0,33100000.0
2016-03-31,362100000.0,238800000.0,123300000.0,9400000.0,58100000.0,,30000000.0,,27800000.0,6900000.0,,0.31,0.3,72500000.0,74100000.0,178100000.0,,209600000.0,194100000.0,,,48900000.0,630700000.0,,732500000.0,105700000.0,25800000.0,24000000.0,1668200000.0,97500000.0,74400000.0,1500000.0,241100000.0,14100000.0,13500000.0,,49600000.0,594200000.0,978000000.0,-148000000.0,,1668200000.0,,4600000.0,,,,,,,,,3000000.0,,,,,,39000000.0,,-400000.0,-38600000.0,,11000000.0,-65100000.0,-96500000.0,
2016-06-30,750100000.0,493500000.0,256600000.0,18200000.0,120600000.0,,91200000.0,,87300000.0,23900000.0,,0.92,0.9,73300000.0,74800000.0,202700000.0,,219000000.0,197700000.0,,,39800000.0,659200000.0,,741200000.0,104900000.0,24900000.0,22500000.0,1705100000.0,107300000.0,59600000.0,1500000.0,239400000.0,13700000.0,14500000.0,,51700000.0,595700000.0,1013800000.0,-150300000.0,,1705100000.0,,9500000.0,,,,,,,,,79200000.0,,,,8400000.0,,74000000.0,,-1200000.0,-81200000.0,,13100000.0,-72500000.0,-71900000.0,
2016-09-30,1126800000.0,749100000.0,377700000.0,27200000.0,178900000.0,,142500000.0,,136600000.0,38300000.0,,1.43,1.4,73300000.0,75000000.0,205900000.0,,209500000.0,201100000.0,,,41600000.0,658100000.0,,772700000.0,105200000.0,24400000.0,22800000.0,1735300000.0,99000000.0,67400000.0,1500000.0,236800000.0,13300000.0,15200000.0,,49900000.0,593000000.0,1041900000.0,-143800000.0,,1735300000.0,,14100000.0,,,,,,,,,147600000.0,,,,8400000.0,,122700000.0,,-2000000.0,-129100000.0,,13900000.0,-87500000.0,-68700000.0,
2016-12-31,1509100000.0,1008000000.0,501100000.0,36800000.0,239800000.0,,196800000.0,,189800000.0,54400000.0,,1.96,1.91,73300000.0,75000000.0,203000000.0,,200500000.0,199300000.0,57000000.0,,39100000.0,641900000.0,,778300000.0,103000000.0,23300000.0,21300000.0,1716700000.0,122000000.0,58300000.0,1500000.0,241000000.0,12900000.0,9200000.0,,47200000.0,599200000.0,1071600000.0,-186800000.0,,1716700000.0,90700000.0,19500000.0,21500000.0,23300000.0,21200000.0,,,6100000.0,,,219400000.0,,,,8400000.0,,170200000.0,0.0,-2800000.0,-175800000.0,,18200000.0,-113900000.0,-71600000.0,48100000.0
2017-03-31,387700000.0,253600000.0,134100000.0,10300000.0,61600000.0,,61300000.0,,59500000.0,2200000.0,,0.83,0.81,73300000.0,74900000.0,169400000.0,,224800000.0,212300000.0,,,46100000.0,652600000.0,,782800000.0,103500000.0,23100000.0,21500000.0,1733500000.0,106100000.0,63600000.0,1500000.0,256500000.0,12500000.0,9800000.0,,47300000.0,564900000.0,1118800000.0,-179000000.0,,1733500000.0,,3500000.0,,,,,,,,,20700000.0,,,,,,37500000.0,,-2800000.0,-34700000.0,,0.0,-21800000.0,-33600000.0,
2017-06-30,785300000.0,526200000.0,259100000.0,20300000.0,122200000.0,,104000000.0,,100200000.0,5100000.0,,1.35,1.32,73900000.0,75800000.0,226600000.0,,242400000.0,211300000.0,,,37500000.0,717800000.0,,811800000.0,105800000.0,22900000.0,16000000.0,1843000000.0,130900000.0,71500000.0,1500000.0,289000000.0,12100000.0,9200000.0,,46600000.0,600600000.0,1148000000.0,-151800000.0,,1843000000.0,,9000000.0,,,,,,,,,106000000.0,,,,0.0,,67000000.0,,-2800000.0,-70200000.0,,0.0,-19500000.0,23600000.0,
2017-09-30,1183500000.0,799400000.0,384100000.0,29400000.0,183700000.0,,167900000.0,,163100000.0,19100000.0,,2.04,1.99,74200000.0,75900000.0,269300000.0,,251800000.0,215800000.0,,,40000000.0,776900000.0,,835400000.0,107100000.0,22500000.0,16700000.0,1930400000.0,121900000.0,72300000.0,,300000000.0,,8900000.0,,46000000.0,613500000.0,1188600000.0,-130600000.0,,1930400000.0,,13600000.0,,,,,,,,,181800000.0,,,,0.0,,101300000.0,,-3100000.0,-104200000.0,,0.0,-22500000.0,66300000.0,
2017-12-31,1599100000.0,1086500000.0,512600000.0,39100000.0,242600000.0,,228900000.0,,222400000.0,80900000.0,,2.04,1.99,73900000.0,75800000.0,235900000.0,,253200000.0,215200000.0,15300000.0,,39200000.0,743500000.0,,855000000.0,107700000.0,21700000.0,23400000.0,1862800000.0,138100000.0,77000000.0,1500000.0,279500000.0,11400000.0,10400000.0,,42600000.0,582900000.0,1178200000.0,-117300000.0,,1862800000.0,96700000.0,16100000.0,41700000.0,39700000.0,3600000.0,,,12600000.0,,,263300000.0,,,,0.0,,130800000.0,,-3200000.0,-133600000.0,,0.0,-109000000.0,32900000.0,31000000.0
2018-03-31,415700000.0,281300000.0,134400000.0,9600000.0,68300000.0,,53400000.0,,53700000.0,12500000.0,,0.59,0.58,73900000.0,75500000.0,199800000.0,,290400000.0,215700000.0,,,37600000.0,743500000.0,,857800000.0,108800000.0,22800000.0,21900000.0,1869600000.0,127600000.0,69600000.0,,263400000.0,,12300000.0,,35600000.0,564300000.0,1222800000.0,-95800000.0,,1869600000.0,,3400000.0,,,,,,,,,45000000.0,,,,,,28000000.0,,700000.0,-28700000.0,,,-56900000.0,-36100000.0,
2018-06-30,863200000.0,586600000.0,276600000.0,20400000.0,138300000.0,,113700000.0,,113800000.0,18500000.0,,1.35,1.33,73800000.0,75200000.0,225500000.0,,296700000.0,208200000.0,,,36500000.0,766900000.0,,826700000.0,106600000.0,21700000.0,21500000.0,1873700000.0,126200000.0,86200000.0,,287600000.0,,11800000.0,,42400000.0,591800000.0,1258000000.0,-143700000.0,,1873700000.0,,9400000.0,,,,,,,,,127000000.0,,,,,,48200000.0,,-2500000.0,-45700000.0,,,-82600000.0,-10400000.0,
2018-09-30,1294900000.0,882700000.0,412200000.0,30500000.0,203200000.0,,174500000.0,,174900000.0,26500000.0,,2.1,2.05,73900000.0,75700000.0,297300000.0,,302900000.0,206800000.0,,,43100000.0,850100000.0,,822000000.0,106300000.0,21000000.0,21700000.0,1946100000.0,125200000.0,76400000.0,,288800000.0,,11700000.0,,43800000.0,594300000.0,1312700000.0,-153800000.0,,1946100000.0,,14700000.0,,,,,,,,,215400000.0,,,,,,74700000.0,,-2500000.0,-72200000.0,,,-72500000.0,61400000.0,
2018-12-31,1717400000.0,1172000000.0,545400000.0,40300000.0,262900000.0,,240300000.0,,240700000.0,41400000.0,,2.8,2.74,73900000.0,75400000.0,337400000.0,,288200000.0,214500000.0,11600000.0,,54300000.0,894400000.0,,822000000.0,105800000.0,20300000.0,20500000.0,1978900000.0,130400000.0,76600000.0,,283700000.0,,13100000.0,,33600000.0,582600000.0,1353400000.0,-154200000.0,,1978900000.0,104400000.0,15100000.0,900000.0,43800000.0,7000000.0,,,400000.0,,,288600000.0,,,,0.0,,104700000.0,,-3900000.0,-100800000.0,,0.0,-80700000.0,101500000.0,42000000.0
2019-03-31,443500000.0,296700000.0,146800000.0,9800000.0,68600000.0,,70700000.0,,69900000.0,16100000.0,,0.75,0.73,74100000.0,75300000.0,265500000.0,,318200000.0,226100000.0,,,57800000.0,867600000.0,,814700000.0,105200000.0,19500000.0,26400000.0,2036200000.0,137700000.0,80200000.0,,301100000.0,,14300000.0,,34100000.0,666700000.0,1398200000.0,-153400000.0,,2036200000.0,,6200000.0,,,,,,,,,47600000.0,,,,,,28800000.0,,-100000.0,-28700000.0,,,-90500000.0,-71900000.0,
2019-06-30,913200000.0,608500000.0,304700000.0,19400000.0,138900000.0,,151200000.0,,149500000.0,31600000.0,,1.64,1.61,73900000.0,75300000.0,326700000.0,,330800000.0,232300000.0,,,54500000.0,944300000.0,,822900000.0,108200000.0,29700000.0,20300000.0,2123200000.0,152100000.0,84200000.0,,313200000.0,,13500000.0,,35400000.0,678100000.0,1452900000.0,-152200000.0,,2123200000.0,,13400000.0,,,,,,,2700000.0,,152700000.0,,,,,,57100000.0,,-200000.0,-75800000.0,,,-87400000.0,-10700000.0,
2019-09-30,1369300000.0,916800000.0,452500000.0,28700000.0,203700000.0,,218500000.0,,214400000.0,42500000.0,,2.4,2.36,74000000.0,75500000.0,396000000.0,,316100000.0,230400000.0,,,61600000.0,1004100000.0,,812100000.0,106600000.0,28700000.0,20000000.0,2174000000.0,145300000.0,86000000.0,,335000000.0,,10300000.0,,35700000.0,686400000.0,1497300000.0,-170400000.0,,2174000000.0,,18800000.0,,,,,,,2700000.0,,260800000.0,,,,,,88800000.0,,-300000.0,-107400000.0,,,-87800000.0,58600000.0,
2019-12-31,1839900000.0,1234200000.0,605700000.0,38900000.0,272700000.0,,296600000.0,,291800000.0,59000000.0,,3.27,3.21,74000000.0,75400000.0,439100000.0,,319300000.0,235700000.0,-1500000.0,,64600000.0,1058700000.0,,839300000.0,107800000.0,29800000.0,24700000.0,2341400000.0,156800000.0,91300000.0,27500000.0,341600000.0,,15500000.0,,41200000.0,768200000.0,1549400000.0,-149600000.0,,2341400000.0,103400000.0,24400000.0,15300000.0,33300000.0,18600000.0,,,25300000.0,2500000.0,,367200000.0,,,,,,126400000.0,,-2400000.0,-228000000.0,,,-36800000.0,101700000.0,47500000.0
2020-03-31,491500000.0,324500000.0,167000000.0,10700000.0,71800000.0,,88000000.0,,86500000.0,15000000.0,,1.01,0.99,73900000.0,75500000.0,335300000.0,,333000000.0,251000000.0,,,58200000.0,977500000.0,,828300000.0,106900000.0,28100000.0,22000000.0,2246500000.0,157900000.0,97500000.0,,344400000.0,,,,40000000.0,756300000.0,1611800000.0,-192300000.0,,2246500000.0,,5400000.0,,,,,,,,,57100000.0,,,,,,32100000.0,,-200000.0,-31900000.0,,,-120300000.0,-103800000.0,
2020-06-30,1018700000.0,656600000.0,362100000.0,21500000.0,149500000.0,,191600000.0,,188500000.0,31000000.0,165500000.0,2.24,2.19,73800000.0,75500000.0,445900000.0,,340600000.0,274800000.0,,,49300000.0,1110600000.0,,839800000.0,107600000.0,31200000.0,21300000.0,2392300000.0,162300000.0,99700000.0,,375200000.0,,,,43400000.0,786000000.0,1703000000.0,-187800000.0,1606300000.0,2392300000.0,,17700000.0,,,,,,,,,205200000.0,,,,,,69200000.0,3800000.0,-200000.0,-72800000.0,,,-121200000.0,6800000.0,
2020-09-30,1566700000.0,1010000000.0,556700000.0,34000000.0,225700000.0,,290800000.0,,286200000.0,52100000.0,247800000.0,3.35,3.28,73900000.0,75800000.0,519400000.0,,373000000.0,294900000.0,,,51000000.0,1238300000.0,,883400000.0,109300000.0,30600000.0,21800000.0,2582800000.0,180300000.0,126700000.0,,447700000.0,,,,46800000.0,863900000.0,1773400000.0,-159500000.0,1718900000.0,2582800000.0,,27600000.0,,,,,,,,,323800000.0,,,,,,116700000.0,3800000.0,1400000.0,-121900000.0,,,-128400000.0,80300000.0,
2020-12-31,2146900000.0,1379100000.0,767800000.0,46900000.0,302000000.0,,406900000.0,-5600000.0,401300000.0,72500000.0,346200000.0,4.68,4.57,73900000.0,75800000.0,615500000.0,,385300000.0,321300000.0,5600000.0,,51600000.0,1373700000.0,,943200000.0,111100000.0,30500000.0,23400000.0,2793800000.0,213100000.0,143600000.0,51000000.0,503400000.0,,,,31800000.0,939300000.0,1846700000.0,-110600000.0,1854500000.0,2793800000.0,109100000.0,34000000.0,-5800000.0,46600000.0,73700000.0,,,36600000.0,,,472500000.0,,,,,,174400000.0,,5100000.0,-179500000.0,,,-137100000.0,176400000.0,48400000.0
2021-03-31,670700000.0,398800000.0,271900000.0,12200000.0,80200000.0,,175600000.0,700000.0,174900000.0,28700000.0,151200000.0,2.04,1.99,73900000.0,75800000.0,483700000.0,,465700000.0,310200000.0,,,67400000.0,1327000000.0,,930800000.0,109500000.0,28700000.0,24800000.0,2739700000.0,204300000.0,144800000.0,,482800000.0,,,,28300000.0,910700000.0,1985400000.0,-140200000.0,1829000000.0,2739700000.0,,5900000.0,,,,,,,,,88700000.0,,,,,,54700000.0,,-200000.0,-54500000.0,,,-156400000.0,-131800000.0,
2021-06-30,1394300000.0,807300000.0,587000000.0,26000000.0,172900000.0,,386900000.0,-1000000.0,385900000.0,61000000.0,338500000.0,4.58,4.47,74000000.0,75800000.0,576200000.0,,480500000.0,345200000.0,,,75100000.0,1477000000.0,,973100000.0,110000000.0,27800000.0,26300000.0,2933500000.0,205100000.0,148100000.0,,472600000.0,,,,29600000.0,900900000.0,2160200000.0,-133200000.0,2032600000.0,2933500000.0,,16200000.0,,,,,,,,,233100000.0,,,,,,111600000.0,0.0,-1200000.0,-110400000.0,,,-156100000.0,-39300000.0,
2021-09-30,2100800000.0,1225600000.0,875200000.0,39100000.0,264800000.0,,568300000.0,-1300000.0,567000000.0,73000000.0,514100000.0,6.95,6.78,74100000.0,76000000.0,688000000.0,,476400000.0,353800000.0,,,80100000.0,1598300000.0,,1006500000.0,108900000.0,26100000.0,31600000.0,3142600000.0,207700000.0,142700000.0,,558600000.0,,,,27800000.0,940300000.0,2335800000.0,-155700000.0,2202300000.0,3142600000.0,,27500000.0,,,,,,,,,423200000.0,,,,,,176900000.0,0.0,-1200000.0,-175700000.0,,,-161900000.0,72500000.0,
2021-12-31,2831600000.0,1655800000.0,1175800000.0,52800000.0,362800000.0,,752300000.0,-3400000.0,748900000.0,107200000.0,661800000.0,8.89,8.67,74400000.0,76300000.0,762600000.0,,489000000.0,378400000.0,43600000.0,,112000000.0,1742000000.0,,1057500000.0,109900000.0,23000000.0,39200000.0,3313800000.0,232200000.0,163400000.0,48700000.0,594100000.0,,,,38200000.0,978400000.0,2456700000.0,-159600000.0,2335400000.0,3313800000.0,122300000.0,37500000.0,-42900000.0,123500000.0,86500000.0,,,16800000.0,,,584000000.0,,,,,,253400000.0,,-2500000.0,-253100000.0,,,-168100000.0,147100000.0,171800000.0
2022-03-31,720000000.0,435400000.0,284600000.0,14600000.0,83400000.0,,189700000.0,-1900000.0,187800000.0,21200000.0,173800000.0,2.34,2.29,74400000.0,76000000.0,667700000.0,,498700000.0,416500000.0,,,107600000.0,1690500000.0,,1065900000.0,108800000.0,21800000.0,40500000.0,3294700000.0,248200000.0,168000000.0,,584800000.0,,,,38200000.0,968500000.0,2617300000.0,-182400000.0,2326200000.0,3294700000.0,,5500000.0,,,,,,,,,151200000.0,,,,,,65800000.0,,2500000.0,-68300000.0,,,-172700000.0,-94900000.0,
2022-06-30,1491300000.0,885200000.0,606100000.0,29000000.0,164900000.0,,418100000.0,-3100000.0,415000000.0,65400000.0,362300000.0,4.87,4.77,74400000.0,75900000.0,718500000.0,,528400000.0,411600000.0,,,112600000.0,1771100000.0,,1077400000.0,106600000.0,20000000.0,49400000.0,3361700000.0,220000000.0,176700000.0,,565100000.0,,,,34800000.0,937300000.0,2792500000.0,-245900000.0,2424400000.0,3361700000.0,,11000000.0,,,,,,,,,324300000.0,,,,,,131900000.0,,2400000.0,-134300000.0,,,-208900000.0,-44100000.0,
2022-09-30,2178200000.0,1304100000.0,874100000.0,42600000.0,231200000.0,,604300000.0,-53100000.0,551200000.0,85800000.0,482900000.0,6.49,6.36,74400000.0,75900000.0,729000000.0,,485300000.0,413100000.0,,,106200000.0,1733600000.0,,1069000000.0,104000000.0,18100000.0,52700000.0,3316800000.0,188900000.0,153400000.0,,456700000.0,,,,33900000.0,846000000.0,2913100000.0,-308500000.0,2470800000.0,3316800000.0,,17000000.0,-8000000.0,,,,,,,,493200000.0,,,,,,189700000.0,,3700000.0,-193400000.0,,,-284100000.0,-33600000.0,
2022-12-31,2886900000.0,1750700000.0,1136200000.0,58500000.0,316900000.0,,734000000.0,-54100000.0,679900000.0,114700000.0,585900000.0,7.87,7.73,74400000.0,75800000.0,894300000.0,,507400000.0,414800000.0,51300000.0,,103000000.0,1919500000.0,,1158300000.0,107300000.0,18400000.0,38100000.0,3616800000.0,215400000.0,181700000.0,57300000.0,519000000.0,,,,51600000.0,931900000.0,2987800000.0,-183000000.0,2684900000.0,3616800000.0,120600000.0,23700000.0,-30800000.0,35600000.0,49800000.0,,,-2800000.0,,,724000000.0,,,,,,284600000.0,,3600000.0,-288200000.0,,,-293600000.0,131700000.0,109700000.0
2023-03-31,716600000.0,445300000.0,271300000.0,17100000.0,86000000.0,,155300000.0,2600000.0,157900000.0,23600000.0,140000000.0,1.88,1.85,74500000.0,75700000.0,886300000.0,,513400000.0,447000000.0,,,90500000.0,1937200000.0,,1215200000.0,107800000.0,17800000.0,36700000.0,3723600000.0,233800000.0,158000000.0,,534900000.0,,,,55800000.0,947400000.0,3113600000.0,-168400000.0,2776200000.0,3723600000.0,,8500000.0,,,,,,,,,138100000.0,,,,,,82100000.0,,0.0,-82100000.0,,,-71000000.0,-8000000.0,
2023-06-30,1470400000.0,907700000.0,562700000.0,33600000.0,174400000.0,,337800000.0,5000000.0,342800000.0,58400000.0,295100000.0,3.96,3.91,74400000.0,75500000.0,796300000.0,,534400000.0,449400000.0,,,94100000.0,1874200000.0,,1261300000.0,108000000.0,16800000.0,40300000.0,3669600000.0,218000000.0,163100000.0,,511600000.0,,,,55100000.0,922900000.0,3254600000.0,-183500000.0,2746700000.0,3669600000.0,,16000000.0,,,,,,,,,307300000.0,,,,,,157500000.0,,6700000.0,-164200000.0,,,-247800000.0,-98000000.0,
2023-09-30,2217800000.0,1366800000.0,851000000.0,50000000.0,263400000.0,,515100000.0,14700000.0,529800000.0,87800000.0,456400000.0,6.13,6.05,74400000.0,75500000.0,898600000.0,,519100000.0,431800000.0,,,122800000.0,1972300000.0,,1311600000.0,106800000.0,15700000.0,38800000.0,3754700000.0,219800000.0,136500000.0,,533500000.0,,,,55100000.0,886500000.0,3415900000.0,-223000000.0,2868200000.0,3754700000.0,,21900000.0,,,,,,,,,537400000.0,,,,,,253300000.0,,6600000.0,-259900000.0,,,-270100000.0,4300000.0,
2023-12-31,2949800000.0,1820600000.0,1129200000.0,68400000.0,353400000.0,,676000000.0,22000000.0,698000000.0,122300000.0,593400000.0,7.98,7.88,74300000.0,75300000.0,853900000.0,,512000000.0,434700000.0,13000000.0,,135800000.0,1936400000.0,,1413300000.0,108500000.0,15100000.0,21300000.0,3829500000.0,242400000.0,155200000.0,41700000.0,671800000.0,,,,58500000.0,948500000.0,3523400000.0,-143800000.0,2881000000.0,3829500000.0,137300000.0,23300000.0,37500000.0,-4000000.0,13500000.0,,,4400000.0,,,776500000.0,,,,,,362000000.0,,6700000.0,-368700000.0,,,-459600000.0,-40400000.0,90800000.0
2024-03-31,695400000.0,465200000.0,230200000.0,17600000.0,86700000.0,,122800000.0,4600000.0,127400000.0,16400000.0,115300000.0,1.57,1.55,73500000.0,74300000.0,601800000.0,,524000000.0,429900000.0,,,137200000.0,1692900000.0,,1448600000.0,107600000.0,13900000.0,19000000.0,3602300000.0,240100000.0,173600000.0,,648400000.0,,,,57900000.0,921700000.0,3624100000.0,-192300000.0,2680600000.0,3602300000.0,,5000000.0,,,,,,,,,118200000.0,,,,,,90600000.0,,,-90600000.0,,,-271000000.0,-252100000.0,
2024-06-30,1397500000.0,937300000.0,460200000.0,35100000.0,169700000.0,,249000000.0,7100000.0,256100000.0,38300000.0,226600000.0,3.09,3.06,73300000.0,74000000.0,446200000.0,,479400000.0,419200000.0,,,138200000.0,1483000000.0,,1493700000.0,107300000.0,12900000.0,50100000.0,3489400000.0,211700000.0,169000000.0,,633700000.0,,,,63100000.0,912600000.0,3720900000.0,-216900000.0,2576800000.0,3489400000.0,,9300000.0,,,,,,,-1700000.0,,283200000.0,,,,,,190800000.0,,1000000.0,-191800000.0,,,-489300000.0,-407700000.0,
2024-09-30,2144400000.0,1419500000.0,724900000.0,50600000.0,253200000.0,,410300000.0,10300000.0,420600000.0,70700000.0,362600000.0,4.96,4.91,73100000.0,73800000.0,490900000.0,,524300000.0,401200000.0,,,134200000.0,1550600000.0,,1571000000.0,108800000.0,12300000.0,69300000.0,3675100000.0,224300000.0,159300000.0,,516500000.0,,,,66800000.0,923000000.0,3856900000.0,-136300000.0,2752100000.0,3675100000.0,,14400000.0,,,,,,,-100000.0,,463300000.0,,,,,,272100000.0,,1800000.0,-273900000.0,,,-553700000.0,-363000000.0,
,,,,,,,,,,,,,,,,,,,,,,,,,,,,,,,,,,,,,,,,,,,,,,,,,,,,,,,,,,,,,,,,,,,
,,,,,,,,,,,,,,,,,,,,,,,,,,,,,,,,,,,,,,,,,,,,,,,,,,,,,,,,,,,,,,,,,,,
,,,,,,,,,,,,,,,,,,,,,,,,,,,,,,,,,,,,,,,,,,,,,,,,,,,,,,,,,,,,,,,,,,,
,,,,,,,,,,,,,,,,,,,,,,,,,,,,,,,,,,,,,,,,,,,,,,,,,,,,,,,,,,,,,,,,,,,
