Date,Net sales,Cost of sales,Gross margin,Research and development,"Selling, general and administrative",Total operating expenses,Operating income,"Other income/(expense), net",Income before provision for income taxes,Provision for income taxes,Net income,Earnings per share basic,Earnings per share diluted,Weighted-average basic,Weighted-average diluted,Cash and cash equivalents,Short-term marketable securities,"Accounts receivable, net",Inventories,Deferred tax assets,Vendor non-trade receivables,Other current assets,Total current assets,Long-term marketable securities,"Property, Plant and Equipment, Net",Goodwill,"Acquired intangible assets, net","Other Assets, Noncurrent",Total assets,accounts payable,Accrued expenses,Deferred revenue,Total current liabilities,Deferred revenue - non-current,deferred tax liabilities,long term taxes payable,Total other non-current liabilities,Total liabilities,Retained Earnings (Accumulated Deficit),Accumulated other comprehensive (loss)/income,Total shareholders equity,Total liabilities and shareholders' equity,"Depreciation, amortization and accretion",Stock-based compensation expense,Deferred income tax expense,"Increase (Decrease) in Accounts receivable, net",Increase (Decrease) in Inventories,Increase (Decrease) in Other Receivables,Increase (Decrease) in Other Operating Assets,Increase (Decrease) in Accounts Payable,Increase (Decrease) in Deferred Revenue,Increase (Decrease) Other liabilities,Cash generated by operating activities,Purchases of marketable securities,Proceeds from maturities of marketable securities,Proceeds from sales of marketable securities,Purchases of other long-term investments,"Business acquisitions, net of cash acquired",Cash payments for capital asset purchases,Payments for acquisition of intangible assets,Payments for (Proceeds from) Other Investing Activities,Cash used in investing activities,Proceeds from issuance of common stock,Excess tax benefits from stock-based compensation,Cash generated/used in financing activities,Increase/(decrease) in cash and cash equivalents,"Cash paid for income taxes, net"
2010-06-30,1771000000.0,,,,,1301000000.0,470000000.0,,386000000.0,102000000.0,293000000.0,,,,,139000000.0,,,,91000000.0,,,,,346000000.0,3271000000.0,,,17020000000.0,,,,,,,,,14591000000.0,2063000000.0,-610000000.0,2401000000.0,17020000000.0,,25000000.0,,1262000000.0,,,111000000.0,1548000000.0,,-19000000.0,156000000.0,,,,,15000000.0,45000000.0,,,-57000000.0,17000000.0,1000000.0,-137000000.0,-38000000.0,
2010-09-30,2504000000.0,,,,,1928000000.0,576000000.0,,452000000.0,112000000.0,357000000.0,,,,,141000000.0,,,,53000000.0,,,,,356000000.0,3275000000.0,,,15752000000.0,,,,,,,,,13254000000.0,2083000000.0,-572000000.0,2470000000.0,15752000000.0,,34000000.0,,-4000000.0,,,84000000.0,85000000.0,,-143000000.0,260000000.0,,,,2000000.0,20000000.0,59000000.0,,,-76000000.0,26000000.0,,-226000000.0,-42000000.0,
2010-12-31,3339000000.0,,,,,2586000000.0,753000000.0,,587000000.0,140000000.0,455000000.0,,,,,316000000.0,,839000000.0,,36000000.0,,340000000.0,11100000000.0,,381000000.0,3294000000.0,,233000000.0,15847000000.0,,266000000.0,,10309000000.0,,83000000.0,,347000000.0,13239000000.0,2136000000.0,-541000000.0,2577000000.0,15847000000.0,,47000000.0,,,,,266000000.0,,,60000000.0,489000000.0,,,,1000000.0,21000000.0,83000000.0,,,-94000000.0,36000000.0,2000000.0,-293000000.0,102000000.0,
2011-03-31,1008000000.0,,,,,770000000.0,238000000.0,,27000000.0,1000000.0,34000000.0,0.2,0.2,,,432000000.0,,992000000.0,,27000000.0,,369000000.0,12304000000.0,,386000000.0,3312000000.0,,357000000.0,17238000000.0,,343000000.0,,11358000000.0,,65000000.0,,371000000.0,14569000000.0,2125000000.0,-509000000.0,2630000000.0,17238000000.0,,14000000.0,,139000000.0,,,172000000.0,,,85000000.0,7000000.0,,,,1000000.0,3000000.0,20000000.0,,,-24000000.0,19000000.0,1000000.0,127000000.0,110000000.0,
2011-09-30,2633000000.0,,,,,2148000000.0,485000000.0,,202000000.0,34000000.0,179000000.0,1.04,1.02,173000000.0,176000000.0,363000000.0,,911000000.0,,21000000.0,,315000000.0,11700000000.0,,387000000.0,3297000000.0,,339000000.0,16615000000.0,62000000.0,274000000.0,,10820000000.0,,124000000.0,,362000000.0,13898000000.0,2180000000.0,-539000000.0,2688000000.0,16615000000.0,,33000000.0,,80000000.0,,,162000000.0,,,-16000000.0,272000000.0,,,,4000000.0,5000000.0,71000000.0,,,-72000000.0,46000000.0,5000000.0,-150000000.0,50000000.0,-6000000.0
2011-12-31,3447000000.0,,,,,2881000000.0,566000000.0,,239000000.0,32000000.0,204000000.0,1.18,1.16,173000000.0,176000000.0,436000000.0,,910000000.0,,8000000.0,,259000000.0,10987000000.0,,406000000.0,3295000000.0,,283000000.0,15728000000.0,59000000.0,282000000.0,,9996000000.0,,32000000.0,,363000000.0,13211000000.0,2160000000.0,-744000000.0,2486000000.0,15728000000.0,,41000000.0,17000000.0,92000000.0,,,43000000.0,,,-32000000.0,439000000.0,,,,5000000.0,10000000.0,111000000.0,,,-101000000.0,60000000.0,5000000.0,-214000000.0,124000000.0,15000000.0
2012-03-31,1013000000.0,,,,,696000000.0,317000000.0,,285000000.0,68000000.0,225000000.0,1.29,1.28,174000000.0,176000000.0,464000000.0,,1009000000.0,,51000000.0,,325000000.0,12217000000.0,,426000000.0,3308000000.0,,353000000.0,17091000000.0,84000000.0,334000000.0,,11091000000.0,,47000000.0,,371000000.0,14387000000.0,2319000000.0,-715000000.0,2675000000.0,17091000000.0,,9000000.0,,80000000.0,,,7000000.0,,,74000000.0,62000000.0,,,,2000000.0,2000000.0,36000000.0,,,-37000000.0,11000000.0,,,25000000.0,9000000.0
2012-06-30,1855000000.0,,,,,1359000000.0,496000000.0,,431000000.0,104000000.0,333000000.0,1.91,1.89,174000000.0,176000000.0,407000000.0,,1022000000.0,,26000000.0,,309000000.0,12726000000.0,,428000000.0,3298000000.0,,360000000.0,17608000000.0,66000000.0,297000000.0,,11649000000.0,,38000000.0,,381000000.0,14897000000.0,2343000000.0,-747000000.0,2687000000.0,17608000000.0,,17000000.0,,111000000.0,,,10000000.0,,,39000000.0,158000000.0,,,,4000000.0,4000000.0,63000000.0,,,-66000000.0,23000000.0,1000000.0,-120000000.0,-28000000.0,21000000.0
2012-09-30,2609000000.0,,,,,2043000000.0,566000000.0,,469000000.0,114000000.0,359000000.0,2.08,2.04,173000000.0,176000000.0,424000000.0,,908000000.0,,42000000.0,,317000000.0,12116000000.0,,446000000.0,3304000000.0,,328000000.0,17003000000.0,72000000.0,289000000.0,,11086000000.0,,75000000.0,,376000000.0,14305000000.0,2278000000.0,-720000000.0,2674000000.0,17003000000.0,,24000000.0,,-8000000.0,,,23000000.0,,,-17000000.0,310000000.0,,,,5000000.0,4000000.0,97000000.0,1000000.0,,-99000000.0,41000000.0,2000000.0,-224000000.0,-13000000.0,43000000.0
2012-12-31,3480000000.0,,,,,3689000000.0,-209000000.0,,-337000000.0,101000000.0,-446000000.0,-2.58,-2.58,173000000.0,173000000.0,500000000.0,,933000000.0,,-8000000.0,,181000000.0,10898000000.0,,468000000.0,2827000000.0,,206000000.0,15112000000.0,88000000.0,327000000.0,,10194000000.0,,18000000.0,,375000000.0,13387000000.0,1427000000.0,-853000000.0,1699000000.0,15112000000.0,-79000000.0,32000000.0,54000000.0,17000000.0,,,-12000000.0,,,215000000.0,525000000.0,,,,7000000.0,33000000.0,135000000.0,2000000.0,,-172000000.0,53000000.0,2000000.0,-291000000.0,62000000.0,63000000.0
2013-03-31,1051000000.0,,,,,764000000.0,287000000.0,,256000000.0,48000000.0,219000000.0,1.27,1.24,173000000.0,176000000.0,531000000.0,,1051000000.0,,16000000.0,,186000000.0,11595000000.0,,447000000.0,2813000000.0,,199000000.0,15802000000.0,104000000.0,333000000.0,,10671000000.0,,15000000.0,,378000000.0,13909000000.0,1599000000.0,,1865000000.0,15802000000.0,,12000000.0,,128000000.0,,,4000000.0,,,142000000.0,39000000.0,,,,1000000.0,1000000.0,23000000.0,,,-21000000.0,19000000.0,,18000000.0,36000000.0,10000000.0
2013-06-30,1941000000.0,,,,,1483000000.0,458000000.0,,395000000.0,77000000.0,324000000.0,1.86,1.83,175000000.0,178000000.0,503000000.0,,1044000000.0,,10000000.0,,207000000.0,11674000000.0,,452000000.0,2829000000.0,,205000000.0,15938000000.0,88000000.0,358000000.0,,10765000000.0,,18000000.0,,371000000.0,13938000000.0,1653000000.0,,1977000000.0,15938000000.0,,21000000.0,,124000000.0,,,21000000.0,,,214000000.0,137000000.0,,,,2000000.0,29000000.0,51000000.0,-1000000.0,,-75000000.0,62000000.0,1000000.0,-50000000.0,12000000.0,26000000.0
2013-09-30,2736000000.0,,,,,2203000000.0,533000000.0,,380000000.0,88000000.0,297000000.0,1.7,1.67,177000000.0,178000000.0,623000000.0,,985000000.0,,14000000.0,,195000000.0,11014000000.0,,472000000.0,2846000000.0,,187000000.0,15323000000.0,134000000.0,381000000.0,,10135000000.0,,36000000.0,,353000000.0,13276000000.0,1577000000.0,,2024000000.0,15323000000.0,,31000000.0,,56000000.0,,,-14000000.0,,,294000000.0,366000000.0,,,,5000000.0,30000000.0,78000000.0,1000000.0,,-105000000.0,105000000.0,1000000.0,-132000000.0,129000000.0,36000000.0
2013-12-31,3655000000.0,,,,,2970000000.0,685000000.0,,499000000.0,122000000.0,365000000.0,2.07,2.04,176000000.0,179000000.0,796000000.0,,1041000000.0,,-59000000.0,,197000000.0,10461000000.0,,481000000.0,2838000000.0,,206000000.0,14800000000.0,123000000.0,415000000.0,,9474000000.0,,56000000.0,,374000000.0,12557000000.0,1595000000.0,-693000000.0,2215000000.0,14800000000.0,,42000000.0,39000000.0,116000000.0,,,-14000000.0,,,445000000.0,561000000.0,,,,7000000.0,30000000.0,112000000.0,7000000.0,,-120000000.0,155000000.0,2000000.0,-137000000.0,304000000.0,61000000.0
2014-06-30,2032000000.0,,,,,1558000000.0,474000000.0,,404000000.0,122000000.0,293000000.0,1.64,1.61,179000000.0,182000000.0,708000000.0,,1175000000.0,,11000000.0,,195000000.0,12072000000.0,,496000000.0,2870000000.0,,194000000.0,16551000000.0,152000000.0,467000000.0,,10984000000.0,,103000000.0,,362000000.0,14089000000.0,1664000000.0,-660000000.0,2444000000.0,16551000000.0,,28000000.0,,137000000.0,,,-37000000.0,,,225000000.0,152000000.0,,,,6000000.0,41000000.0,54000000.0,1000000.0,,-82000000.0,93000000.0,2000000.0,-155000000.0,-85000000.0,32000000.0
2014-09-30,2844000000.0,,,,,2336000000.0,508000000.0,,395000000.0,124000000.0,286000000.0,1.6,1.57,179000000.0,182000000.0,656000000.0,,1021000000.0,,8000000.0,,229000000.0,10824000000.0,,481000000.0,2803000000.0,,196000000.0,15208000000.0,159000000.0,445000000.0,,10005000000.0,,110000000.0,,347000000.0,12935000000.0,1521000000.0,-735000000.0,2258000000.0,15208000000.0,,42000000.0,,31000000.0,,,-12000000.0,,,271000000.0,281000000.0,,,,8000000.0,47000000.0,81000000.0,3000000.0,,-117000000.0,106000000.0,2000000.0,-283000000.0,-119000000.0,57000000.0
2014-12-31,3802000000.0,,,,,3155000000.0,647000000.0,,518000000.0,159000000.0,362000000.0,2.03,2.0,178000000.0,181000000.0,635000000.0,,1044000000.0,,-128000000.0,,214000000.0,10853000000.0,,483000000.0,2937000000.0,,220000000.0,15435000000.0,131000000.0,444000000.0,,10232000000.0,,128000000.0,,389000000.0,13369000000.0,1530000000.0,-1066000000.0,1985000000.0,15435000000.0,,52000000.0,66000000.0,66000000.0,,,-16000000.0,,,432000000.0,477000000.0,,,,10000000.0,241000000.0,113000000.0,4000000.0,,-276000000.0,134000000.0,5000000.0,-323000000.0,-122000000.0,88000000.0
2015-03-31,1087000000.0,,,,,794000000.0,293000000.0,,254000000.0,56000000.0,210000000.0,1.17,1.15,179000000.0,182000000.0,503000000.0,,1150000000.0,,13000000.0,,218000000.0,11328000000.0,,462000000.0,2889000000.0,,229000000.0,16105000000.0,130000000.0,461000000.0,,10548000000.0,,185000000.0,,398000000.0,13733000000.0,1669000000.0,-952000000.0,2298000000.0,16105000000.0,,18000000.0,,152000000.0,,,4000000.0,,,157000000.0,-64000000.0,,,,0.0,8000000.0,16000000.0,1000000.0,,-8000000.0,35000000.0,3000000.0,-39000000.0,-111000000.0,
2015-06-30,2009000000.0,,,,,1611000000.0,398000000.0,,347000000.0,75000000.0,280000000.0,1.56,1.54,180000000.0,182000000.0,483000000.0,,1226000000.0,,9000000.0,,222000000.0,12946000000.0,,516000000.0,3097000000.0,,234000000.0,18319000000.0,148000000.0,522000000.0,,12495000000.0,,211000000.0,,506000000.0,15778000000.0,1618000000.0,-872000000.0,2393000000.0,18319000000.0,,34000000.0,,160000000.0,,,-10000000.0,,,216000000.0,7000000.0,,,,0.0,228000000.0,47000000.0,10000000.0,,-248000000.0,84000000.0,5000000.0,104000000.0,-137000000.0,
2015-09-30,2855000000.0,,,,,2430000000.0,425000000.0,,348000000.0,-112000000.0,397000000.0,2.21,2.18,180000000.0,182000000.0,466000000.0,,1100000000.0,,19000000.0,,240000000.0,12334000000.0,,531000000.0,3150000000.0,,211000000.0,17813000000.0,149000000.0,488000000.0,,11881000000.0,,160000000.0,,502000000.0,15275000000.0,1677000000.0,-954000000.0,2393000000.0,17813000000.0,,46000000.0,,55000000.0,,,14000000.0,,,256000000.0,113000000.0,,,,0.0,293000000.0,100000000.0,11000000.0,,-348000000.0,95000000.0,5000000.0,94000000.0,,
2015-12-31,3829000000.0,,,,,3402000000.0,427000000.0,,340000000.0,-33000000.0,373000000.0,5.49,5.41,68000000.0,69000000.0,532000000.0,,1258000000.0,,299000000.0,,255000000.0,12503000000.0,,563000000.0,3737000000.0,,209000000.0,18839000000.0,180000000.0,558000000.0,,12801000000.0,,240000000.0,,533000000.0,16426000000.0,1597000000.0,-1037000000.0,2229000000.0,18839000000.0,,64000000.0,-99000000.0,155000000.0,,,5000000.0,,,495000000.0,243000000.0,,,,,845000000.0,146000000.0,12000000.0,,-943000000.0,124000000.0,7000000.0,641000000.0,-59000000.0,91000000.0
2016-03-31,2234000000.0,,,,,1908000000.0,326000000.0,,262000000.0,18000000.0,238000000.0,1.76,1.75,135000000.0,136000000.0,954000000.0,,2268000000.0,,,,49000000.0,15579000000.0,,790000000.0,10477000000.0,5086000000.0,348000000.0,33029000000.0,114000000.0,972000000.0,,15256000000.0,,1234000000.0,57000000.0,605000000.0,21672000000.0,1771000000.0,-1053000000.0,11151000000.0,33029000000.0,,35000000.0,-70000000.0,161000000.0,,,118000000.0,,,-81000000.0,118000000.0,,,,,-469000000.0,48000000.0,,6000000.0,417000000.0,11000000.0,,-115000000.0,,49000000.0
2016-06-30,4183000000.0,,,,,3721000000.0,462000000.0,,357000000.0,37000000.0,310000000.0,2.26,2.25,139000000.0,140000000.0,949000000.0,,2187000000.0,,,,,15230000000.0,,794000000.0,10527000000.0,4713000000.0,330000000.0,32409000000.0,123000000.0,901000000.0,,14417000000.0,,1156000000.0,,561000000.0,21169000000.0,1739000000.0,-1181000000.0,11050000000.0,32409000000.0,,68000000.0,-56000000.0,123000000.0,,,142000000.0,,,-54000000.0,427000000.0,,,,,-419000000.0,92000000.0,,-1000000.0,308000000.0,28000000.0,,-315000000.0,,91000000.0
2016-09-30,5960000000.0,,,,,5497000000.0,463000000.0,,299000000.0,-26000000.0,278000000.0,2.03,2.0,138000000.0,139000000.0,767000000.0,,2043000000.0,,,,,14733000000.0,,811000000.0,10483000000.0,4589000000.0,328000000.0,31801000000.0,121000000.0,812000000.0,,14217000000.0,,1137000000.0,,544000000.0,20847000000.0,1455000000.0,-1221000000.0,10767000000.0,31801000000.0,,94000000.0,-120000000.0,-20000000.0,,,211000000.0,,,-61000000.0,608000000.0,,,,,-476000000.0,151000000.0,,-22000000.0,283000000.0,44000000.0,,-646000000.0,,139000000.0
2016-12-31,7887000000.0,,,,,7336000000.0,551000000.0,,340000000.0,-96000000.0,420000000.0,3.07,3.04,137000000.0,138000000.0,870000000.0,,2080000000.0,,894000000.0,,55000000.0,13792000000.0,,839000000.0,10413000000.0,4368000000.0,353000000.0,30253000000.0,117000000.0,876000000.0,,13370000000.0,,864000000.0,,532000000.0,20019000000.0,1452000000.0,-1884000000.0,10065000000.0,30253000000.0,,123000000.0,-244000000.0,101000000.0,,,233000000.0,,,161000000.0,920000000.0,,,,,-476000000.0,218000000.0,,-23000000.0,195000000.0,63000000.0,,-762000000.0,,158000000.0
2017-03-31,2319000000.0,,,,,1856000000.0,463000000.0,,397000000.0,46000000.0,344000000.0,2.51,2.5,137000000.0,138000000.0,901000000.0,,2307000000.0,,,,,15795000000.0,,863000000.0,10442000000.0,4245000000.0,351000000.0,32232000000.0,135000000.0,996000000.0,,14585000000.0,,799000000.0,,512000000.0,21775000000.0,1561000000.0,-1908000000.0,10278000000.0,32232000000.0,,14000000.0,-74000000.0,253000000.0,,,62000000.0,,,-109000000.0,95000000.0,,,,,12000000.0,62000000.0,,-7000000.0,-82000000.0,20000000.0,,14000000.0,,
2017-06-30,4272000000.0,,,,,3685000000.0,587000000.0,,445000000.0,54000000.0,377000000.0,2.77,2.75,136000000.0,137000000.0,852000000.0,,2288000000.0,,,,,16233000000.0,,895000000.0,10509000000.0,4156000000.0,386000000.0,32774000000.0,,882000000.0,,15029000000.0,,823000000.0,,473000000.0,22330000000.0,1402000000.0,-1776000000.0,10263000000.0,32774000000.0,,33000000.0,-74000000.0,174000000.0,,,216000000.0,,,-73000000.0,319000000.0,,,,,13000000.0,119000000.0,,-9000000.0,-155000000.0,37000000.0,,-196000000.0,,
2017-09-30,6124000000.0,,,,,5496000000.0,628000000.0,,410000000.0,73000000.0,323000000.0,2.38,2.36,136000000.0,137000000.0,912000000.0,,2155000000.0,,,,67000000.0,15691000000.0,,937000000.0,10529000000.0,4034000000.0,432000000.0,32272000000.0,,793000000.0,,14556000000.0,,856000000.0,,476000000.0,22191000000.0,1130000000.0,-1676000000.0,9915000000.0,32272000000.0,,48000000.0,-56000000.0,-31000000.0,,,95000000.0,,,-351000000.0,515000000.0,,,,,13000000.0,198000000.0,,-1000000.0,-262000000.0,44000000.0,,-246000000.0,,
2017-12-31,8202000000.0,,,,,7464000000.0,738000000.0,,489000000.0,-100000000.0,568000000.0,4.21,4.18,135000000.0,136000000.0,1030000000.0,,2246000000.0,,592000000.0,,71000000.0,15861000000.0,,985000000.0,10519000000.0,3882000000.0,447000000.0,32458000000.0,136000000.0,804000000.0,,14755000000.0,,615000000.0,,544000000.0,22181000000.0,1104000000.0,-1513000000.0,10126000000.0,32458000000.0,,67000000.0,-285000000.0,64000000.0,,,128000000.0,,,-51000000.0,862000000.0,,,,,13000000.0,300000000.0,,4000000.0,-335000000.0,61000000.0,,-479000000.0,,203000000.0
2018-03-31,2274000000.0,,,,,2033000000.0,259000000.0,,264000000.0,43000000.0,215000000.0,1.62,1.61,133000000.0,133000000.0,954000000.0,,2600000000.0,,,,,17606000000.0,,926000000.0,10555000000.0,3761000000.0,532000000.0,34212000000.0,,867000000.0,,15804000000.0,,711000000.0,,506000000.0,23382000000.0,1557000000.0,-1430000000.0,10672000000.0,34212000000.0,,3000000.0,-26000000.0,43000000.0,,,-46000000.0,,,-393000000.0,18000000.0,,,,,5000000.0,65000000.0,,0.0,-79000000.0,11000000.0,,-24000000.0,,
2018-06-30,4240000000.0,,,,,3960000000.0,322000000.0,,338000000.0,52000000.0,273000000.0,2.06,2.05,132000000.0,133000000.0,911000000.0,,2394000000.0,,,,,17889000000.0,,924000000.0,10468000000.0,3562000000.0,468000000.0,34213000000.0,,814000000.0,,16382000000.0,,691000000.0,,446000000.0,23839000000.0,1270000000.0,-1605000000.0,10228000000.0,34213000000.0,,4000000.0,-48000000.0,-81000000.0,,,-70000000.0,,,-325000000.0,395000000.0,,,,,8000000.0,141000000.0,,-17000000.0,-153000000.0,18000000.0,,-335000000.0,,
2018-09-30,6066000000.0,,,,,5802000000.0,339000000.0,,374000000.0,42000000.0,317000000.0,2.4,2.39,132000000.0,132000000.0,931000000.0,,2132000000.0,,,,68000000.0,16756000000.0,,944000000.0,10457000000.0,3429000000.0,500000000.0,33041000000.0,,758000000.0,,15555000000.0,,678000000.0,,448000000.0,22851000000.0,1102000000.0,-1627000000.0,10049000000.0,33041000000.0,,15000000.0,-70000000.0,-332000000.0,,,52000000.0,,,-340000000.0,716000000.0,,,,,8000000.0,209000000.0,,-14000000.0,-240000000.0,21000000.0,,-542000000.0,,
2018-12-31,8413000000.0,,,,,7704000000.0,809000000.0,,851000000.0,136000000.0,695000000.0,5.29,5.27,131000000.0,132000000.0,1033000000.0,,2379000000.0,,607000000.0,,57000000.0,16420000000.0,,942000000.0,10465000000.0,3318000000.0,467000000.0,32385000000.0,163000000.0,864000000.0,,15301000000.0,,559000000.0,,429000000.0,22388000000.0,1201000000.0,-1961000000.0,9852000000.0,32385000000.0,,50000000.0,-115000000.0,-68000000.0,,,22000000.0,,,-20000000.0,1288000000.0,,,,,36000000.0,268000000.0,,-13000000.0,-341000000.0,45000000.0,,-903000000.0,,178000000.0
2019-03-31,2286000000.0,,,,,1953000000.0,359000000.0,,360000000.0,67000000.0,287000000.0,2.21,2.2,130000000.0,130000000.0,992000000.0,,2490000000.0,,,,,19020000000.0,,957000000.0,10456000000.0,3187000000.0,494000000.0,35893000000.0,,940000000.0,,17654000000.0,,544000000.0,,296000000.0,25651000000.0,1439000000.0,-1974000000.0,10092000000.0,35893000000.0,,10000000.0,-28000000.0,121000000.0,,,37000000.0,,,-379000000.0,-47000000.0,,,,,1000000.0,57000000.0,,,-75000000.0,22000000.0,,82000000.0,,
2019-06-30,4316000000.0,,,,,3825000000.0,535000000.0,,547000000.0,105000000.0,425000000.0,3.27,3.26,130000000.0,130000000.0,812000000.0,,2461000000.0,,,,81000000.0,18333000000.0,,967000000.0,10454000000.0,3055000000.0,541000000.0,35166000000.0,,810000000.0,,17204000000.0,,532000000.0,,299000000.0,24934000000.0,1442000000.0,-1993000000.0,10090000000.0,35166000000.0,,27000000.0,-41000000.0,82000000.0,,,164000000.0,,,-285000000.0,303000000.0,,,,,1000000.0,120000000.0,,6000000.0,-148000000.0,27000000.0,,-374000000.0,,
2019-09-30,6282000000.0,,,,,5707000000.0,642000000.0,,647000000.0,125000000.0,500000000.0,3.86,3.84,130000000.0,130000000.0,867000000.0,,2167000000.0,,,,89000000.0,17400000000.0,,963000000.0,11187000000.0,3561000000.0,701000000.0,35703000000.0,145000000.0,801000000.0,,16736000000.0,,,,314000000.0,25672000000.0,1336000000.0,-2113000000.0,9887000000.0,35703000000.0,,48000000.0,-44000000.0,-193000000.0,,,402000000.0,,,-296000000.0,620000000.0,,,,,1324000000.0,,,6000000.0,-1531000000.0,31000000.0,,774000000.0,,
2019-12-31,8941000000.0,,,,,7710000000.0,1329000000.0,,1322000000.0,249000000.0,1044000000.0,8.05,8.02,130000000.0,130000000.0,887000000.0,,2621000000.0,,885000000.0,,112000000.0,17037000000.0,,1046000000.0,11194000000.0,3478000000.0,835000000.0,35426000000.0,,802000000.0,,16070000000.0,,,,335000000.0,25057000000.0,1792000000.0,-2227000000.0,10249000000.0,35426000000.0,,74000000.0,-72000000.0,261000000.0,,,269000000.0,,,-264000000.0,1081000000.0,,,,,1329000000.0,,,-3000000.0,-1614000000.0,45000000.0,,397000000.0,,299000000.0
2020-03-31,2434000000.0,,,,,2106000000.0,360000000.0,,391000000.0,78000000.0,305000000.0,2.36,2.34,130000000.0,130000000.0,898000000.0,,2594000000.0,,,,100000000.0,19550000000.0,,974000000.0,11162000000.0,3360000000.0,860000000.0,37727000000.0,,858000000.0,,18624000000.0,,,,320000000.0,27338000000.0,2009000000.0,-2446000000.0,10263000000.0,37727000000.0,,-1000000.0,-23000000.0,46000000.0,,,-7000000.0,,,-482000000.0,23000000.0,,,,,66000000.0,,,15000000.0,-162000000.0,3000000.0,,186000000.0,,
2020-06-30,4535000000.0,,,,,4056000000.0,523000000.0,,568000000.0,153000000.0,399000000.0,3.08,3.07,130000000.0,130000000.0,1087000000.0,,2430000000.0,,,,47000000.0,19922000000.0,,989000000.0,11196000000.0,3257000000.0,877000000.0,38110000000.0,,804000000.0,,19019000000.0,,,,317000000.0,27654000000.0,2015000000.0,-2390000000.0,10335000000.0,38110000000.0,,28000000.0,40000000.0,-128000000.0,,,-82000000.0,,,-417000000.0,685000000.0,,,,,66000000.0,,,17000000.0,-249000000.0,5000000.0,,-215000000.0,,
2020-09-30,6534000000.0,,,,,5992000000.0,596000000.0,,736000000.0,199000000.0,520000000.0,4.01,3.99,130000000.0,130000000.0,1647000000.0,,2223000000.0,,,,,19914000000.0,,997000000.0,11131000000.0,3125000000.0,935000000.0,38037000000.0,,811000000.0,,19220000000.0,,,,322000000.0,27417000000.0,2047000000.0,-2253000000.0,10515000000.0,38037000000.0,,59000000.0,55000000.0,-359000000.0,,,78000000.0,,,-217000000.0,1206000000.0,,,,,66000000.0,,,22000000.0,-108000000.0,8000000.0,,-334000000.0,,
2020-12-31,9286000000.0,,,,,8169000000.0,1183000000.0,,1338000000.0,318000000.0,996000000.0,7.68,7.65,130000000.0,130000000.0,2089000000.0,,2555000000.0,,875000000.0,,75000000.0,20301000000.0,,1014000000.0,11204000000.0,3043000000.0,1096000000.0,38531000000.0,,888000000.0,,19332000000.0,,,,312000000.0,27599000000.0,2434000000.0,-2359000000.0,10820000000.0,38531000000.0,,90000000.0,99000000.0,-72000000.0,,,205000000.0,,,215000000.0,1774000000.0,,,,,69000000.0,,,17000000.0,-160000000.0,16000000.0,,-434000000.0,,310000000.0
2021-03-31,2562000000.0,,,,,2138000000.0,452000000.0,,832000000.0,96000000.0,733000000.0,5.64,5.63,130000000.0,130000000.0,1960000000.0,,2569000000.0,,,,53000000.0,20872000000.0,,951000000.0,10986000000.0,2878000000.0,1113000000.0,38632000000.0,,965000000.0,,19020000000.0,,,,305000000.0,27058000000.0,3075000000.0,-2311000000.0,11526000000.0,38632000000.0,,27000000.0,10000000.0,115000000.0,,,15000000.0,,,-556000000.0,-128000000.0,,,,,0.0,,,0.0,645000000.0,1000000.0,,-633000000.0,,
2021-06-30,4807000000.0,,,,,4164000000.0,712000000.0,,1114000000.0,192000000.0,917000000.0,7.06,7.04,130000000.0,130000000.0,2217000000.0,,2507000000.0,,,,,20568000000.0,,927000000.0,10995000000.0,2786000000.0,1135000000.0,38267000000.0,,751000000.0,,19174000000.0,,,,280000000.0,26552000000.0,3166000000.0,-2278000000.0,11670000000.0,38267000000.0,,52000000.0,56000000.0,39000000.0,,,91000000.0,,,-506000000.0,366000000.0,,,,,0.0,,,0.0,590000000.0,2000000.0,,-821000000.0,,
2021-09-30,6204000000.0,,,,,4780000000.0,1512000000.0,,1968000000.0,386000000.0,1820000000.0,14.04,14.0,130000000.0,130000000.0,2162000000.0,,2065000000.0,,,,,20591000000.0,,881000000.0,10146000000.0,2681000000.0,1132000000.0,37282000000.0,,950000000.0,,18616000000.0,,,,239000000.0,25849000000.0,2969000000.0,-2359000000.0,11393000000.0,37282000000.0,,71000000.0,41000000.0,-175000000.0,,,135000000.0,,,-199000000.0,1877000000.0,,,,,0.0,,,0.0,577000000.0,2000000.0,,-2305000000.0,,
2021-12-31,8826000000.0,,,,,6796000000.0,2202000000.0,,2692000000.0,536000000.0,4222000000.0,32.88,32.78,128000000.0,129000000.0,4486000000.0,,2370000000.0,,629000000.0,,49000000.0,18488000000.0,,851000000.0,10183000000.0,2555000000.0,1202000000.0,34970000000.0,,1015000000.0,,14724000000.0,,,,253000000.0,21662000000.0,4645000000.0,-2186000000.0,13260000000.0,34970000000.0,,101000000.0,96000000.0,134000000.0,,,122000000.0,,,-175000000.0,2061000000.0,,,,,47000000.0,,,0.0,2570000000.0,10000000.0,,-3114000000.0,,570000000.0
2022-03-31,2150000000.0,,,,,1981000000.0,179000000.0,,157000000.0,43000000.0,122000000.0,1.03,1.03,118000000.0,118000000.0,2198000000.0,,2186000000.0,,,,47000000.0,16412000000.0,,817000000.0,10200000000.0,2492000000.0,1227000000.0,32841000000.0,,1137000000.0,,14914000000.0,,,,244000000.0,21766000000.0,2423000000.0,-2242000000.0,11004000000.0,32841000000.0,,22000000.0,-17000000.0,-82000000.0,,,22000000.0,,,-458000000.0,21000000.0,,,,,68000000.0,,,,74000000.0,1000000.0,,-2580000000.0,,
2022-06-30,4124000000.0,,,,,3875000000.0,316000000.0,,336000000.0,62000000.0,231000000.0,2.01,2.01,115000000.0,115000000.0,1920000000.0,,2025000000.0,,,,49000000.0,16370000000.0,,744000000.0,10158000000.0,2408000000.0,1206000000.0,32509000000.0,,969000000.0,,14692000000.0,,,,215000000.0,22092000000.0,1971000000.0,-2486000000.0,10337000000.0,32509000000.0,,47000000.0,-45000000.0,-180000000.0,,,111000000.0,,,-573000000.0,258000000.0,,,,,76000000.0,,,,19000000.0,1000000.0,,-2690000000.0,,
2022-09-30,6052000000.0,,,,,5674000000.0,470000000.0,,521000000.0,63000000.0,421000000.0,3.71,3.71,113000000.0,114000000.0,1496000000.0,,1884000000.0,,,,61000000.0,15051000000.0,,701000000.0,10089000000.0,2314000000.0,1244000000.0,30991000000.0,,851000000.0,,14122000000.0,,,,203000000.0,21078000000.0,1706000000.0,-2720000000.0,9838000000.0,30991000000.0,,71000000.0,-92000000.0,-270000000.0,,,198000000.0,,,-510000000.0,437000000.0,,,,,80000000.0,,,,-58000000.0,7000000.0,,-3109000000.0,,
2022-12-31,8726000000.0,,,,,7688000000.0,1178000000.0,,1258000000.0,194000000.0,1009000000.0,9.0,8.98,112000000.0,112000000.0,1262000000.0,,2387000000.0,,589000000.0,,54000000.0,15835000000.0,,718000000.0,10173000000.0,2273000000.0,1357000000.0,31769000000.0,,716000000.0,,14779000000.0,,,,221000000.0,21676000000.0,1764000000.0,-2621000000.0,10016000000.0,31769000000.0,,99000000.0,-54000000.0,188000000.0,,,197000000.0,,,-495000000.0,812000000.0,,,,,81000000.0,,,0.0,-173000000.0,7000000.0,,-3445000000.0,,428000000.0
2023-03-31,2203000000.0,,,,,1959000000.0,285000000.0,,256000000.0,50000000.0,203000000.0,1.89,1.88,107000000.0,108000000.0,1135000000.0,,2261000000.0,,,,43000000.0,15946000000.0,,723000000.0,10193000000.0,2212000000.0,1392000000.0,31906000000.0,,814000000.0,,14889000000.0,,,,200000000.0,21730000000.0,1774000000.0,-2568000000.0,10096000000.0,31906000000.0,,26000000.0,,-129000000.0,,,-11000000.0,,,-411000000.0,134000000.0,,,,,4000000.0,,,,-61000000.0,0.0,,-453000000.0,,
2023-06-30,4321000000.0,,,,,3976000000.0,427000000.0,,376000000.0,74000000.0,297000000.0,2.78,2.77,107000000.0,107000000.0,1602000000.0,,2206000000.0,,,,,12817000000.0,,725000000.0,10202000000.0,2146000000.0,1420000000.0,28773000000.0,,652000000.0,,11969000000.0,,,,201000000.0,18896000000.0,1429000000.0,-2540000000.0,9799000000.0,28773000000.0,,58000000.0,,-164000000.0,,,81000000.0,,,-346000000.0,430000000.0,,,,,4000000.0,,,,-1035000000.0,0.0,,-113000000.0,,
2023-09-30,6445000000.0,,,,,5983000000.0,586000000.0,,540000000.0,99000000.0,433000000.0,4.08,4.06,106000000.0,107000000.0,1247000000.0,,2079000000.0,,,,39000000.0,11834000000.0,,710000000.0,10143000000.0,2064000000.0,1431000000.0,27623000000.0,,630000000.0,,11305000000.0,,,,200000000.0,18138000000.0,1127000000.0,-2620000000.0,9410000000.0,27623000000.0,,87000000.0,,-261000000.0,,,175000000.0,,,-191000000.0,823000000.0,,,,,6000000.0,,,,-1030000000.0,0.0,,-728000000.0,,
2023-12-31,9304000000.0,,,,,8118000000.0,1365000000.0,,1279000000.0,215000000.0,1055000000.0,10.01,9.95,105000000.0,106000000.0,1424000000.0,,2572000000.0,,752000000.0,,53000000.0,13433000000.0,,720000000.0,10195000000.0,2016000000.0,1573000000.0,29090000000.0,,678000000.0,,12630000000.0,,,,238000000.0,19497000000.0,1466000000.0,-2856000000.0,9520000000.0,29090000000.0,,125000000.0,-109000000.0,206000000.0,,,185000000.0,,,16000000.0,1345000000.0,,,,,6000000.0,,,,-1085000000.0,0.0,,-1200000000.0,,348000000.0
2024-03-31,2295000000.0,,,,,2061000000.0,280000000.0,,242000000.0,48000000.0,190000000.0,1.84,1.83,103000000.0,104000000.0,1893000000.0,,2430000000.0,,,,,14642000000.0,,703000000.0,10186000000.0,1960000000.0,1606000000.0,30237000000.0,,767000000.0,,13118000000.0,,,,221000000.0,20669000000.0,1464000000.0,-2905000000.0,9489000000.0,30237000000.0,,24000000.0,,-113000000.0,,,53000000.0,,,-426000000.0,24000000.0,,,,,15000000.0,,,,-74000000.0,,,1556000000.0,,
2024-06-30,4514000000.0,,,,,4114000000.0,492000000.0,,410000000.0,74000000.0,331000000.0,3.22,3.2,103000000.0,104000000.0,1247000000.0,,2425000000.0,,,,58000000.0,14029000000.0,,709000000.0,10184000000.0,1898000000.0,1655000000.0,29622000000.0,,740000000.0,,12674000000.0,,,,196000000.0,20207000000.0,1315000000.0,-2921000000.0,9337000000.0,29622000000.0,,54000000.0,,-118000000.0,,,161000000.0,,,-242000000.0,431000000.0,,,,,18000000.0,,,,-158000000.0,,,364000000.0,,
2024-09-30,6752000000.0,,,,,7169000000.0,-766000000.0,,-1994000000.0,-322000000.0,-1675000000.0,-16.44,-16.44,103000000.0,103000000.0,1372000000.0,,2118000000.0,,,,69000000.0,14313000000.0,,710000000.0,8882000000.0,1360000000.0,732000000.0,27168000000.0,,735000000.0,,12535000000.0,,,,202000000.0,19598000000.0,-650000000.0,-2810000000.0,7492000000.0,27168000000.0,,85000000.0,,-271000000.0,,,299000000.0,,,-159000000.0,913000000.0,,,,,28000000.0,,,,-230000000.0,,,205000000.0,,
,,,,,,,,,,,,,,,,,,,,,,,,,,,,,,,,,,,,,,,,,,,,,,,,,,,,,,,,,,,,,,,,,,,
,,,,,,,,,,,,,,,,,,,,,,,,,,,,,,,,,,,,,,,,,,,,,,,,,,,,,,,,,,,,,,,,,,,
,,,,,,,,,,,,,,,,,,,,,,,,,,,,,,,,,,,,,,,,,,,,,,,,,,,,,,,,,,,,,,,,,,,
