Date,Net sales,Cost of sales,Gross margin,Research and development,"Selling, general and administrative",Total operating expenses,Operating income,"Other income/(expense), net",Income before provision for income taxes,Provision for income taxes,Net income,Earnings per share basic,Earnings per share diluted,Weighted-average basic,Weighted-average diluted,Cash and cash equivalents,Short-term marketable securities,"Accounts receivable, net",Inventories,Deferred tax assets,Vendor non-trade receivables,Other current assets,Total current assets,Long-term marketable securities,"Property, Plant and Equipment, Net",Goodwill,"Acquired intangible assets, net","Other Assets, Noncurrent",Total assets,accounts payable,Accrued expenses,Deferred revenue,Total current liabilities,Deferred revenue - non-current,deferred tax liabilities,long term taxes payable,Total other non-current liabilities,Total liabilities,Retained Earnings (Accumulated Deficit),Accumulated other comprehensive (loss)/income,Total shareholders equity,Total liabilities and shareholders' equity,"Depreciation, amortization and accretion",Stock-based compensation expense,Deferred income tax expense,"Increase (Decrease) in Accounts receivable, net",Increase (Decrease) in Inventories,Increase (Decrease) in Other Receivables,Increase (Decrease) in Other Operating Assets,Increase (Decrease) in Accounts Payable,Increase (Decrease) in Deferred Revenue,Increase (Decrease) Other liabilities,Cash generated by operating activities,Purchases of marketable securities,Proceeds from maturities of marketable securities,Proceeds from sales of marketable securities,Purchases of other long-term investments,"Business acquisitions, net of cash acquired",Cash payments for capital asset purchases,Payments for acquisition of intangible assets,Payments for (Proceeds from) Other Investing Activities,Cash used in investing activities,Proceeds from issuance of common stock,Excess tax benefits from stock-based compensation,Cash generated/used in financing activities,Increase/(decrease) in cash and cash equivalents,"Cash paid for income taxes, net"
2010-09-30,2947510000.0,,,,285699000.0,2552567000.0,394943000.0,-234212000.0,,16009000.0,45885000.0,0.37,0.37,122771.0,123564.0,1922338000.0,,,95344000.0,,,,2186143000.0,,4976270000.0,,41319000.0,,7361883000.0,,,,742992000.0,,23576000.0,,117012000.0,4059988000.0,-105441000.0,,3075858000.0,7361883000.0,,20721000.0,15282000.0,3260000.0,,,,,,,661133000.0,,,,,,229577000.0,,,-240362000.0,,4986000.0,-489842000.0,-69492000.0,
2011-03-31,1260272000.0,,,,87661000.0,979716000.0,280556000.0,-52115000.0,,2106000.0,173804000.0,1.4,1.39,123757000.0,125371000.0,1446832000.0,,,80896000.0,,,,1745317000.0,,4854124000.0,,39091000.0,81649000.0,6783167000.0,,,,864535000.0,,77665000.0,,61118000.0,4167263000.0,182846000.0,,2420695000.0,6783167000.0,,6745000.0,1817000.0,9564000.0,,,,,,,323179000.0,,,,,,32347000.0,,,-36738000.0,,991000.0,-97793000.0,188333000.0,
2011-06-30,2627625000.0,,,,179573000.0,2134036000.0,493589000.0,-104586000.0,,7337000.0,295835000.0,2.39,2.36,123970000.0,125729000.0,1684989000.0,,,75368000.0,,,,2070862000.0,,4770450000.0,,37978000.0,95350000.0,7107712000.0,,,,1158251000.0,,76066000.0,,140404000.0,4369977000.0,242490000.0,,2508440000.0,7107712000.0,,12676000.0,6831000.0,7270000.0,,,,,,,830998000.0,171989000.0,,,,,51278000.0,,,-244532000.0,,7554000.0,-160177000.0,426490000.0,
2011-09-30,3925929000.0,,,,287508000.0,3192495000.0,733434000.0,-154976000.0,,11607000.0,422898000.0,3.41,3.37,124176000.0,125860000.0,1776024000.0,,,77411000.0,,,,2205130000.0,106081000.0,4687027000.0,,36864000.0,336472000.0,7428974000.0,,,,1325757000.0,,76510000.0,,128471000.0,4567656000.0,307061000.0,-2867000.0,2574778000.0,7428974000.0,,18318000.0,10081000.0,21248000.0,,,,,,,1149052000.0,281628000.0,,,,,85804000.0,,,-364258000.0,,10331000.0,-267135000.0,517525000.0,
2011-12-31,5269792000.0,,,,389053000.0,4261552000.0,1008240000.0,-202673000.0,805567000.0,-19546000.0,613371000.0,4.94,4.88,124039000.0,125667000.0,1262587000.0,,,72061000.0,-57869000.0,,,1726452000.0,91501000.0,4865332000.0,,35751000.0,125712000.0,6899496000.0,171608000.0,,,1579893000.0,,54294000.0,,128216000.0,4676042000.0,36368000.0,840000.0,2089022000.0,6899496000.0,,23881000.0,-10822000.0,84653000.0,,,,,,,1515835000.0,316533000.0,,,,,184146000.0,,,-459100000.0,,11052000.0,-1057641000.0,4088000.0,2088000.0
2012-03-31,1313498000.0,,,,105950000.0,1053399000.0,260099000.0,-61807000.0,198292000.0,-117000.0,140564000.0,1.25,1.23,112704000.0,114008000.0,1871070000.0,,,68163000.0,,,,2319938000.0,67641000.0,4802373000.0,,34637000.0,120796000.0,7403067000.0,162488000.0,,,1348509000.0,,51969000.0,,129648000.0,6962075000.0,126981000.0,2307000.0,248675000.0,7403067000.0,,2648000.0,-2450000.0,2041000.0,,,,,,,338490000.0,7231000.0,,,,,35493000.0,,,-12027000.0,,489000.0,280810000.0,608483000.0,
2012-06-30,2566705000.0,,,,205727000.0,2042483000.0,524222000.0,-131377000.0,392845000.0,-4857000.0,278628000.0,2.62,2.59,106243000.0,107508000.0,1933189000.0,,,66287000.0,,,,2470718000.0,54445000.0,4744574000.0,,33523000.0,119970000.0,7480591000.0,158665000.0,,,1337048000.0,,45875000.0,,119735000.0,6885119000.0,214791000.0,2096000.0,341642000.0,7480591000.0,,7854000.0,-7409000.0,-19766000.0,,,,,,,660822000.0,121408000.0,,,,,115341000.0,,,-179975000.0,,1059000.0,189194000.0,670602000.0,
2012-09-30,3865200000.0,,,,321512000.0,3093886000.0,771314000.0,-220924000.0,550390000.0,-12483000.0,390663000.0,3.75,3.71,104104000.0,105291000.0,2330937000.0,,,65531000.0,,,,2841284000.0,,4697692000.0,,32410000.0,113883000.0,7956227000.0,186645000.0,,,1205557000.0,,36718000.0,,122878000.0,7236927000.0,276565000.0,3625000.0,411335000.0,7956227000.0,,13704000.0,-15814000.0,-16896000.0,,,,,,,989236000.0,,,,,,168315000.0,,,-351130000.0,,1638000.0,427526000.0,1068350000.0,
2012-12-31,5154284000.0,,,,441699000.0,4125008000.0,1029276000.0,-296278000.0,732998000.0,4299000.0,502036000.0,4.87,4.82,103092000.0,104249000.0,1725219000.0,,,63799000.0,-48677000.0,,,2202378000.0,,4727899000.0,,31297000.0,99227000.0,7276594000.0,164858000.0,,,1131377000.0,,45499000.0,,137830000.0,7172662000.0,44775000.0,4177000.0,-259037000.0,7276594000.0,,19648000.0,-3655000.0,21019000.0,,,,,,,1185718000.0,,,,,,240985000.0,,,-344854000.0,,5253000.0,-382479000.0,462632000.0,4547000.0
2013-03-31,1378654000.0,,,,94909000.0,1045006000.0,333648000.0,-66646000.0,267002000.0,-5142000.0,202963000.0,2.02,2.0,100237000.0,101373000.0,2056705000.0,,,67909000.0,,,,2504504000.0,,4723083000.0,,30183000.0,103421000.0,7535926000.0,200670000.0,,,1234466000.0,,38237000.0,,131294000.0,7261250000.0,147612000.0,2382000.0,-157027000.0,7535926000.0,,1122000.0,-6030000.0,12131000.0,,,,,,,420870000.0,22881000.0,,,,,58797000.0,,,14829000.0,,1232000.0,-102328000.0,331486000.0,
2013-06-30,2710927000.0,,,,227290000.0,2103255000.0,607672000.0,-146830000.0,460842000.0,-4018000.0,332748000.0,3.32,3.28,100484000.0,101549000.0,2028229000.0,,,70153000.0,,,,2490335000.0,,4760886000.0,,29243000.0,97344000.0,7773339000.0,208005000.0,,,1368044000.0,,29673000.0,,125647000.0,7595775000.0,176088000.0,2678000.0,-88028000.0,7773339000.0,,29868000.0,-5758000.0,-36094000.0,,,,,,,910806000.0,126056000.0,,,,,189722000.0,,,-125106000.0,,9891000.0,-483681000.0,303010000.0,
2013-09-30,4101039000.0,,,,332316000.0,3179389000.0,921650000.0,-219278000.0,702372000.0,-11299000.0,514768000.0,5.12,5.07,100685000.0,101547000.0,2041155000.0,,,73038000.0,,,,2765556000.0,,4810378000.0,,31146000.0,92354000.0,8069628000.0,213519000.0,,,1627162000.0,,21024000.0,,131875000.0,7828289000.0,256992000.0,3078000.0,1297000.0,8069628000.0,,35072000.0,-13863000.0,-15578000.0,,,,,,,1281334000.0,190477000.0,,,,,324828000.0,,,-490578000.0,,10646000.0,-476786000.0,315936000.0,
2013-12-31,5620936000.0,,,,448788000.0,4330845000.0,1290091000.0,-303568000.0,986523000.0,-17634000.0,728652000.0,7.25,7.17,100540000.0,101641000.0,2435041000.0,,,74739000.0,-18378000.0,,,2968814000.0,,4934449000.0,,30767000.0,91001000.0,8377030000.0,272861000.0,,,1455534000.0,,14343000.0,,141465000.0,8244679000.0,66130000.0,2913000.0,-184507000.0,8377030000.0,,39537000.0,-19826000.0,14875000.0,,,,,,,1676642000.0,222856000.0,,,,,506786000.0,,,-677580000.0,,12332000.0,-291143000.0,709822000.0,2518000.0
2014-03-31,1513613000.0,,,,111277000.0,1136782000.0,376831000.0,-71179000.0,305652000.0,2609000.0,226896000.0,2.25,2.22,100822000.0,102009000.0,3273621000.0,,,71865000.0,,,,3839184000.0,35947000.0,5036430000.0,,30172000.0,95740000.0,9113221000.0,270299000.0,,,1255325000.0,,42753000.0,,117824000.0,8792479000.0,166664000.0,2528000.0,-72465000.0,9113221000.0,,3921000.0,1583000.0,-13941000.0,,,,,,,209222000.0,46635000.0,,,,,178050000.0,,,17938000.0,,2424000.0,612797000.0,838580000.0,
2014-06-30,2925676000.0,,,,239797000.0,2207503000.0,718173000.0,-153355000.0,564818000.0,3373000.0,430802000.0,4.27,4.22,100915000.0,102018000.0,3035111000.0,,,70132000.0,,,,3618180000.0,8525000.0,5215723000.0,,29576000.0,126855000.0,9071342000.0,223961000.0,,,1285165000.0,,38649000.0,,117621000.0,8783177000.0,243921000.0,3114000.0,21410000.0,9071342000.0,,12345000.0,1507000.0,-28493000.0,,,,,,,578093000.0,92539000.0,,,,,415583000.0,,,-254188000.0,,6451000.0,275543000.0,600070000.0,
2014-09-30,4295686000.0,,,,366631000.0,3244938000.0,1050748000.0,-228036000.0,822712000.0,8261000.0,622208000.0,6.17,6.1,100959000.0,101999000.0,2890878000.0,,,69975000.0,,,,3470319000.0,0.0,5460971000.0,,28980000.0,152511000.0,9181699000.0,243276000.0,,,1344312000.0,,36668000.0,,134517000.0,8888284000.0,308641000.0,2350000.0,94715000.0,9181699000.0,,22714000.0,-462000.0,-36121000.0,,,,,,,974128000.0,124758000.0,,,,,707083000.0,,,-565490000.0,,6525000.0,48920000.0,455837000.0,
2014-12-31,5433661000.0,,,,492464000.0,4167383000.0,1266278000.0,-307416000.0,958862000.0,-3782000.0,731554000.0,7.25,7.18,100927000.0,101931000.0,2182164000.0,,,72223000.0,-30072000.0,,,2782331000.0,10173000.0,5855842000.0,,112367000.0,212515000.0,9062861000.0,303284000.0,,,1313165000.0,,25225000.0,,152131000.0,8851770000.0,164487000.0,2505000.0,-28779000.0,9062861000.0,,39154000.0,-8086000.0,-38000.0,,,,,,,1098317000.0,200258000.0,,,,,1127015000.0,,,-1114352000.0,,9339000.0,-235625000.0,-252877000.0,3041000.0
2015-03-31,1092238000.0,,,,122200000.0,907179000.0,185059000.0,-195764000.0,-10705000.0,3197000.0,-44601000.0,-0.44,-0.44,101135000.0,101135000.0,1641908000.0,,,69911000.0,,,,2382852000.0,87356000.0,6245530000.0,,112772000.0,226416000.0,9151680000.0,186964000.0,,,1247552000.0,,27498000.0,,173369000.0,9298832000.0,-32388000.0,1953000.0,-224046000.0,9151680000.0,,10660000.0,2621000.0,58832000.0,,,,,,,-15013000.0,89898000.0,,,,,495743000.0,,,-521597000.0,,335000.0,-3434000.0,-540256000.0,
2015-06-30,2132696000.0,,,,235907000.0,1778516000.0,354180000.0,-274384000.0,90501000.0,16495000.0,56460000.0,0.56,0.56,101157000.0,101795000.0,1488220000.0,,,66576000.0,,,,2087703000.0,117168000.0,6618499000.0,,112176000.0,256281000.0,9283042000.0,214981000.0,,,1227090000.0,,39993000.0,,141156000.0,9393702000.0,-26583000.0,1963000.0,-208447000.0,9283042000.0,,20996000.0,15251000.0,40314000.0,,,,,,,186330000.0,137911000.0,,,,,909929000.0,,,-964499000.0,,471000.0,84136000.0,-693944000.0,
2015-09-30,3128981000.0,,,,352546000.0,2622027000.0,506954000.0,-340079000.0,166875000.0,12589000.0,85625000.0,0.85,0.84,101161000.0,101708000.0,1900209000.0,,,66583000.0,,,,2348198000.0,122888000.0,7090449000.0,,111580000.0,195691000.0,9981185000.0,232999000.0,,,1113453000.0,,36569000.0,,143496000.0,10041967000.0,-3560000.0,1743000.0,-176834000.0,9981185000.0,,30206000.0,12033000.0,-20116000.0,,,,,,,345508000.0,182600000.0,,,,,1331676000.0,,,-1425925000.0,,549000.0,798070000.0,-281955000.0,
2015-12-31,4075883000.0,,,,464793000.0,3417069000.0,658814000.0,-369567000.0,289247000.0,7723000.0,195290000.0,1.93,1.92,101163000.0,101671000.0,2080089000.0,,,74493000.0,,,,2505778000.0,136256000.0,7477478000.0,,110972000.0,184621000.0,10522259000.0,210372000.0,,,1110171000.0,,36357000.0,,141121000.0,10500414000.0,55332000.0,1092000.0,-111979000.0,10522259000.0,,38286000.0,6498000.0,-47011000.0,,,,,,,572813000.0,253284000.0,,,,,1921240000.0,,,-1891558000.0,,792000.0,1216258000.0,-102075000.0,2873000.0
2016-03-31,997678000.0,,,,117445000.0,839380000.0,158298000.0,-48588000.0,109710000.0,3918000.0,75221000.0,0.74,0.74,101392000.0,101686000.0,2107253000.0,,,72604000.0,,,,2605493000.0,73374000.0,7633434000.0,,110376000.0,215493000.0,10646560000.0,111114000.0,,,970616000.0,,39745000.0,,146709000.0,10565625000.0,79697000.0,1927000.0,-84326000.0,10646560000.0,,10511000.0,3397000.0,1303000.0,,,,,,,115373000.0,4991000.0,,,,,273162000.0,,1194000.0,-272721000.0,,10000.0,184822000.0,27164000.0,
2016-06-30,2056042000.0,,,,236950000.0,1750205000.0,305837000.0,-109578000.0,196259000.0,-2893000.0,145612000.0,1.44,1.43,101438000.0,101881000.0,1902323000.0,,,74790000.0,,,,2414543000.0,92821000.0,7775244000.0,,114780000.0,210113000.0,10610351000.0,173459000.0,,,991937000.0,,36316000.0,,123387000.0,10608656000.0,99379000.0,2097000.0,-69585000.0,10610351000.0,,20808000.0,4000.0,-17111000.0,,,,,,,369946000.0,87589000.0,,,,,548898000.0,,8093000.0,-605771000.0,,45000.0,59163000.0,-177766000.0,
2016-09-30,3165864000.0,,,,381156000.0,2783096000.0,382768000.0,-205720000.0,177048000.0,1145000.0,128175000.0,1.26,1.26,101439000.0,101835000.0,1510808000.0,,,88728000.0,,,,2057197000.0,77549000.0,8270047000.0,,114184000.0,204116000.0,10925944000.0,356533000.0,,,1430270000.0,,36093000.0,,83157000.0,10990376000.0,32148000.0,2022000.0,-133998000.0,10925944000.0,,28856000.0,-95000.0,-9463000.0,,,,,,,680843000.0,126635000.0,,,,,954709000.0,,12116000.0,-1015228000.0,,111000.0,-234440000.0,-569281000.0,
2016-12-31,4466297000.0,,,,548141000.0,3944635000.0,521662000.0,-211065000.0,310597000.0,8128000.0,241975000.0,2.39,2.38,101445000.0,101855000.0,2453122000.0,,,91541000.0,,,,2990367000.0,128023000.0,8259631000.0,,113588000.0,269125000.0,11953557000.0,298505000.0,,,1416301000.0,,66561000.0,,87462000.0,11695676000.0,95097000.0,1484000.0,157949000.0,11953557000.0,,43218000.0,6356000.0,39272000.0,,,,,,,970546000.0,196750000.0,,,,,1225943000.0,,,-1288250000.0,,742000.0,691866000.0,373033000.0,2040000.0
2017-03-31,1475680000.0,,,,159962000.0,1225750000.0,249930000.0,-114515000.0,135415000.0,2890000.0,100816000.0,0.99,0.99,101753000.0,102069000.0,2543431000.0,,,86466000.0,,,,3081410000.0,164371000.0,8273757000.0,,112993000.0,194127000.0,11829528000.0,341423000.0,,,1508170000.0,,68620000.0,,87203000.0,11476869000.0,142441000.0,709000.0,219964000.0,11829528000.0,,8207000.0,2170000.0,-37043000.0,,,,,,,414584000.0,77514000.0,,,,,145632000.0,,464000.0,-122455000.0,,0.0,-201036000.0,90309000.0,
2017-06-30,3004941000.0,,,,324131000.0,2508122000.0,496819000.0,-252002000.0,244817000.0,5497000.0,175731000.0,1.73,1.72,101944000.0,102494000.0,2486423000.0,,,84508000.0,,,,3040189000.0,176430000.0,8321777000.0,,124897000.0,191194000.0,11856899000.0,299348000.0,,,1539909000.0,,71031000.0,,81957000.0,11499193000.0,166256000.0,-1068000.0,273423000.0,11856899000.0,,18787000.0,4580000.0,-28669000.0,,,,,,,803552000.0,133461000.0,,,,,392575000.0,,13161000.0,-397286000.0,,0.0,-369036000.0,33301000.0,
2017-09-30,4617272000.0,,,,502637000.0,3863126000.0,754146000.0,-403816000.0,350330000.0,5040000.0,255499000.0,2.51,2.49,102173000.0,102794000.0,2935985000.0,,,82897000.0,,,,3556552000.0,163368000.0,8386843000.0,,124301000.0,194175000.0,12427954000.0,279416000.0,,,2062058000.0,,87281000.0,,108590000.0,12029744000.0,194814000.0,-673000.0,329076000.0,12427954000.0,,29290000.0,20830000.0,1198000.0,,,,,,,1277505000.0,191147000.0,,,,,650282000.0,,13408000.0,-663159000.0,,0.0,-128043000.0,482863000.0,
2017-12-31,6306368000.0,,,,685485000.0,5250803000.0,1055565000.0,-495296000.0,560269000.0,-328985000.0,747181000.0,7.32,7.28,102071000.0,102598000.0,2804474000.0,,,71636000.0,,,,3423784000.0,160682000.0,8498756000.0,,123705000.0,232119000.0,12681739000.0,285437000.0,,,1930290000.0,,0.0,,107163000.0,11603389000.0,635067000.0,-1845000.0,947846000.0,12681739000.0,,43971000.0,-310854000.0,-829000.0,,,,,,,1876577000.0,229328000.0,,,,,935474000.0,,,-957633000.0,,0.0,-563712000.0,351352000.0,37089000.0
2018-03-31,1715578000.0,,,,169585000.0,1796872000.0,-81294000.0,-167229000.0,-248523000.0,-111045000.0,-204307000.0,-1.99,-1.99,102570000.0,102570000.0,2031662000.0,,,67579000.0,,,,2448299000.0,100494000.0,8887843000.0,,212384000.0,216167000.0,12215174000.0,301577000.0,,,2098909000.0,,,,110198000.0,11443786000.0,388523000.0,-1874000.0,711562000.0,12215174000.0,,7304000.0,-110173000.0,5169000.0,,,,,,,-53646000.0,32040000.0,,,,,514536000.0,,89298000.0,-408113000.0,,,-307247000.0,,
2018-06-30,3321002000.0,,,,353216000.0,3122724000.0,279572000.0,-251223000.0,195578000.0,-120747000.0,155756000.0,1.44,1.44,107792000.0,108405000.0,1445163000.0,,,66765000.0,,,,1888458000.0,72083000.0,9053922000.0,,224008000.0,216709000.0,11816556000.0,247390000.0,,,1746819000.0,,,,116540000.0,9996961000.0,462950000.0,-1938000.0,1712985000.0,11816556000.0,,16646000.0,-119768000.0,5640000.0,,,,,,,53302000.0,34098000.0,,,,,841924000.0,,101477000.0,-748418000.0,915213000.0,,-658248000.0,-1357661000.0,
2018-09-30,5030074000.0,,,,545543000.0,4540813000.0,489261000.0,-326318000.0,215888000.0,-124631000.0,156115000.0,1.44,1.44,108064000.0,108533000.0,1949253000.0,,,63076000.0,,,,2336320000.0,0.0,9221028000.0,,223382000.0,231700000.0,12377491000.0,315959000.0,,,2047405000.0,,,,94468000.0,10837208000.0,537771000.0,-2083000.0,1804993000.0,12377491000.0,,28265000.0,-123516000.0,11038000.0,,,,,,,497889000.0,34098000.0,,,,,1154255000.0,,102388000.0,-928893000.0,915187000.0,,-423720000.0,-853634000.0,
2018-12-31,6717660000.0,,,,761415000.0,5982116000.0,735544000.0,-429804000.0,305740000.0,-497344000.0,572430000.0,5.37,5.35,106529000.0,107032000.0,2215001000.0,,,66627000.0,736452000.0,,,2641376000.0,0.0,9385920000.0,,222506000.0,225693000.0,13216269000.0,321796000.0,,,1882063000.0,,,,108277000.0,11401480000.0,921785000.0,-1950000.0,2034123000.0,13216269000.0,,36491000.0,-498654000.0,59157000.0,,,,,,,961489000.0,34098000.0,,,,,1475972000.0,,,-1222810000.0,915240000.0,0.0,-324257000.0,-587311000.0,1885000.0
2019-03-31,,,,,217322000.0,1396370000.0,255176000.0,-93760000.0,161416000.0,1685000.0,104872000.0,0.98,0.98,106792000.0,107073000.0,1822891000.0,,,67373000.0,,,,2241827000.0,,9361912000.0,,133837000.0,239129000.0,13161227000.0,345527000.0,,,1877930000.0,,,,94031000.0,11245984000.0,945972000.0,-2591000.0,2078220000.0,13161227000.0,,10008000.0,-76000.0,-11088000.0,,,,,,,263858000.0,1000000.0,,,,,310279000.0,,0.0,-310875000.0,,,-343109000.0,-392530000.0,
2019-06-30,,,,,419546000.0,2835986000.0,473892000.0,-172233000.0,301659000.0,-2000000.0,199423000.0,1.87,1.86,106876000.0,107141000.0,1501886000.0,,,81766000.0,,,,1967323000.0,,9640704000.0,,133066000.0,228486000.0,13165274000.0,432130000.0,,,1975348000.0,,,,92248000.0,11314335000.0,932907000.0,-1986000.0,2050821000.0,13165274000.0,,19498000.0,-2488000.0,25965000.0,,,,,,,509444000.0,0.0,,,,,636002000.0,1000000.0,,-636561000.0,0.0,,-585895000.0,-712956000.0,
2019-09-30,,,,,665988000.0,4305913000.0,651727000.0,-303458000.0,348269000.0,19727000.0,195927000.0,1.83,1.83,106791000.0,107024000.0,1676110000.0,,,80486000.0,,,,2111252000.0,,9621268000.0,,148972000.0,225613000.0,13277058000.0,292140000.0,,,1930384000.0,,,,108980000.0,11611179000.0,822070000.0,-2700000.0,1918751000.0,13277058000.0,,29774000.0,16838000.0,23046000.0,,,,,,,779885000.0,0.0,,,,,878335000.0,6000000.0,,-883743000.0,0.0,,-431563000.0,-537031000.0,
2019-12-31,,,,,896670000.0,5732794000.0,878305000.0,-390087000.0,488218000.0,176840000.0,122985000.0,1.15,1.15,106745000.0,106985000.0,2351904000.0,,,88519000.0,562262000.0,,,2856337000.0,,9623832000.0,,146414000.0,223129000.0,13871281000.0,262437000.0,,824269000.0,1982884000.0,,,,107760000.0,12329809000.0,641818000.0,-1679000.0,1743045000.0,13871281000.0,,39702000.0,174190000.0,86712000.0,,,,,-134858000.0,,901070000.0,0.0,,,,,1063293000.0,,,-1068598000.0,0.0,,299012000.0,138969000.0,-16811000.0
2020-03-31,,,,,234328000.0,1201127000.0,-247411000.0,-127042000.0,-374453000.0,75800000.0,-402037000.0,-3.77,-3.77,106663000.0,106663000.0,2880971000.0,,,86182000.0,,,,3415364000.0,,9539407000.0,,143857000.0,235823000.0,14273347000.0,194226000.0,,913395000.0,1884837000.0,,,,106862000.0,13280867000.0,132266000.0,-947000.0,1242090000.0,14273347000.0,,9364000.0,74860000.0,56284000.0,,,,,71736000.0,,-176500000.0,,,,,,139316000.0,0.0,,-137154000.0,,,837997000.0,527609000.0,
2020-06-30,,,,,386409000.0,1809841000.0,-770427000.0,-257957000.0,-1028384000.0,156738000.0,-1039601000.0,-9.74,-9.74,106713000.0,106713000.0,3800000000.0,,,84779000.0,,,,4236381000.0,,9415313000.0,,141299000.0,240813000.0,14885675000.0,215832000.0,,954074000.0,1869851000.0,,,,110051000.0,14611477000.0,-505090000.0,-908000.0,619519000.0,14885675000.0,,30448000.0,155316000.0,39000.0,,,,,111967000.0,,-607987000.0,,,,,,191682000.0,0.0,,-187949000.0,,,2235890000.0,1444295000.0,
2020-09-30,,,,,547305000.0,2463300000.0,-1053434000.0,-399118000.0,-1452552000.0,564103000.0,-1797743000.0,-16.85,-16.85,106783000.0,106783000.0,3554895000.0,,,73627000.0,,,,3869477000.0,,9313066000.0,,138742000.0,234580000.0,13967116000.0,146427000.0,,886073000.0,1688700000.0,,,,136229000.0,14513747000.0,-1262947000.0,-898000.0,-128703000.0,13967116000.0,,40501000.0,562262000.0,-105879000.0,,,,,45852000.0,,-781079000.0,,,,,,261093000.0,0.0,,-257360000.0,,,2236479000.0,1201452000.0,
2020-12-31,,,,,720849000.0,3327906000.0,-1232045000.0,-530230000.0,-1762275000.0,564671000.0,-2067245000.0,-19.37,-19.37,106745000.0,106745000.0,3482032000.0,,,66285000.0,,,,3813147000.0,,9196644000.0,144095000.0,,178615000.0,13869547000.0,148478000.0,,646856000.0,1880888000.0,,,,133490000.0,14606864000.0,-1532420000.0,3604000.0,-351997000.0,13869547000.0,,62254000.0,562484000.0,-81646000.0,,,,,-192451000.0,,-1072425000.0,0.0,,,,,290115000.0,,,-265759000.0,0.0,,2463245000.0,1128092000.0,1433000.0
2021-03-31,,,,,179774000.0,901515000.0,-175732000.0,-159954000.0,-335686000.0,500000.0,-280978000.0,-2.53,-2.53,111020000.0,111020000.0,2890407000.0,,,65252000.0,,,,3249766000.0,,9050178000.0,145407000.0,,184479000.0,13166911000.0,133212000.0,,514199000.0,1369882000.0,,,,123849000.0,13369850000.0,-1813317000.0,6501000.0,233683000.0,13166911000.0,,24346000.0,293000.0,22947000.0,,,,,-131336000.0,,-253906000.0,,,,,,40270000.0,8500000.0,,-48636000.0,841899000.0,,-285440000.0,-589113000.0,
2021-06-30,,,,,377319000.0,1932048000.0,-205253000.0,-303133000.0,-508386000.0,1200000.0,-412347000.0,-3.66,-3.66,114545000.0,114545000.0,2802716000.0,,,66100000.0,,,,3215089000.0,,8925386000.0,145179000.0,,200387000.0,13022665000.0,168143000.0,,501652000.0,2538302000.0,,,,106171000.0,13376504000.0,-1944668000.0,6293000.0,102752000.0,13022665000.0,,49453000.0,-767000.0,53799000.0,,,,,-144407000.0,,-226807000.0,,,,,,110045000.0,15741000.0,,-122284000.0,841896000.0,,-329849000.0,-677299000.0,
2021-09-30,,,,,574669000.0,3010356000.0,-288917000.0,-464297000.0,-753214000.0,2345000.0,-578596000.0,-5.1,-5.1,114655000.0,114655000.0,2480000000.0,,,64043000.0,,,,2855886000.0,,8859157000.0,139927000.0,,224405000.0,12607695000.0,154663000.0,,466004000.0,1286592000.0,,,,102751000.0,13200284000.0,-2110895000.0,4119000.0,-53238000.0,12607695000.0,,75033000.0,-527000.0,29729000.0,,,,,-178959000.0,,-216832000.0,,,,,,213088000.0,19741000.0,,-229140000.0,841896000.0,,-555569000.0,-1003230000.0,
2021-12-31,,,,,796592000.0,4158205000.0,-394541000.0,-616975000.0,-1011516000.0,474000.0,-755786000.0,-6.64,-6.64,113760000.0,113760000.0,2522530000.0,,,69967000.0,1333000.0,,,2875917000.0,,8765308000.0,129738000.0,,207017000.0,12530826000.0,170542000.0,,436388000.0,1287880000.0,,,,79428000.0,13367041000.0,-2288078000.0,6004000.0,-214418000.0,12530826000.0,,95238000.0,-2706000.0,29441000.0,,,,,-207878000.0,,-222591000.0,,,,,,290657000.0,,,-342423000.0,4662000.0,,-388002000.0,-955317000.0,1749000.0
2022-03-31,,,,,196780000.0,1048199000.0,-94865000.0,-158605000.0,-253470000.0,1140000.0,-183324000.0,-1.59,-1.59,115030000.0,115030000.0,2320000000.0,,,72244000.0,,,,2665607000.0,,8670727000.0,98527000.0,,203466000.0,12179310000.0,164934000.0,,423859000.0,1154246000.0,,,,72108000.0,13212569000.0,-2471285000.0,9301000.0,-337040000.0,12179310000.0,,13900000.0,415000.0,-11868000.0,,,,,-11435000.0,,-117385000.0,,,,,,96343000.0,901000.0,,-97215000.0,0.0,,10872000.0,-204653000.0,
2022-06-30,,,,,397158000.0,2009059000.0,-146893000.0,-319281000.0,-466174000.0,1900000.0,-313375000.0,-2.73,-2.73,114749000.0,114749000.0,2014898000.0,,,69075000.0,,,,2371214000.0,,8596653000.0,90519000.0,,204084000.0,11788531000.0,153816000.0,,412594000.0,1617269000.0,,,,68014000.0,13162785000.0,-2601331000.0,9829000.0,-609362000.0,11788531000.0,,28495000.0,429000.0,-15833000.0,,,,,-21949000.0,,-157451000.0,,,,,,186038000.0,9375000.0,,-195384000.0,0.0,,-150906000.0,-507331000.0,
2022-09-30,,,,,598433000.0,2951772000.0,-199884000.0,-472691000.0,-672575000.0,3248000.0,-456267000.0,-4.0,-4.0,114061000.0,114061000.0,1943505000.0,,,68310000.0,,,,2323407000.0,,8498814000.0,90519000.0,,204196000.0,11779345000.0,139154000.0,,436198000.0,1635036000.0,,,,62740000.0,13376308000.0,-2744222000.0,10388000.0,-763153000.0,11779345000.0,,48569000.0,1188000.0,-341000.0,,,,,1731000.0,,-153038000.0,,,,,,273251000.0,10919000.0,,-283685000.0,0.0,,9441000.0,-428401000.0,
2022-12-31,,,,,830450000.0,3857501000.0,-100676000.0,-599360000.0,-700036000.0,9332000.0,-423856000.0,-3.73,-3.73,113623000.0,113623000.0,3650440000.0,,,70094000.0,,,,4029587000.0,,6896060000.0,90520000.0,,263305000.0,13415100000.0,197474000.0,,506148000.0,1811423000.0,,,,59569000.0,15055465000.0,-2711808000.0,-404000.0,-750838000.0,13415100000.0,,67627000.0,3241000.0,9335000.0,,,,,69692000.0,,-71272000.0,,,,,,300127000.0,,,1348967000.0,2895000.0,,-23678000.0,1251923000.0,5290000.0
2023-03-31,,,,,259772000.0,1254164000.0,169515000.0,-167351000.0,2164000.0,1018000.0,12332000.0,0.11,-0.02,112753000.0,113116000.0,3843528000.0,,,69182000.0,,,,4253280000.0,,6826026000.0,90520000.0,,253636000.0,13724021000.0,183183000.0,,490848000.0,1370915000.0,,,,234988000.0,15340391000.0,-2699476000.0,10475000.0,-717434000.0,13724021000.0,,14710000.0,-162000.0,11048000.0,,,,,-13316000.0,,169491000.0,,,,,,124466000.0,7741000.0,,-131950000.0,,,121003000.0,155977000.0,
2023-06-30,,,,,517093000.0,2599650000.0,419851000.0,-285547000.0,134304000.0,5323000.0,117516000.0,1.04,0.84,112889000.0,113198000.0,3653966000.0,,,70979000.0,,,,4351764000.0,,6771322000.0,90520000.0,,287812000.0,13783686000.0,178486000.0,,498136000.0,1346047000.0,,,,232539000.0,15290850000.0,-2622773000.0,7916000.0,-630253000.0,13783686000.0,,32995000.0,-1371000.0,9489000.0,,,,,-6465000.0,,530739000.0,,,,,,215299000.0,42933000.0,,-544261000.0,,,-18807000.0,-35193000.0,
2023-09-30,,,,,785538000.0,4208991000.0,482446000.0,-471432000.0,-123290000.0,-2749000.0,-116678000.0,-1.03,-1.03,112813000.0,113132000.0,2788108000.0,,,75071000.0,,,,4031176000.0,,6730797000.0,18465000.0,,317041000.0,13336261000.0,187898000.0,,517145000.0,1514034000.0,,,,237591000.0,15045310000.0,-2767938000.0,6218000.0,-821764000.0,13336261000.0,,49139000.0,-198000.0,29513000.0,,,,,12265000.0,,806550000.0,,,,,,329428000.0,62921000.0,,-1178378000.0,,,-527855000.0,-903404000.0,
2023-12-31,,,,,1065022000.0,5691726000.0,840171000.0,-554788000.0,285383000.0,-496834000.0,729994000.0,6.49,6.32,112523000.0,112855000.0,2879186000.0,,,75552000.0,500877000.0,,,4241621000.0,,6688479000.0,18463000.0,,312434000.0,13996223000.0,208263000.0,,543288000.0,2200454000.0,,,,236210000.0,15097157000.0,-2066953000.0,3406000.0,-251382000.0,13996223000.0,,64515000.0,-502784000.0,123747000.0,,,,,37951000.0,,1247879000.0,,,,,,442793000.0,,,-1342533000.0,0.0,,-719206000.0,-813578000.0,10310000.0
2024-03-31,,,,,271616000.0,1499968000.0,362941000.0,-166429000.0,196512000.0,20014000.0,144216000.0,1.3,1.3,111023000.0,111333000.0,2420203000.0,,,73686000.0,,,,3770912000.0,,6606525000.0,18500000.0,,378062000.0,13470736000.0,176420000.0,,489866000.0,2633120000.0,,,,228831000.0,14417116000.0,-1950755000.0,4830000.0,-136953000.0,13470736000.0,,14369000.0,16774000.0,-44352000.0,,,,,-53147000.0,,315094000.0,,,,,,97702000.0,15000.0,,-167419000.0,,,-604363000.0,-459063000.0,
2024-06-30,,,,,536343000.0,2963242000.0,632599000.0,-281879000.0,350720000.0,27949000.0,256159000.0,2.31,2.3,110980000.0,111222000.0,2379415000.0,,,72152000.0,,,,3372513000.0,,6492579000.0,18500000.0,,732375000.0,13289798000.0,200652000.0,,488567000.0,2601026000.0,,,,234419000.0,14191760000.0,-1866826000.0,2213000.0,-109824000.0,13289798000.0,,30536000.0,22307000.0,-21633000.0,,,,,-55056000.0,,667854000.0,,,,,,191337000.0,2614000.0,,-271626000.0,,,-895791000.0,-499368000.0,
2024-09-30,,,,,808172000.0,4523328000.0,765836000.0,-403404000.0,362432000.0,45100000.0,224106000.0,2.03,2.02,110559000.0,110810000.0,2407289000.0,,,75479000.0,,,,4190673000.0,,6517830000.0,18500000.0,,760477000.0,14111399000.0,212989000.0,,538136000.0,2743305000.0,,,,265649000.0,15176877000.0,-1926524000.0,-4409000.0,-281402000.0,14111399000.0,,44206000.0,37780000.0,-408000.0,,,,,-7301000.0,,947175000.0,,,,,,292690000.0,2615000.0,,126512000.0,,,-337737000.0,739301000.0,
,,,,,,,,,,,,,,,,,,,,,,,,,,,,,,,,,,,,,,,,,,,,,,,,,,,,,,,,,,,,,,,,,,,
,,,,,,,,,,,,,,,,,,,,,,,,,,,,,,,,,,,,,,,,,,,,,,,,,,,,,,,,,,,,,,,,,,,
