Date,Net sales,Cost of sales,Gross margin,Research and development,"Selling, general and administrative",Total operating expenses,Operating income,"Other income/(expense), net",Income before provision for income taxes,Provision for income taxes,Net income,Earnings per share basic,Earnings per share diluted,Weighted-average basic,Weighted-average diluted,Cash and cash equivalents,Short-term marketable securities,"Accounts receivable, net",Inventories,Deferred tax assets,Vendor non-trade receivables,Other current assets,Total current assets,Long-term marketable securities,"Property, Plant and Equipment, Net",Goodwill,"Acquired intangible assets, net","Other Assets, Noncurrent",Total assets,accounts payable,Accrued expenses,Deferred revenue,Total current liabilities,Deferred revenue - non-current,deferred tax liabilities,long term taxes payable,Total other non-current liabilities,Total liabilities,Retained Earnings (Accumulated Deficit),Accumulated other comprehensive (loss)/income,Total shareholders equity,Total liabilities and shareholders' equity,"Depreciation, amortization and accretion",Stock-based compensation expense,Deferred income tax expense,"Increase (Decrease) in Accounts receivable, net",Increase (Decrease) in Inventories,Increase (Decrease) in Other Receivables,Increase (Decrease) in Other Operating Assets,Increase (Decrease) in Accounts Payable,Increase (Decrease) in Deferred Revenue,Increase (Decrease) Other liabilities,Cash generated by operating activities,Purchases of marketable securities,Proceeds from maturities of marketable securities,Proceeds from sales of marketable securities,Purchases of other long-term investments,"Business acquisitions, net of cash acquired",Cash payments for capital asset purchases,Payments for acquisition of intangible assets,Payments for (Proceeds from) Other Investing Activities,Cash used in investing activities,Proceeds from issuance of common stock,Excess tax benefits from stock-based compensation,Cash generated/used in financing activities,Increase/(decrease) in cash and cash equivalents,"Cash paid for income taxes, net"
2009-12-31,9644303000.0,,,,,8175731000.0,1468572000.0,,,371314000.0,,1.48,1.48,456433000.0,457139000.0,107789000.0,,,566205000.0,,,,2763411000.0,,18508296000.0,,,140367000.0,25488428000.0,1083127000.0,350318000.0,,3015257000.0,,3336354000.0,,211666000.0,,1419201000.0,-49709000.0,,25488428000.0,818052000.0,29672000.0,-416581000.0,,-100504000.0,,,-50015000.0,,,1918464000.0,,,,,,1786902000.0,,,-1734667000.0,20133000.0,,-322420000.0,-138623000.0,-21154000.0
2010-03-31,2807462000.0,,,,,2403797000.0,403665000.0,,,121898000.0,,0.36,0.36,458918000.0,459697000.0,79504000.0,,,452421000.0,,,,2344294000.0,,18744541000.0,,,147531000.0,25334501000.0,842794000.0,286621000.0,,2759838000.0,,3386149000.0,,249698000.0,,,,,25334501000.0,206126000.0,7129000.0,-77163000.0,,-113784000.0,,,-199311000.0,,,555539000.0,,,,,,481242000.0,,,-460112000.0,2589000.0,,-121731000.0,-26304000.0,-393000.0
2010-06-30,5115226000.0,,,,,4386257000.0,728969000.0,,,198764000.0,,0.66,0.66,460041000.0,460432000.0,65988000.0,,,464383000.0,,,,2263947000.0,,19074194000.0,,,151714000.0,25563212000.0,842277000.0,322361000.0,,2345667000.0,,3448079000.0,,254895000.0,,,,,25563212000.0,417632000.0,16470000.0,138133000.0,,-101822000.0,,,-226316000.0,,,911531000.0,,,,,,967331000.0,,,-934426000.0,4294000.0,,-19748000.0,-42643000.0,7831000.0
2010-09-30,7744013000.0,,,,,6446414000.0,1297599000.0,,,364964000.0,,1.34,1.34,460471000.0,462019000.0,213455000.0,,,591725000.0,,,,2529513000.0,,19444841000.0,,,162473000.0,26301466000.0,794381000.0,357274000.0,,2199484000.0,,3616378000.0,,251819000.0,,,,,26301466000.0,639303000.0,27272000.0,299572000.0,,25520000.0,,,-282950000.0,,,1521729000.0,,,,,,1561987000.0,,,-1520958000.0,5869000.0,,102598000.0,103369000.0,-17410000.0
2010-12-31,10310947000.0,,,,,8690978000.0,1619969000.0,,,436635000.0,,1.63,1.62,462052000.0,463391000.0,108437000.0,,,560800000.0,3395038000.0,,,2732643000.0,,20663082000.0,,,180044000.0,27387690000.0,979750000.0,276111000.0,,2536533000.0,,3390027000.0,,249635000.0,,1701703000.0,-53093000.0,,27387690000.0,858882000.0,35807000.0,414460000.0,,-9239000.0,,,-188855000.0,,,1893942000.0,,,,,,2217327000.0,,,-2806724000.0,457258000.0,,905571000.0,-7211000.0,-16635000.0
2011-03-31,2816540000.0,,,,,2389877000.0,426663000.0,,,112001000.0,,0.42,0.42,483641000.0,484301000.0,94338000.0,,,442205000.0,,,,2514129000.0,,20908333000.0,,,168473000.0,27466649000.0,848568000.0,248408000.0,,2484756000.0,,3567061000.0,,226783000.0,,1781386000.0,-51847000.0,,27466649000.0,224723000.0,9895000.0,114852000.0,,118595000.0,,,-72424000.0,,,659443000.0,,,,,,540339000.0,,,-624348000.0,1878000.0,,-49194000.0,-14099000.0,-59051000.0
2011-06-30,5254762000.0,,,,,4468657000.0,786105000.0,,558672000.0,196534000.0,362331000.0,0.74,0.74,484918000.0,485241000.0,101603000.0,,679560000.0,484772000.0,,,,2478963000.0,,21513539000.0,,,163817000.0,28003224000.0,957521000.0,278749000.0,,2638759000.0,,3665418000.0,,225757000.0,,1812505000.0,-50983000.0,,28003224000.0,463013000.0,20299000.0,197637000.0,,76028000.0,,,32116000.0,,,1123116000.0,,,,,,1122269000.0,,,-1089883000.0,3789000.0,,-40067000.0,-6834000.0,-54993000.0
2011-09-30,8086360000.0,,,,,6648759000.0,1437601000.0,,1090271000.0,389838000.0,700663000.0,1.43,1.43,485344000.0,485894000.0,194155000.0,,752123000.0,608007000.0,,,,2861473000.0,,21729488000.0,,,164495000.0,28537854000.0,837259000.0,328958000.0,,2653183000.0,,3809638000.0,,221616000.0,,2019440000.0,-80969000.0,,28537854000.0,709936000.0,31943000.0,389355000.0,,47207000.0,,,-82681000.0,,,1924118000.0,,,,,,1604206000.0,,,-1660955000.0,6164000.0,,-177445000.0,85718000.0,-53567000.0
2011-12-31,10654770000.0,,,,,8873168000.0,1781602000.0,,1309690000.0,468316000.0,841172000.0,1.72,1.72,485039000.0,485615000.0,60684000.0,,753120000.0,618232000.0,-3841931000.0,,,2982564000.0,,22353367000.0,,,155926000.0,29497267000.0,902078000.0,381819000.0,,3588639000.0,,,,203313000.0,,2032556000.0,-94035000.0,,29497267000.0,908853000.0,45006000.0,466567000.0,,57432000.0,,,13748000.0,,,2405522000.0,,,,,,2205567000.0,,6152000.0,-2247801000.0,38691000.0,,-205474000.0,-47753000.0,-55764000.0
2012-03-31,2578079000.0,,,,,2197917000.0,380162000.0,,259284000.0,75515000.0,183893000.0,0.38,0.38,487360000.0,487995000.0,99742000.0,,718145000.0,474359000.0,162353000.0,,,2542834000.0,,22672686000.0,,,192157000.0,29453253000.0,786187000.0,348921000.0,,3708042000.0,,,,219273000.0,,2089275000.0,-67515000.0,,29453253000.0,233097000.0,3883000.0,167426000.0,,-143873000.0,,,-202649000.0,,,477483000.0,,,,,,497218000.0,,1304000.0,-399012000.0,1598000.0,,-39413000.0,39058000.0,1173000.0
2012-06-30,4852747000.0,,,,,4066895000.0,785852000.0,,544160000.0,177316000.0,366953000.0,0.75,0.75,487717000.0,488017000.0,63530000.0,,645264000.0,473137000.0,178470000.0,,,2560408000.0,,23047854000.0,,,193566000.0,29820143000.0,871069000.0,338635000.0,,3831222000.0,,,,217053000.0,,2140639000.0,-102006000.0,,29820143000.0,464117000.0,17249000.0,278358000.0,,-145095000.0,,,-177076000.0,,,865296000.0,,,,,,1103562000.0,,24000.0,-956362000.0,3698000.0,,93912000.0,2846000.0,5875000.0
2012-09-30,7577088000.0,,,,,6070802000.0,1506286000.0,,1145152000.0,380161000.0,765059000.0,1.57,1.57,488084000.0,488578000.0,747273000.0,,704580000.0,562721000.0,225877000.0,,,3370844000.0,,23401597000.0,,,203506000.0,31057498000.0,885099000.0,302317000.0,,3160534000.0,,,,224400000.0,,2406016000.0,-109600000.0,,31057498000.0,707630000.0,20886000.0,440413000.0,,-55511000.0,,,-118276000.0,,,1571921000.0,,,,,,1805843000.0,,-343000.0,-1609596000.0,5878000.0,,724264000.0,686589000.0,6257000.0
2012-12-31,10128223000.0,,,,,8305540000.0,1822683000.0,,1355402000.0,450203000.0,905229000.0,1.86,1.85,487899000.0,488434000.0,82323000.0,,718046000.0,535574000.0,-4401791000.0,,,2625139000.0,,23809348000.0,,,200008000.0,31140686000.0,959093000.0,287802000.0,,2937073000.0,,,,229207000.0,,2413816000.0,-112653000.0,,31140686000.0,943702000.0,26970000.0,508094000.0,,-82658000.0,,,-100327000.0,,,2004756000.0,,,,,,2570209000.0,,2766000.0,-2332942000.0,8050000.0,,349825000.0,21639000.0,9570000.0
2013-03-31,2782849000.0,,,,,2328225000.0,454624000.0,,355022000.0,118434000.0,236570000.0,0.48,0.48,489781000.0,490531000.0,112960000.0,,789209000.0,447709000.0,93193000.0,,,2704671000.0,,24219231000.0,,,177076000.0,31587675000.0,932547000.0,253770000.0,,2526517000.0,,,,250679000.0,,2516332000.0,-113620000.0,9155113000.0,31587675000.0,253004000.0,8167000.0,130662000.0,,-87865000.0,,,5311000.0,,,642328000.0,,,,,,752251000.0,,2745000.0,-713264000.0,160084000.0,,101573000.0,30637000.0,-17939000.0
2013-06-30,5361762000.0,,,,,4504902000.0,856860000.0,,650797000.0,217327000.0,433427000.0,0.88,0.88,497747000.0,498036000.0,58821000.0,,719069000.0,494890000.0,158350000.0,,,2818200000.0,,24813411000.0,,,184150000.0,32266262000.0,998607000.0,288822000.0,,2696810000.0,,,,245443000.0,,2572935000.0,-111835000.0,9300245000.0,32266262000.0,507658000.0,18747000.0,235684000.0,,-40684000.0,,,1625000.0,,,1074225000.0,,,,,,1596778000.0,,1696000.0,-1511977000.0,227113000.0,,414250000.0,-23502000.0,-13681000.0
2013-09-30,8184100000.0,,,,,6662127000.0,1521973000.0,,1208682000.0,410676000.0,798179000.0,1.61,1.61,498149000.0,498641000.0,101834000.0,,786874000.0,604628000.0,325972000.0,,,3120741000.0,,25342578000.0,,,178169000.0,33126652000.0,965572000.0,445488000.0,,2839061000.0,,,,239519000.0,,2797486000.0,-109980000.0,9547286000.0,33126652000.0,740623000.0,28362000.0,409662000.0,,69918000.0,,,-3297000.0,,,2002908000.0,,,,,,2454198000.0,,1524000.0,-2310794000.0,229420000.0,,327397000.0,19511000.0,-16851000.0
2013-12-31,10914922000.0,,,,,9067367000.0,1847555000.0,,1432210000.0,483976000.0,948234000.0,1.91,1.91,496073000.0,496532000.0,107144000.0,,744160000.0,576538000.0,-4989844000.0,,,3218040000.0,,26122159000.0,,,217241000.0,33907490000.0,1261238000.0,377776000.0,,3654498000.0,,,,237217000.0,,2807983000.0,-106275000.0,9565950000.0,33907490000.0,1001843000.0,24613000.0,515062000.0,,43588000.0,,,132441000.0,,,2584036000.0,,,,,,3395325000.0,,4766000.0,-3213384000.0,231767000.0,,654169000.0,24821000.0,-17188000.0
2014-03-31,3202604000.0,,,,,2708612000.0,493992000.0,,396992000.0,135771000.0,261221000.0,0.52,0.52,499523000.0,499746000.0,132313000.0,,885098000.0,436237000.0,252658000.0,,,3129346000.0,,26541482000.0,,,170064000.0,34198752000.0,1061874000.0,333078000.0,,3467748000.0,,,,244543000.0,,2918215000.0,-104820000.0,9747424000.0,34198752000.0,250343000.0,5370000.0,150464000.0,,-140301000.0,,,-37730000.0,,,592649000.0,,,,,,822628000.0,,1501000.0,-800770000.0,63548000.0,,233290000.0,25169000.0,164000.0
2014-06-30,5887700000.0,,,,,4996500000.0,891200000.0,,696414000.0,240029000.0,456385000.0,0.91,0.91,503272000.0,503456000.0,99540000.0,,742730000.0,501270000.0,282765000.0,,,3123820000.0,,27070377000.0,,,173509000.0,34717644000.0,967251000.0,341123000.0,,3059929000.0,,,,237241000.0,,2961406000.0,-103366000.0,9920772000.0,34717644000.0,509914000.0,10990000.0,236479000.0,,-75268000.0,,,-147734000.0,,,1039511000.0,,,,,,1575748000.0,,1568000.0,-1531225000.0,176573000.0,,484110000.0,-7604000.0,4704000.0
2014-09-30,8757507000.0,,,,,7200627000.0,1556880000.0,,1260965000.0,435998000.0,824967000.0,1.64,1.64,506082000.0,506365000.0,137868000.0,,760213000.0,634262000.0,283047000.0,,,3196594000.0,,27630363000.0,,,177365000.0,35363441000.0,1061385000.0,396564000.0,,3470869000.0,,,,243917000.0,,3177387000.0,-102001000.0,10154660000.0,35363441000.0,769706000.0,16536000.0,433224000.0,,57677000.0,,,-155788000.0,,,2004341000.0,,,,,,2301339000.0,,1110000.0,-2234756000.0,178639000.0,,261139000.0,30724000.0,4950000.0
2014-12-31,11686135000.0,,,,,9738005000.0,1948130000.0,,1545121000.0,523815000.0,1021306000.0,2.03,2.03,503847000.0,504117000.0,79608000.0,,826506000.0,597183000.0,-5606778000.0,,,3364380000.0,,28756916000.0,,,175957000.0,36957884000.0,1173006000.0,475119000.0,,4064583000.0,,,,264653000.0,,3220958000.0,-108139000.0,10214482000.0,36957884000.0,1036515000.0,32189000.0,569378000.0,,20558000.0,,,-53242000.0,,,2648192000.0,,,,,,3199791000.0,,3695000.0,-3117251000.0,180798000.0,,441523000.0,-27536000.0,4542000.0
2015-03-31,2962219000.0,,,,,2611374000.0,350845000.0,,235646000.0,83580000.0,152066000.0,0.3,0.3,506983000.0,507393000.0,133044000.0,,826797000.0,505213000.0,383463000.0,,,3057446000.0,,28966911000.0,,,174608000.0,36878651000.0,898003000.0,463437000.0,,3774528000.0,,,,286487000.0,,3209904000.0,-106688000.0,10214870000.0,36878651000.0,277388000.0,10225000.0,82773000.0,,-92010000.0,,,-99029000.0,,,985394000.0,,,,,,770609000.0,,2645000.0,-738389000.0,1411000.0,,-193569000.0,53436000.0,-62697000.0
2015-06-30,5477353000.0,,,,,4703663000.0,773690000.0,,542458000.0,193461000.0,348997000.0,0.69,0.69,507707000.0,508074000.0,135597000.0,,676223000.0,532703000.0,429860000.0,,,3048922000.0,,29350364000.0,,,176172000.0,37268809000.0,830278000.0,499946000.0,,3537251000.0,,,,279766000.0,,3243645000.0,-105186000.0,10269066000.0,37268809000.0,556420000.0,21420000.0,191164000.0,,-64561000.0,,,-132032000.0,,,1509045000.0,,,,,,1477959000.0,,1407000.0,-1431023000.0,3409000.0,,-22033000.0,55989000.0,-58598000.0
2015-09-30,8378665000.0,,,,,6819163000.0,1559502000.0,,1207950000.0,432490000.0,775460000.0,1.53,1.53,508031000.0,508427000.0,404409000.0,,741230000.0,644963000.0,352712000.0,,,3344422000.0,,29828609000.0,,,182058000.0,38029696000.0,924260000.0,561579000.0,,3085020000.0,,,,263452000.0,,3506861000.0,-103639000.0,10544830000.0,38029696000.0,841360000.0,29765000.0,429091000.0,,47659000.0,,,-116137000.0,,,2489922000.0,,,,,,2186369000.0,,676000.0,-2139248000.0,5298000.0,,-25873000.0,324801000.0,-57632000.0
2015-12-31,11024486000.0,,,,,9023974000.0,2000512000.0,,1527204000.0,542719000.0,984485000.0,1.94,1.94,507768000.0,508168000.0,84940000.0,,724606000.0,608584000.0,140219000.0,,,2910445000.0,,31205851000.0,,,124420000.0,39053535000.0,960982000.0,490197000.0,,4058297000.0,,6293661000.0,,261756000.0,,3552728000.0,-109753000.0,10600920000.0,39053535000.0,1142966000.0,44928000.0,535868000.0,,11240000.0,,,-120002000.0,,,3025839000.0,,,,,,3683359000.0,,145000.0,-3622774000.0,7011000.0,,602267000.0,5332000.0,-58287000.0
2016-03-31,2772273000.0,,,,,2282403000.0,489870000.0,,369962000.0,128650000.0,241312000.0,0.47,0.47,508667000.0,509150000.0,101491000.0,,729386000.0,520054000.0,180513000.0,,,2732617000.0,,31433406000.0,,,32998000.0,39069844000.0,809656000.0,392446000.0,,3188568000.0,,6493644000.0,,285743000.0,,3620421000.0,-108608000.0,10671634000.0,39069844000.0,323761000.0,13099000.0,160379000.0,,-88570000.0,,,-22063000.0,,,790063000.0,,,,,,700319000.0,,1548000.0,-694107000.0,0.0,,-79405000.0,16551000.0,-7414000.0
2016-06-30,5272122000.0,,,,,4350671000.0,921451000.0,,671154000.0,233047000.0,438107000.0,0.86,0.86,508930000.0,509490000.0,76711000.0,,689564000.0,526785000.0,206644000.0,,,2704099000.0,,31823282000.0,,,38415000.0,39490164000.0,921973000.0,448549000.0,,3506381000.0,,6619681000.0,,280647000.0,,3643653000.0,-106795000.0,10703134000.0,39490164000.0,650336000.0,24454000.0,252889000.0,,-81880000.0,,,27805000.0,,,1412539000.0,,,,,,1413129000.0,,-100000.0,-1443320000.0,0.0,,22552000.0,-8229000.0,-61345000.0
2016-09-30,8312269000.0,,,,,6563764000.0,1748505000.0,,1367361000.0,471459000.0,895902000.0,1.76,1.76,508941000.0,509566000.0,353385000.0,,754248000.0,614908000.0,195303000.0,,,3076163000.0,,32206696000.0,,,67716000.0,40324750000.0,916534000.0,457803000.0,,3453972000.0,,6851873000.0,,277561000.0,,3924125000.0,-104961000.0,10987942000.0,40324750000.0,982682000.0,29872000.0,479100000.0,,6203000.0,,,50526000.0,,,2412854000.0,,,,,,2186483000.0,,-204000.0,-2206257000.0,0.0,,61848000.0,268445000.0,-61245000.0
2016-12-31,11106920000.0,,,,,8893065000.0,2213855000.0,,1704596000.0,581217000.0,1123379000.0,2.21,2.21,508794000.0,509465000.0,84476000.0,,776289000.0,604226000.0,1411555000.0,,,2842081000.0,,32841750000.0,,,248532000.0,41155277000.0,1044959000.0,503953000.0,,3247043000.0,,6784319000.0,,223965000.0,,3981652000.0,-110354000.0,11020849000.0,41155277000.0,1318752000.0,41170000.0,586650000.0,,-1349000.0,,,117744000.0,,,3052299000.0,,,,,,3255550000.0,,-789000.0,-3261413000.0,0.0,,208650000.0,-464000.0,-61933000.0
2017-03-31,2946422000.0,,,,,2460203000.0,486219000.0,,355941000.0,116664000.0,239277000.0,0.47,0.47,508278000.0,508774000.0,73985000.0,,781248000.0,519081000.0,,,,2633154000.0,,33158384000.0,,,247351000.0,41285341000.0,861506000.0,393489000.0,,3707976000.0,,6999546000.0,,235333000.0,,4036352000.0,-108581000.0,11070111000.0,41285341000.0,368880000.0,17953000.0,193740000.0,,-88355000.0,,,-121390000.0,,,718155000.0,,,,,,749073000.0,,5315000.0,-747739000.0,,,19093000.0,-10491000.0,0.0
2017-06-30,5591350000.0,,,,,4645439000.0,945911000.0,,685586000.0,219053000.0,466533000.0,0.92,0.92,508542000.0,509135000.0,61382000.0,,759378000.0,542044000.0,,,,2756550000.0,,33543843000.0,,,255470000.0,41860989000.0,973642000.0,439917000.0,,3690704000.0,,7130715000.0,,225215000.0,,4079068000.0,-106795000.0,11123155000.0,41860989000.0,738280000.0,31892000.0,309239000.0,,-65433000.0,,,-52349000.0,,,1291819000.0,,,,,,1473793000.0,,5483000.0,-1474078000.0,,,159165000.0,-23094000.0,3853000.0
2017-09-30,8608247000.0,,,,,6843977000.0,1764270000.0,,1382518000.0,423844000.0,958674000.0,1.89,1.88,508581000.0,509242000.0,167841000.0,,807621000.0,616675000.0,,,,2898874000.0,,33949952000.0,,,259117000.0,42468794000.0,992498000.0,486713000.0,,3340406000.0,,7362931000.0,,144528000.0,,4386050000.0,-104809000.0,11439377000.0,42468794000.0,1113418000.0,44239000.0,501013000.0,,9158000.0,,,-67759000.0,,,2367180000.0,,,,,,2256452000.0,,5803000.0,-2238600000.0,,,-45215000.0,83365000.0,-42051000.0
2017-12-31,11404000000.0,,,,,9214000000.0,2190000000.0,,1690000000.0,542000000.0,1148000000.0,2.26,2.25,509000000.0,509100000.0,83000000.0,,797000000.0,610000000.0,1977000000.0,,,2973000000.0,,34329000000.0,,,278000000.0,43030000000.0,1243000000.0,501000000.0,,4088000000.0,,3845000000.0,,145000000.0,,4413000000.0,-125000000.0,11455000000.0,43030000000.0,1495000000.0,57000000.0,640000000.0,,3000000.0,,,43000000.0,,,3126000000.0,,,,,,3319000000.0,,7000000.0,-3296000000.0,0.0,,168000000.0,-2000000.0,-44000000.0
2018-03-31,2824000000.0,,,,,2471000000.0,480000000.0,,350000000.0,59000000.0,291000000.0,0.57,0.57,509000000.0,509000000.0,116000000.0,,868000000.0,492000000.0,,,,2782000000.0,,34679000000.0,,,280000000.0,43159000000.0,1027000000.0,429000000.0,,4122000000.0,,3905000000.0,,143000000.0,,4510000000.0,-124000000.0,11561000000.0,43159000000.0,387000000.0,6000000.0,59000000.0,,-118000000.0,,,-42000000.0,,,887000000.0,,,,,,883000000.0,,3000000.0,-872000000.0,,,18000000.0,33000000.0,
2018-06-30,5370000000.0,,,,,4679000000.0,930000000.0,,670000000.0,114000000.0,556000000.0,1.09,1.09,510000000.0,510000000.0,332000000.0,,808000000.0,511000000.0,,,,3056000000.0,,35289000000.0,,,273000000.0,44240000000.0,1092000000.0,441000000.0,,4178000000.0,,3973000000.0,,226000000.0,,4580000000.0,-122000000.0,11650000000.0,44240000000.0,769000000.0,10000000.0,110000000.0,,-101000000.0,,,-1000000.0,,,1437000000.0,,,,,,1903000000.0,,1000000.0,-1865000000.0,,,677000000.0,249000000.0,3000000.0
2018-09-30,8657000000.0,,,,,7031000000.0,1626000000.0,,1234000000.0,187000000.0,1047000000.0,2.05,2.05,510400000.0,511000000.0,213000000.0,,856000000.0,528000000.0,,,,3003000000.0,,35879000000.0,,,272000000.0,44835000000.0,1189000000.0,435000000.0,,3838000000.0,,4119000000.0,,202000000.0,,4876000000.0,-119000000.0,12165000000.0,44835000000.0,1213000000.0,25000000.0,184000000.0,,-37000000.0,,,37000000.0,,,2493000000.0,,,,,,2760000000.0,,10000000.0,-2706000000.0,203000000.0,,343000000.0,130000000.0,4000000.0
2018-12-31,11537000000.0,3854000000.0,,,,9572000000.0,1965000000.0,,1442000000.0,181000000.0,1261000000.0,2.47,2.47,511000000.0,511000000.0,147000000.0,,860000000.0,,1758000000.0,,,3094000000.0,,36944000000.0,,,272000000.0,45987000000.0,1237000000.0,463000000.0,,4460000000.0,,4165000000.0,,206000000.0,,4893000000.0,-124000000.0,12222000000.0,45987000000.0,1659000000.0,45000000.0,218000000.0,,65000000.0,,,90000000.0,,,3122000000.0,,,,,,3957000000.0,,9000000.0,-3986000000.0,230000000.0,,928000000.0,64000000.0,-27000000.0
2019-03-31,3141000000.0,,,,,2655000000.0,486000000.0,,340000000.0,25000000.0,315000000.0,0.61,0.61,515000000.0,516000000.0,94000000.0,,974000000.0,445000000.0,,,,2909000000.0,,37114000000.0,,,499000000.0,47850000000.0,1154000000.0,549000000.0,,4424000000.0,,4255000000.0,,212000000.0,,4996000000.0,-127000000.0,12329000000.0,47850000000.0,438000000.0,19000000.0,26000000.0,,-84000000.0,,,4000000.0,,,793000000.0,,,,,,844000000.0,,3000000.0,-852000000.0,,,6000000.0,-53000000.0,
2019-06-30,5718000000.0,,,,,4822000000.0,896000000.0,,602000000.0,49000000.0,553000000.0,1.07,1.07,516000000.0,518000000.0,353000000.0,,737000000.0,483000000.0,,,,2939000000.0,,37651000000.0,,,490000000.0,48584000000.0,1057000000.0,614000000.0,,5060000000.0,,4319000000.0,,190000000.0,,5024000000.0,-135000000.0,12366000000.0,48584000000.0,881000000.0,35000000.0,47000000.0,,-25000000.0,,,-157000000.0,,,1334000000.0,,,,,,1689000000.0,,9000000.0,-1708000000.0,,,580000000.0,206000000.0,54000000.0
2019-09-30,8731000000.0,,,,,7077000000.0,1654000000.0,,1201000000.0,121000000.0,1080000000.0,2.09,2.08,519000000.0,521000000.0,864000000.0,,821000000.0,544000000.0,,,,3600000000.0,,38703000000.0,,,478000000.0,50240000000.0,1258000000.0,614000000.0,,5021000000.0,,4427000000.0,,186000000.0,,5336000000.0,-142000000.0,13141000000.0,50240000000.0,1332000000.0,47000000.0,130000000.0,,60000000.0,,,-56000000.0,,,2557000000.0,,,,,,3018000000.0,,101000000.0,-3129000000.0,457000000.0,,1289000000.0,717000000.0,53000000.0
2019-12-31,,,,,,9425000000.0,2104000000.0,,1500000000.0,128000000.0,1372000000.0,2.64,2.64,519000000.0,520000000.0,248000000.0,,837000000.0,,2255000000.0,,,3113000000.0,,39483000000.0,,,492000000.0,50448000000.0,1294000000.0,662000000.0,,4568000000.0,,4509000000.0,,186000000.0,,5413000000.0,-141000000.0,13239000000.0,50448000000.0,1785000000.0,58000000.0,143000000.0,,84000000.0,,,-12000000.0,,,3263000000.0,,,,,,4225000000.0,,98000000.0,-4343000000.0,458000000.0,,1181000000.0,101000000.0,-53000000.0
2020-03-31,,,,,,2356000000.0,455000000.0,,289000000.0,-6000000.0,295000000.0,0.56,0.56,526000000.0,527000000.0,244000000.0,,839000000.0,488000000.0,,,,2983000000.0,,40776000000.0,,,516000000.0,51133000000.0,996000000.0,379000000.0,,5839000000.0,,,,196000000.0,,5478000000.0,-148000000.0,13302000000.0,51133000000.0,466000000.0,26000000.0,34000000.0,,-33000000.0,,,-201000000.0,,,669000000.0,,,,,,1607000000.0,,-6000000.0,-1606000000.0,,,933000000.0,-4000000.0,0.0
2020-06-30,,,,,,4520000000.0,877000000.0,,563000000.0,-19000000.0,582000000.0,1.1,1.1,527000000.0,527000000.0,1625000000.0,,799000000.0,487000000.0,,,,4390000000.0,,41124000000.0,,,1019000000.0,53456000000.0,1188000000.0,396000000.0,,5473000000.0,,,,185000000.0,,5538000000.0,-145000000.0,13385000000.0,53456000000.0,942000000.0,41000000.0,0.0,,-15000000.0,,,-160000000.0,,,1148000000.0,,,,,,2569000000.0,,1000000.0,-2580000000.0,,,2818000000.0,1386000000.0,-10000000.0
2020-09-30,,,,,,6889000000.0,1690000000.0,,1209000000.0,43000000.0,1185000000.0,2.25,2.25,526000000.0,528000000.0,885000000.0,,899000000.0,512000000.0,,,,3837000000.0,,42227000000.0,,,348000000.0,53708000000.0,1602000000.0,416000000.0,,4393000000.0,,,,178000000.0,,5912000000.0,-143000000.0,13777000000.0,53708000000.0,1459000000.0,60000000.0,45000000.0,,37000000.0,,,-97000000.0,,,2174000000.0,,,,,,3681000000.0,,9000000.0,-3021000000.0,5000000.0,,1484000000.0,637000000.0,-17000000.0
2020-12-31,,,,,,9410000000.0,2116000000.0,,1467000000.0,-6000000.0,1473000000.0,2.79,2.79,527000000.0,528000000.0,129000000.0,,916000000.0,,,,,3275000000.0,,42950000000.0,,,379000000.0,53957000000.0,1237000000.0,407000000.0,,4239000000.0,,,,183000000.0,,5968000000.0,-141000000.0,14575000000.0,53957000000.0,1959000000.0,73000000.0,-8000000.0,,80000000.0,,,-33000000.0,,,2848000000.0,,,,,,5369000000.0,,35000000.0,-4740000000.0,727000000.0,,1773000000.0,-119000000.0,-12000000.0
2021-03-31,,,,,,3034000000.0,507000000.0,,340000000.0,-22000000.0,362000000.0,0.67,0.67,538000000.0,539000000.0,1039000000.0,,959000000.0,469000000.0,,,,4315000000.0,,43582000000.0,,,409000000.0,56511000000.0,1213000000.0,370000000.0,,4877000000.0,,,,225000000.0,,6082000000.0,-138000000.0,14700000000.0,56511000000.0,517000000.0,9000000.0,-23000000.0,,-39000000.0,,,-21000000.0,,,-136000000.0,,,,,,1024000000.0,,6000000.0,-1035000000.0,,,2081000000.0,910000000.0,-3000000.0
2021-06-30,,,,,,5664000000.0,945000000.0,,613000000.0,-60000000.0,673000000.0,1.25,1.25,539000000.0,539000000.0,538000000.0,,948000000.0,500000000.0,,,,4147000000.0,,44141000000.0,,,395000000.0,56779000000.0,1273000000.0,409000000.0,,4950000000.0,,,,208000000.0,,6146000000.0,-135000000.0,14792000000.0,56779000000.0,1043000000.0,21000000.0,-67000000.0,,-7000000.0,,,-15000000.0,,,489000000.0,,,,,,1967000000.0,,17000000.0,-2202000000.0,,,2122000000.0,409000000.0,-5000000.0
2021-09-30,,,,,,8306000000.0,1770000000.0,,1265000000.0,43000000.0,1282000000.0,2.38,2.38,539000000.0,539000000.0,631000000.0,,1022000000.0,587000000.0,,,,4487000000.0,,44730000000.0,,,339000000.0,57517000000.0,1319000000.0,440000000.0,,5764000000.0,,,,207000000.0,,6508000000.0,-126000000.0,15171000000.0,57517000000.0,1597000000.0,20000000.0,-9000000.0,,82000000.0,,,61000000.0,,,1579000000.0,,,,,,3032000000.0,,24000000.0,-3065000000.0,13000000.0,,1988000000.0,502000000.0,-6000000.0
2021-12-31,,,,,,11228000000.0,2203000000.0,,1527000000.0,-70000000.0,1597000000.0,2.96,2.96,539000000.0,540000000.0,,,1018000000.0,,,,,4239000000.0,,45457000000.0,,,431000000.0,57851000000.0,1409000000.0,459000000.0,,5046000000.0,,,,158000000.0,,6572000000.0,-123000000.0,15612000000.0,57851000000.0,2143000000.0,31000000.0,-79000000.0,,126000000.0,,,138000000.0,,,2189000000.0,,,,,,4244000000.0,,29000000.0,-4287000000.0,366000000.0,,2135000000.0,37000000.0,4000000.0
2022-03-31,,,,,,3241000000.0,510000000.0,,330000000.0,-50000000.0,380000000.0,0.7,0.7,545000000.0,545000000.0,90000000.0,,1190000000.0,505000000.0,,,,4022000000.0,,45837000000.0,,,460000000.0,57985000000.0,1257000000.0,430000000.0,,5352000000.0,,,,158000000.0,,6686000000.0,-116000000.0,15732000000.0,57985000000.0,567000000.0,4000000.0,-55000000.0,,-107000000.0,,,-34000000.0,,,1140000000.0,,,,,,942000000.0,,1000000.0,-952000000.0,,,-264000000.0,-76000000.0,0.0
2022-06-30,,,,,,6196000000.0,979000000.0,,584000000.0,-124000000.0,708000000.0,1.3,1.3,546000000.0,546000000.0,335000000.0,,1084000000.0,645000000.0,,,,4842000000.0,,46535000000.0,,,439000000.0,59317000000.0,1590000000.0,554000000.0,,4865000000.0,,,,138000000.0,,6747000000.0,-103000000.0,15971000000.0,59317000000.0,1210000000.0,14000000.0,-135000000.0,,44000000.0,,,137000000.0,,,1988000000.0,,,,,,2040000000.0,,-3000000.0,-2055000000.0,151000000.0,,236000000.0,169000000.0,-9000000.0
2022-09-30,,,,,,9354000000.0,1903000000.0,,1277000000.0,-80000000.0,1357000000.0,2.48,2.48,548000000.0,548000000.0,117000000.0,,1196000000.0,870000000.0,,,,5090000000.0,,47287000000.0,,,420000000.0,59975000000.0,1586000000.0,545000000.0,,4903000000.0,,,,151000000.0,,7128000000.0,-91000000.0,16384000000.0,59975000000.0,1821000000.0,19000000.0,-85000000.0,,272000000.0,,,152000000.0,,,3167000000.0,,,,,,3325000000.0,,-30000000.0,-3321000000.0,156000000.0,,105000000.0,-49000000.0,-16000000.0
2022-12-31,,,,,,12882000000.0,2428000000.0,,1601000000.0,-135000000.0,1736000000.0,3.18,3.17,547000000.0,547000000.0,,,1373000000.0,,,,,5144000000.0,,48253000000.0,,,389000000.0,61188000000.0,1804000000.0,545000000.0,,6078000000.0,,,,147000000.0,,7239000000.0,-93000000.0,16675000000.0,61188000000.0,2436000000.0,20000000.0,-140000000.0,,203000000.0,,,195000000.0,,,3932000000.0,,,,,,4638000000.0,,-20000000.0,-4653000000.0,322000000.0,,666000000.0,-55000000.0,15000000.0
2023-03-31,,,,,,3507000000.0,573000000.0,,365000000.0,-53000000.0,418000000.0,0.76,0.76,551000000.0,551000000.0,114000000.0,,1300000000.0,580000000.0,,,,4253000000.0,,48896000000.0,,,475000000.0,60945000000.0,1338000000.0,489000000.0,,5661000000.0,,,,148000000.0,,7370000000.0,-97000000.0,16818000000.0,60945000000.0,631000000.0,9000000.0,-73000000.0,,-189000000.0,,,-359000000.0,,,1537000000.0,,,,,,1265000000.0,,11000000.0,-1284000000.0,6000000.0,,-250000000.0,3000000.0,-1000000.0
2023-06-30,,,,,,6111000000.0,991000000.0,,565000000.0,-141000000.0,706000000.0,1.28,1.28,551000000.0,552000000.0,275000000.0,,1111000000.0,625000000.0,,,,4201000000.0,,49664000000.0,,,482000000.0,61658000000.0,1307000000.0,625000000.0,,5231000000.0,,,,156000000.0,,7371000000.0,-82000000.0,16914000000.0,61658000000.0,1202000000.0,12000000.0,-192000000.0,,-100000000.0,,,-443000000.0,,,2455000000.0,,,,,,2599000000.0,,23000000.0,-2639000000.0,75000000.0,,348000000.0,164000000.0,-49000000.0
2023-09-30,,,,,,8858000000.0,1906000000.0,,1261000000.0,-101000000.0,1362000000.0,2.47,2.47,552000000.0,552000000.0,594000000.0,,1220000000.0,688000000.0,,,,4402000000.0,,50613000000.0,,,519000000.0,62870000000.0,1445000000.0,709000000.0,,5073000000.0,,,,149000000.0,,7739000000.0,-78000000.0,17309000000.0,62870000000.0,1824000000.0,17000000.0,-173000000.0,,-73000000.0,,,-226000000.0,,,4353000000.0,,,,,,4240000000.0,,26000000.0,-4292000000.0,83000000.0,,422000000.0,483000000.0,-68000000.0
2023-12-31,,,,,,11725000000.0,2481000000.0,,1625000000.0,-146000000.0,1771000000.0,3.21,3.21,552000000.0,552000000.0,,,1315000000.0,,,,,4069000000.0,,51642000000.0,,,678000000.0,64079000000.0,1668000000.0,722000000.0,,5652000000.0,,,,148000000.0,,7858000000.0,-94000000.0,17616000000.0,64079000000.0,2471000000.0,25000000.0,-59000000.0,,98000000.0,,,-149000000.0,,,5327000000.0,,,,,,5854000000.0,,37000000.0,-5926000000.0,270000000.0,,617000000.0,18000000.0,-92000000.0
2024-03-31,,,,,,2970000000.0,679000000.0,,461000000.0,-27000000.0,488000000.0,0.88,0.88,556000000.0,556000000.0,501000000.0,,1220000000.0,623000000.0,,,,4489000000.0,,52765000000.0,,,562000000.0,65585000000.0,1461000000.0,671000000.0,,5210000000.0,,,,134000000.0,,8042000000.0,-71000000.0,17841000000.0,65585000000.0,664000000.0,6000000.0,154000000.0,,-50000000.0,,,-114000000.0,,,1050000000.0,,,,,,1537000000.0,,9000000.0,-1556000000.0,8000000.0,,878000000.0,372000000.0,131000000.0
2024-06-30,,,,,,5549000000.0,1128000000.0,,675000000.0,-115000000.0,790000000.0,1.42,1.42,557000000.0,557000000.0,1598000000.0,,1138000000.0,622000000.0,,,,5699000000.0,,53890000000.0,,,567000000.0,67927000000.0,1546000000.0,683000000.0,,5900000000.0,,,,95000000.0,,8039000000.0,-67000000.0,17954000000.0,67927000000.0,1370000000.0,17000000.0,285000000.0,,2000000.0,,,4000000.0,,,2240000000.0,,,,,,3368000000.0,,16000000.0,-3403000000.0,101000000.0,,2632000000.0,1469000000.0,351000000.0
2024-09-30,,,,,,8282000000.0,2039000000.0,,1367000000.0,-105000000.0,1472000000.0,2.63,2.63,564000000.0,565000000.0,1545000000.0,,1187000000.0,638000000.0,,,,5469000000.0,,55321000000.0,,,596000000.0,69286000000.0,1713000000.0,718000000.0,,5858000000.0,,,,93000000.0,,8406000000.0,-66000000.0,19352000000.0,69286000000.0,2055000000.0,27000000.0,406000000.0,,71000000.0,,,-42000000.0,,,3977000000.0,,,,,,5147000000.0,,23000000.0,-5197000000.0,1109000000.0,,2636000000.0,1416000000.0,484000000.0
