Date,Net sales,Cost of sales,Gross margin,Research and development,"Selling, general and administrative",Total operating expenses,Operating income,"Other income/(expense), net",Income before provision for income taxes,Provision for income taxes,Net income,Earnings per share basic,Earnings per share diluted,Weighted-average basic,Weighted-average diluted,Cash and cash equivalents,Short-term marketable securities,"Accounts receivable, net",Inventories,Deferred tax assets,Vendor non-trade receivables,Other current assets,Total current assets,Long-term marketable securities,"Property, Plant and Equipment, Net",Goodwill,"Acquired intangible assets, net","Other Assets, Noncurrent",Total assets,accounts payable,Accrued expenses,Deferred revenue,Total current liabilities,Deferred revenue - non-current,deferred tax liabilities,long term taxes payable,Total other non-current liabilities,Total liabilities,Retained Earnings (Accumulated Deficit),Accumulated other comprehensive (loss)/income,Total shareholders equity,Total liabilities and shareholders' equity,"Depreciation, amortization and accretion",Stock-based compensation expense,Deferred income tax expense,"Increase (Decrease) in Accounts receivable, net",Increase (Decrease) in Inventories,Increase (Decrease) in Other Receivables,Increase (Decrease) in Other Operating Assets,Increase (Decrease) in Accounts Payable,Increase (Decrease) in Deferred Revenue,Increase (Decrease) Other liabilities,Cash generated by operating activities,Purchases of marketable securities,Proceeds from maturities of marketable securities,Proceeds from sales of marketable securities,Purchases of other long-term investments,"Business acquisitions, net of cash acquired",Cash payments for capital asset purchases,Payments for acquisition of intangible assets,Payments for (Proceeds from) Other Investing Activities,Cash used in investing activities,Proceeds from issuance of common stock,Excess tax benefits from stock-based compensation,Cash generated/used in financing activities,Increase/(decrease) in cash and cash equivalents,"Cash paid for income taxes, net"
2009-12-31,,,,,14735000000.0,275809000000.0,,,,15119000000.0,19280000000.0,3.99,3.98,,,10693000000.0,169000000.0,,,,,5175000000.0,55235000000.0,,139116000000.0,,,7307000000.0,233323000000.0,,,,52061000000.0,,23148000000.0,,17651000000.0,117931000000.0,276937000000.0,,110569000000.0,233323000000.0,11917000000.0,,0.0,,-459000000.0,,-132000000.0,1420000000.0,,,28438000000.0,,,,,,22491000000.0,,,-22419000000.0,,237000000.0,-27283000000.0,-20744000000.0,
2010-03-31,,,,,3514000000.0,78183000000.0,,,,5493000000.0,6300000000.0,1.33,1.33,,,13742000000.0,85000000.0,,,,,5329000000.0,61696000000.0,,140819000000.0,,,7692000000.0,242748000000.0,,,,57744000000.0,,23662000000.0,,19035000000.0,125082000000.0,281251000000.0,,112541000000.0,242748000000.0,3280000000.0,,,,,,,,,,13046000000.0,,,,,,5756000000.0,,-165000000.0,-5167000000.0,,,-4620000000.0,3049000000.0,3896000000.0
2010-06-30,,,,,7121000000.0,157963000000.0,,,,10453000000.0,13860000000.0,2.94,2.93,4720000000.0,4733000000.0,13252000000.0,15000000.0,,,,,6304000000.0,62216000000.0,,188069000000.0,,,8141000000.0,291068000000.0,,,,57821000000.0,,34283000000.0,,18968000000.0,145701000000.0,286745000000.0,,140172000000.0,291068000000.0,6646000000.0,,,,,,,,,,22281000000.0,,,,,,11400000000.0,,-303000000.0,-10245000000.0,,28000000.0,-8797000000.0,2559000000.0,9487000000.0
2010-09-30,,,,,10828000000.0,240403000000.0,,,,15750000000.0,21210000000.0,4.38,4.37,5076000000.0,5089000000.0,12244000000.0,15000000.0,,,,,5828000000.0,62633000000.0,,195440000000.0,,,8748000000.0,299994000000.0,,,,61740000000.0,,35304000000.0,,19090000000.0,149394000000.0,291861000000.0,,145031000000.0,299994000000.0,10490000000.0,,,,,,,,,,35358000000.0,,,,,,19201000000.0,,-470000000.0,-17124000000.0,,47000000.0,-16494000000.0,1551000000.0,13950000000.0
2010-12-31,,,,1012000000.0,14683000000.0,330262000000.0,,,,21561000000.0,30460000000.0,6.24,6.22,,,7825000000.0,2000000.0,25439000000.0,,28710000000.0,,5269000000.0,58984000000.0,,199548000000.0,,,8640000000.0,302510000000.0,,,,62633000000.0,,35150000000.0,,20454000000.0,149831000000.0,298899000000.0,,146839000000.0,302510000000.0,14760000000.0,,-1135000000.0,,-1148000000.0,,913000000.0,9943000000.0,,,48413000000.0,,,,,,26871000000.0,,,-24204000000.0,,122000000.0,-26924000000.0,-2868000000.0,18941000000.0
2011-03-31,,,,,3627000000.0,95087000000.0,,,,8004000000.0,10650000000.0,2.14,2.14,,,12833000000.0,,,16262000000.0,,,7380000000.0,72022000000.0,,203726000000.0,,,8578000000.0,319533000000.0,,,,73576000000.0,,36121000000.0,,19913000000.0,162002000000.0,307361000000.0,,151480000000.0,319533000000.0,3761000000.0,,,,,,,,,,16856000000.0,,,,,,7051000000.0,,357000000.0,-5353000000.0,,,-6749000000.0,5008000000.0,5173000000.0
2011-06-30,,,,,7308000000.0,201954000000.0,,,37536000000.0,15725000000.0,21330000000.0,4.33,4.32,,,8287000000.0,1754000000.0,,19048000000.0,,,7639000000.0,72305000000.0,,209807000000.0,,,8851000000.0,326204000000.0,,,,74533000000.0,,37193000000.0,,20263000000.0,164369000000.0,315733000000.0,,155551000000.0,326204000000.0,7642000000.0,,,,,,,,,,29745000000.0,,,,,,14863000000.0,,-871000000.0,-15857000000.0,,171000000.0,-13814000000.0,462000000.0,13547000000.0
2011-09-30,,,,,11072000000.0,308604000000.0,,,56216000000.0,23734000000.0,31660000000.0,6.46,6.45,,,11022000000.0,,,16730000000.0,,,7023000000.0,69376000000.0,,209194000000.0,,,9315000000.0,323227000000.0,,,,74971000000.0,,36891000000.0,,20265000000.0,161015000000.0,323786000000.0,,155939000000.0,323227000000.0,11508000000.0,,,,,,,,,,44594000000.0,,,,,,22341000000.0,,-1144000000.0,-20153000000.0,,220000000.0,-21211000000.0,3197000000.0,20349000000.0
2011-12-31,467029000000.0,,,1044000000.0,14983000000.0,413172000000.0,,,73257000000.0,31051000000.0,41060000000.0,8.43,8.42,,,12664000000.0,,30044000000.0,15024000000.0,-28059000000.0,,6229000000.0,72963000000.0,,214664000000.0,,,9092000000.0,331052000000.0,,,,77505000000.0,,36618000000.0,,21869000000.0,170308000000.0,330939000000.0,1482000000.0,154396000000.0,331052000000.0,15583000000.0,,142000000.0,,2208000000.0,,-222000000.0,8880000000.0,,,55345000000.0,,,,,,30975000000.0,,-2547000000.0,-22165000000.0,,260000000.0,-28256000000.0,4839000000.0,27254000000.0
2012-03-31,,,,,3601000000.0,106538000000.0,,,17515000000.0,7716000000.0,9450000000.0,2.0,2.0,4715000000.0,4716000000.0,18670000000.0,,,14749000000.0,,,6420000000.0,76160000000.0,,214602000000.0,,,8434000000.0,345152000000.0,,,,79994000000.0,,36286000000.0,,23049000000.0,181035000000.0,338168000000.0,-7998000000.0,157012000000.0,345152000000.0,3842000000.0,,,,,,,,,,19287000000.0,,,,,,7843000000.0,,21000000.0,-5351000000.0,,,-8130000000.0,6006000000.0,5416000000.0
2012-06-30,,,,,7087000000.0,207710000000.0,,,43706000000.0,16253000000.0,25360000000.0,5.41,5.41,4686000000.0,4687000000.0,17802000000.0,,,15158000000.0,,,5881000000.0,72797000000.0,,214940000000.0,,,7987000000.0,329645000000.0,,,,70136000000.0,,36851000000.0,,23679000000.0,161660000000.0,351421000000.0,-10659000000.0,162811000000.0,329645000000.0,7741000000.0,,,,,,,,,,29504000000.0,,,,,,16188000000.0,,-1235000000.0,-9107000000.0,,,-15283000000.0,5138000000.0,12327000000.0
2012-12-31,453123000000.0,,,1042000000.0,13877000000.0,403569000000.0,,,78726000000.0,31045000000.0,44880000000.0,9.7,9.7,,,9582000000.0,,28373000000.0,,-31024000000.0,,5008000000.0,64460000000.0,,226949000000.0,,,7668000000.0,333795000000.0,,,,64139000000.0,,37570000000.0,,23676000000.0,162135000000.0,365727000000.0,-12184000000.0,165863000000.0,333795000000.0,15888000000.0,,3142000000.0,,1873000000.0,,42000000.0,3624000000.0,,,56170000000.0,,,,,,34271000000.0,,,-25601000000.0,,130000000.0,-33868000000.0,-3082000000.0,24349000000.0
2013-03-31,,,,,3118000000.0,92769000000.0,,,16038000000.0,6277000000.0,9500000000.0,2.12,2.12,4485000000.0,4485000000.0,6214000000.0,,,,,,5482000000.0,62594000000.0,,233728000000.0,,,7676000000.0,339639000000.0,,,,70084000000.0,,38712000000.0,,21257000000.0,166562000000.0,372666000000.0,-12767000000.0,167001000000.0,339639000000.0,4110000000.0,,,,,,,,,,13592000000.0,,,,,,7494000000.0,,-112000000.0,-10054000000.0,,,-6694000000.0,-3368000000.0,7220000000.0
2013-06-30,,,,,6386000000.0,186470000000.0,,,28806000000.0,12070000000.0,16360000000.0,3.67,3.67,4459000000.0,4459000000.0,4609000000.0,,,,,,5295000000.0,62844000000.0,,235240000000.0,,,7888000000.0,341615000000.0,,,,72688000000.0,,38947000000.0,,21570000000.0,170027000000.0,376732000000.0,-14381000000.0,165647000000.0,341615000000.0,8515000000.0,,,,,,,,,,21275000000.0,,,,,,16145000000.0,,-397000000.0,-18547000000.0,,7000000.0,-7409000000.0,-4973000000.0,14660000000.0
2013-09-30,,,,,9536000000.0,284400000000.0,,,42995000000.0,18190000000.0,24230000000.0,5.46,5.46,4438000000.0,4438000000.0,5310000000.0,,,,,,5457000000.0,61303000000.0,,240981000000.0,,,8232000000.0,347564000000.0,,,,72749000000.0,,39506000000.0,,22472000000.0,172086000000.0,381832000000.0,-13051000000.0,169245000000.0,347564000000.0,12802000000.0,,,,,,,,,,34706000000.0,,,,,,25243000000.0,,-527000000.0,-27489000000.0,,14000000.0,-11298000000.0,-4272000000.0,19871000000.0
2013-12-31,420836000000.0,,,1044000000.0,12877000000.0,380544000000.0,,,57711000000.0,24263000000.0,32580000000.0,7.37,7.37,4419000000.0,4419000000.0,4644000000.0,,25993000000.0,,-34554000000.0,,5108000000.0,59308000000.0,,243650000000.0,,,7522000000.0,346808000000.0,,,,71724000000.0,,40530000000.0,,21780000000.0,166313000000.0,387432000000.0,-10725000000.0,174003000000.0,346808000000.0,17182000000.0,,754000000.0,,1812000000.0,,105000000.0,-2498000000.0,,,44914000000.0,,,,,,33669000000.0,,,-34201000000.0,,48000000.0,-15476000000.0,-4938000000.0,25066000000.0
2014-03-31,,,,,3132000000.0,91546000000.0,,,15227000000.0,5857000000.0,9100000000.0,2.1,2.1,4328000000.0,,5601000000.0,,,,,,5011000000.0,61864000000.0,,245897000000.0,,,8103000000.0,353033000000.0,,,,70108000000.0,,40783000000.0,,22015000000.0,170142000000.0,393800000000.0,-11040000000.0,176398000000.0,353033000000.0,4192000000.0,,,,,,,,,,15103000000.0,,,,,,7328000000.0,,-368000000.0,-6306000000.0,,,-7816000000.0,957000000.0,4145000000.0
2014-06-30,,,,,6301000000.0,189042000000.0,,,29378000000.0,10891000000.0,17880000000.0,4.15,4.15,4312000000.0,,6083000000.0,,,,,,5373000000.0,64013000000.0,,251353000000.0,,,8110000000.0,358586000000.0,,,,69529000000.0,,41000000000.0,,22907000000.0,170455000000.0,399614000000.0,-9311000000.0,181155000000.0,358586000000.0,8477000000.0,,,,,,,,,,25305000000.0,,,,,,15870000000.0,,-2398000000.0,-10483000000.0,,7000000.0,-13412000000.0,1439000000.0,10366000000.0
2014-09-30,,,,,9470000000.0,283122000000.0,,,42788000000.0,15955000000.0,25950000000.0,6.04,6.04,4297000000.0,,4962000000.0,,,,,,4857000000.0,58595000000.0,,251406000000.0,,,7751000000.0,352764000000.0,,,,65984000000.0,,41132000000.0,,22162000000.0,165269000000.0,404738000000.0,-12196000000.0,180587000000.0,352764000000.0,12839000000.0,,,,,,,,,,37701000000.0,,,,,,24068000000.0,,-3415000000.0,-18128000000.0,,10000000.0,-19085000000.0,318000000.0,14338000000.0
2014-12-31,394105000000.0,,,971000000.0,12598000000.0,360309000000.0,,,51630000000.0,18015000000.0,32520000000.0,7.6,7.6,4282000000.0,,4616000000.0,,18541000000.0,,-33725000000.0,,3565000000.0,52910000000.0,,252668000000.0,,,8676000000.0,349493000000.0,,,,64633000000.0,,39230000000.0,,21786000000.0,168429000000.0,408384000000.0,-18957000000.0,174399000000.0,349493000000.0,17297000000.0,,1540000000.0,,1343000000.0,,68000000.0,-6639000000.0,,,45116000000.0,,,,,,32952000000.0,,,-26975000000.0,,115000000.0,-17888000000.0,-28000000.0,18085000000.0
2015-03-31,,,,,2713000000.0,60983000000.0,,,6635000000.0,1560000000.0,4940000000.0,1.17,1.17,4211000000.0,,5184000000.0,,,,,,4298000000.0,50658000000.0,,249497000000.0,,,8335000000.0,342961000000.0,,,,55933000000.0,,38935000000.0,,21002000000.0,165515000000.0,410414000000.0,-22595000000.0,171227000000.0,342961000000.0,4300000000.0,,,,,,,,,,7998000000.0,,,,,,6844000000.0,,-290000000.0,-6352000000.0,,,-854000000.0,568000000.0,1226000000.0
2015-06-30,,,,,5544000000.0,128142000000.0,,,13589000000.0,4252000000.0,9130000000.0,2.17,2.17,4205000000.0,,4343000000.0,,,,,,4649000000.0,51647000000.0,,253653000000.0,,,8798000000.0,348260000000.0,,,,58372000000.0,,39419000000.0,,21514000000.0,169262000000.0,411538000000.0,-21493000000.0,172668000000.0,348260000000.0,8751000000.0,,,,,,,,,,16790000000.0,,,,,,13953000000.0,,-360000000.0,-12843000000.0,,,-4048000000.0,-273000000.0,4072000000.0
2015-09-30,,,,,8511000000.0,189737000000.0,,,19338000000.0,5617000000.0,13370000000.0,3.18,3.18,4201000000.0,,4296000000.0,,,,,,4197000000.0,47234000000.0,,250583000000.0,,,8530000000.0,340662000000.0,,,,54828000000.0,,38210000000.0,,21000000000.0,163823000000.0,412718000000.0,-24336000000.0,170723000000.0,340662000000.0,13293000000.0,,,,,,,,,,25964000000.0,,,,,,20354000000.0,,-662000000.0,-18500000000.0,,,-7450000000.0,-320000000.0,5594000000.0
2015-12-31,259488000000.0,,,1008000000.0,11501000000.0,246916000000.0,,,21966000000.0,5415000000.0,16150000000.0,3.85,3.85,4196000000.0,,3705000000.0,,13243000000.0,,,,2798000000.0,42623000000.0,,251605000000.0,,,8285000000.0,336758000000.0,,,,53976000000.0,,36818000000.0,,21165000000.0,159948000000.0,412444000000.0,-23511000000.0,170811000000.0,336758000000.0,18048000000.0,,-1832000000.0,,379000000.0,,-45000000.0,-7471000000.0,,,30344000000.0,,,,,,26490000000.0,,,-23824000000.0,,2000000.0,-7037000000.0,-911000000.0,7269000000.0
2016-03-31,,,,,2593000000.0,46977000000.0,,,1730000000.0,-51000000.0,1810000000.0,0.43,0.43,4178000000.0,,4846000000.0,,,,,,3368000000.0,44251000000.0,,255257000000.0,,,8366000000.0,342789000000.0,,,,48726000000.0,,36293000000.0,,21846000000.0,164291000000.0,411200000000.0,-20384000000.0,172187000000.0,342789000000.0,4765000000.0,,,,,,,,,,4812000000.0,,,,,,4601000000.0,,-309000000.0,-4349000000.0,,,524000000.0,1141000000.0,749000000.0
2016-06-30,,,,,5239000000.0,102275000000.0,,,4126000000.0,715000000.0,3510000000.0,0.84,0.84,4178000000.0,,4358000000.0,,,,,,3768000000.0,45828000000.0,,254062000000.0,,,8401000000.0,342473000000.0,,,,51504000000.0,,36012000000.0,,21680000000.0,165598000000.0,409767000000.0,-20744000000.0,170591000000.0,342473000000.0,9586000000.0,,,,,,,,,,9331000000.0,,,,,,8872000000.0,,-481000000.0,-7496000000.0,,,-1251000000.0,653000000.0,2144000000.0
2016-09-30,,,,,7975000000.0,157726000000.0,,,7352000000.0,1001000000.0,6160000000.0,1.47,1.47,4178000000.0,,5093000000.0,,,,,,2122000000.0,42945000000.0,,251923000000.0,,,8965000000.0,339386000000.0,,,,50021000000.0,,34857000000.0,,22223000000.0,162376000000.0,409284000000.0,-20466000000.0,170597000000.0,339386000000.0,14191000000.0,,,,,,,,,,14686000000.0,,,,,,12276000000.0,,-761000000.0,-10731000000.0,,,-2547000000.0,1388000000.0,3049000000.0
2016-12-31,218608000000.0,,,1058000000.0,10799000000.0,218125000000.0,,,7969000000.0,-406000000.0,7840000000.0,1.88,1.88,4177000000.0,,3657000000.0,,16033000000.0,,,,1285000000.0,41416000000.0,,244224000000.0,,,9572000000.0,330314000000.0,,,,47638000000.0,,34041000000.0,,20069000000.0,156484000000.0,407831000000.0,-22239000000.0,167325000000.0,330314000000.0,22308000000.0,,-4386000000.0,,388000000.0,,-171000000.0,915000000.0,,,22082000000.0,,,,,,16163000000.0,,,-12403000000.0,,,-9293000000.0,-48000000.0,4214000000.0
2017-03-31,,,,,2599000000.0,57369000000.0,,,5918000000.0,1828000000.0,4010000000.0,0.95,0.95,4223000000.0,,4897000000.0,,,,,,1519000000.0,43131000000.0,,253147000000.0,,,9663000000.0,344209000000.0,,,,53374000000.0,,34772000000.0,,21409000000.0,160438000000.0,408707000000.0,-20679000000.0,177151000000.0,344209000000.0,4519000000.0,,,,,,,,,,8173000000.0,,,,,,2890000000.0,,-180000000.0,-3761000000.0,,,-3246000000.0,1240000000.0,1970000000.0
2017-06-30,,,,,5227000000.0,116089000000.0,,,10074000000.0,2720000000.0,7360000000.0,1.73,1.73,4271000000.0,,4042000000.0,,,,,,1544000000.0,42180000000.0,,252987000000.0,,,10126000000.0,343012000000.0,,,,50949000000.0,,34585000000.0,,21158000000.0,157174000000.0,408768000000.0,-18902000000.0,179178000000.0,343012000000.0,9171000000.0,,,,,,,,,,15120000000.0,,,,,,5988000000.0,,-301000000.0,-6639000000.0,,,-8305000000.0,385000000.0,3247000000.0
2017-09-30,,,,,7952000000.0,176671000000.0,,,15657000000.0,4218000000.0,11330000000.0,2.66,2.66,4271000000.0,,4266000000.0,,,,,,1480000000.0,45752000000.0,,255556000000.0,,,10470000000.0,349427000000.0,,,,53777000000.0,,34430000000.0,,21276000000.0,160229000000.0,409449000000.0,-16651000000.0,182276000000.0,349427000000.0,14051000000.0,,,,,,,,,,22655000000.0,,,,,,10901000000.0,,-1962000000.0,-9194000000.0,,,-13293000000.0,609000000.0,4611000000.0
2017-12-31,237162000000.0,,,1063000000.0,10956000000.0,225689000000.0,,,18674000000.0,-1174000000.0,19710000000.0,4.63,4.63,4256000000.0,,3177000000.0,,21274000000.0,,,,1368000000.0,47134000000.0,,252630000000.0,,,9767000000.0,348691000000.0,,,,57771000000.0,,26893000000.0,,19215000000.0,154191000000.0,414540000000.0,-16262000000.0,187688000000.0,348691000000.0,19893000000.0,,-8577000000.0,,1682000000.0,,117000000.0,5104000000.0,,,30066000000.0,,,,,,15402000000.0,,,-15730000000.0,,,-15130000000.0,-480000000.0,7510000000.0
2018-03-31,65436000000.0,,,,2747000000.0,60971000000.0,,,7240000000.0,2457000000.0,4650000000.0,1.09,1.09,4270000000.0,,4125000000.0,,,,,,1456000000.0,48315000000.0,,250352000000.0,,,9809000000.0,348826000000.0,,,,60306000000.0,,26760000000.0,,19554000000.0,153915000000.0,415970000000.0,-16992000000.0,188195000000.0,348826000000.0,4470000000.0,,,,,,,,,,8519000000.0,,,,,,3349000000.0,,-187000000.0,-1859000000.0,,,-5742000000.0,948000000.0,2117000000.0
2018-06-30,136892000000.0,,,,5740000000.0,127960000000.0,,,13752000000.0,4983000000.0,8600000000.0,2.01,2.01,4271000000.0,,3430000000.0,,,,,,1649000000.0,50555000000.0,,248209000000.0,,,10335000000.0,348790000000.0,,,,62447000000.0,,26783000000.0,,19228000000.0,155257000000.0,416418000000.0,-18609000000.0,187222000000.0,348790000000.0,9059000000.0,,,,,,,,,,16299000000.0,,,,,,8276000000.0,,-277000000.0,-6955000000.0,,,-8986000000.0,253000000.0,4426000000.0
2018-09-30,211079000000.0,,,,8632000000.0,195485000000.0,,,22832000000.0,7617000000.0,14840000000.0,3.47,3.47,4271000000.0,,5669000000.0,,,,,,1665000000.0,53975000000.0,,249153000000.0,,,11073000000.0,354628000000.0,,,,65288000000.0,,27084000000.0,,18728000000.0,157797000000.0,419155000000.0,-18370000000.0,190365000000.0,354628000000.0,13717000000.0,,,,,,,,,,27407000000.0,,,,,,13480000000.0,,-492000000.0,-10862000000.0,,,-13945000000.0,2492000000.0,6740000000.0
2018-12-31,279332000000.0,,,1116000000.0,11480000000.0,259259000000.0,,,30953000000.0,9532000000.0,20840000000.0,4.88,4.88,4270000000.0,,3042000000.0,,19638000000.0,,,,1272000000.0,47973000000.0,,247101000000.0,,,10332000000.0,346196000000.0,,,,57138000000.0,,27244000000.0,,18094000000.0,147668000000.0,421653000000.0,-19564000000.0,191794000000.0,346196000000.0,18745000000.0,,-60000000.0,,3107000000.0,,25000000.0,2321000000.0,,,36014000000.0,,,,,,19574000000.0,,,-16446000000.0,,,-19446000000.0,-135000000.0,9294000000.0
2019-03-31,61646000000.0,,,,2770000000.0,59336000000.0,,,4289000000.0,1883000000.0,2350000000.0,0.55,0.55,4270000000.0,,4586000000.0,,,,,,1553000000.0,51576000000.0,,248563000000.0,,,13982000000.0,356189000000.0,,,,66632000000.0,,27287000000.0,,20737000000.0,158168000000.0,420498000000.0,-18782000000.0,191222000000.0,356189000000.0,4571000000.0,,,,,,,,,,8338000000.0,,,,,,5199000000.0,,-209000000.0,-5793000000.0,,,-1044000000.0,1544000000.0,1793000000.0
2019-06-30,129137000000.0,,,,5597000000.0,123795000000.0,,,8921000000.0,3124000000.0,5480000000.0,1.28,1.28,4271000000.0,,4213000000.0,,,,,,1563000000.0,51743000000.0,,250853000000.0,,,15600000000.0,360729000000.0,,,,70287000000.0,,26846000000.0,,22127000000.0,162264000000.0,419913000000.0,-18205000000.0,191377000000.0,360729000000.0,9202000000.0,,,,,,,,,,14285000000.0,,,,,,11372000000.0,,-292000000.0,-12670000000.0,,,-496000000.0,1171000000.0,3884000000.0
2019-09-30,192559000000.0,,,,8350000000.0,184123000000.0,,,13642000000.0,4598000000.0,8650000000.0,2.03,2.03,4271000000.0,,5351000000.0,,,,,,1759000000.0,50008000000.0,,250512000000.0,,,15921000000.0,359361000000.0,,,,64195000000.0,,26513000000.0,,21997000000.0,162252000000.0,419367000000.0,-19277000000.0,189915000000.0,359361000000.0,14075000000.0,,,,,,,,,,23364000000.0,,,,,,17657000000.0,,-769000000.0,-18820000000.0,,,-2162000000.0,2309000000.0,5259000000.0
2019-12-31,255583000000.0,,,1214000000.0,11398000000.0,244882000000.0,,,20056000000.0,5282000000.0,14340000000.0,3.36,3.36,4270000000.0,,3089000000.0,,21100000000.0,,,,1469000000.0,50052000000.0,,253018000000.0,,,16363000000.0,362597000000.0,,,,63989000000.0,,,,21416000000.0,163659000000.0,421341000000.0,-19493000000.0,191650000000.0,362597000000.0,18998000000.0,,-944000000.0,,-72000000.0,,234000000.0,3725000000.0,,,29716000000.0,,,,,,24361000000.0,,,-23084000000.0,,,-6618000000.0,47000000.0,7018000000.0
2020-03-31,55134000000.0,,,,2579000000.0,56416000000.0,,,-258000000.0,512000000.0,-610000000.0,-0.14,-0.14,4270000000.0,,11412000000.0,,,,,,1465000000.0,50249000000.0,,248409000000.0,,,14165000000.0,355804000000.0,,,,64773000000.0,,,,19631000000.0,167061000000.0,416919000000.0,-24339000000.0,182079000000.0,355804000000.0,5819000000.0,,,,-2245000000.0,,,,,,6274000000.0,,,,,,5945000000.0,,-220000000.0,-6367000000.0,,,8785000000.0,8323000000.0,1372000000.0
2020-06-30,87411000000.0,,,,4988000000.0,90661000000.0,,,-1898000000.0,-471000000.0,-1690000000.0,-0.4,-0.4,4271000000.0,,12576000000.0,,,,,,1747000000.0,53016000000.0,,250524000000.0,,,14763000000.0,361495000000.0,,,,57270000000.0,,,,19612000000.0,174342000000.0,412124000000.0,-21617000000.0,180183000000.0,361495000000.0,10735000000.0,,,,-176000000.0,,,,,,6274000000.0,,,,,,10362000000.0,,-309000000.0,-11448000000.0,,,15062000000.0,9487000000.0,1768000000.0
2020-09-30,132836000000.0,,,,7432000000.0,137232000000.0,,,-2270000000.0,378000000.0,-2370000000.0,-0.55,-0.55,4271000000.0,,8832000000.0,,,,,,2002000000.0,48693000000.0,,250496000000.0,,,15245000000.0,358043000000.0,,,,56468000000.0,,,,20025000000.0,173431000000.0,407728000000.0,-20189000000.0,177400000000.0,358043000000.0,15718000000.0,,,,-61000000.0,,,,,,10663000000.0,,,,,,13653000000.0,,-1710000000.0,-15157000000.0,,,10568000000.0,5743000000.0,2341000000.0
2020-12-31,178574000000.0,,,1016000000.0,10168000000.0,210385000000.0,,,-28883000000.0,-5632000000.0,-22440000000.0,-5.25,-5.25,4271000000.0,,4364000000.0,,16339000000.0,,,,1098000000.0,44893000000.0,,227553000000.0,,,16789000000.0,332750000000.0,,,,56363000000.0,,,,21242000000.0,168620000000.0,383943000000.0,-16705000000.0,157150000000.0,332750000000.0,46009000000.0,,-8856000000.0,,315000000.0,,-420000000.0,-7142000000.0,,,14668000000.0,,,,,,17282000000.0,,,-18459000000.0,,,5285000000.0,1275000000.0,2428000000.0
2021-03-31,57552000000.0,,,,2428000000.0,55555000000.0,,,3592000000.0,796000000.0,2730000000.0,0.64,0.64,4272000000.0,,3515000000.0,,,,,,1568000000.0,48195000000.0,,224641000000.0,,,16753000000.0,333770000000.0,,,,60150000000.0,,,,21155000000.0,169669000000.0,382953000000.0,-16090000000.0,156974000000.0,333770000000.0,5004000000.0,,,,0.0,,,,,,9264000000.0,,,,,,2400000000.0,,-87000000.0,-2355000000.0,,,-7785000000.0,-849000000.0,855000000.0
2021-06-30,123495000000.0,,,,4773000000.0,116990000000.0,,,9899000000.0,2322000000.0,7420000000.0,1.74,1.74,4276000000.0,,3465000000.0,,,,,,1562000000.0,52842000000.0,,223012000000.0,,,16661000000.0,337289000000.0,,,,62238000000.0,,,,20545000000.0,171733000000.0,383922000000.0,-15586000000.0,158571000000.0,337289000000.0,9956000000.0,,,,,,,,,,18914000000.0,,,,,,5147000000.0,,-132000000.0,-5071000000.0,,,-14807000000.0,-899000000.0,2079000000.0
2021-09-30,195387000000.0,,,,7060000000.0,181170000000.0,,,19505000000.0,4986000000.0,14170000000.0,3.31,3.31,4276000000.0,,4768000000.0,,,,,,1664000000.0,55555000000.0,,218795000000.0,,,16697000000.0,336688000000.0,,,,61856000000.0,,,,20559000000.0,169182000000.0,386952000000.0,-16696000000.0,160589000000.0,336688000000.0,14946000000.0,,,,,,,,,,31005000000.0,,,,,,7987000000.0,,-342000000.0,-8125000000.0,,,-22464000000.0,404000000.0,3516000000.0
2021-12-31,276692000000.0,,,843000000.0,9574000000.0,254406000000.0,,,31234000000.0,7636000000.0,23040000000.0,5.39,5.39,4275000000.0,,6802000000.0,,26883000000.0,,,,1189000000.0,59154000000.0,,216552000000.0,,,18022000000.0,338923000000.0,,,,56643000000.0,,,,21717000000.0,163240000000.0,392059000000.0,-13764000000.0,168577000000.0,338923000000.0,20607000000.0,,303000000.0,,489000000.0,,71000000.0,16820000000.0,,,48129000000.0,,,,,,12076000000.0,,,-10235000000.0,,,-35423000000.0,2438000000.0,5341000000.0
2022-03-31,87734000000.0,,,,2409000000.0,81944000000.0,,,8556000000.0,2806000000.0,5480000000.0,1.28,1.28,4266000000.0,,11074000000.0,,,,,,1862000000.0,77255000000.0,,212773000000.0,,,18414000000.0,354771000000.0,,,,72059000000.0,,,,22872000000.0,178245000000.0,393779000000.0,-12914000000.0,169215000000.0,354771000000.0,8883000000.0,,,,,,,,,,14788000000.0,,,,,,3911000000.0,,-90000000.0,-3945000000.0,,,-6713000000.0,4272000000.0,1798000000.0
2022-06-30,198999000000.0,,,,4939000000.0,172692000000.0,,,33489000000.0,9165000000.0,23330000000.0,5.49,5.49,4248000000.0,,18861000000.0,,,,,,2654000000.0,93163000000.0,,209159000000.0,,,18632000000.0,367774000000.0,,,,80110000000.0,,,,22808000000.0,183266000000.0,407902000000.0,-15017000000.0,177316000000.0,367774000000.0,13334000000.0,,,,,,,,,,34751000000.0,,,,,,7748000000.0,,-150000000.0,-7009000000.0,,,-15384000000.0,12059000000.0,5545000000.0
2022-09-30,305511000000.0,,,,7263000000.0,259340000000.0,,,58911000000.0,14389000000.0,42990000000.0,10.17,10.17,4227000000.0,,30407000000.0,,,,,,2318000000.0,99289000000.0,,203102000000.0,,,17526000000.0,370152000000.0,,,,74057000000.0,,,,23086000000.0,177109000000.0,423877000000.0,-17803000000.0,186100000000.0,370152000000.0,18976000000.0,,,,,,,,,,59176000000.0,,,,,,12624000000.0,,-238000000.0,-9387000000.0,,,-25177000000.0,23662000000.0,10172000000.0
2022-12-31,413680000000.0,,,824000000.0,10095000000.0,335927000000.0,,,77753000000.0,20176000000.0,55740000000.0,13.26,13.26,4205000000.0,,29640000000.0,,32844000000.0,,,,1782000000.0,97631000000.0,,204692000000.0,,,16951000000.0,369067000000.0,,,,69045000000.0,,,,21733000000.0,166594000000.0,432860000000.0,-13270000000.0,195049000000.0,369067000000.0,24040000000.0,,3758000000.0,,6947000000.0,,688000000.0,18460000000.0,,,76797000000.0,,,,,,18407000000.0,,,-14742000000.0,,,-39114000000.0,22863000000.0,15364000000.0
2023-03-31,83644000000.0,,,,2390000000.0,69761000000.0,,,16803000000.0,4960000000.0,11430000000.0,2.79,2.79,4102000000.0,,32651000000.0,,,,,,2098000000.0,97224000000.0,,206023000000.0,,,17080000000.0,369371000000.0,,,,66666000000.0,,,,21387000000.0,162957000000.0,440552000000.0,-13095000000.0,198685000000.0,369371000000.0,4244000000.0,,,,,,,,,,16341000000.0,,,,,,5412000000.0,,,-4925000000.0,,,-8507000000.0,3011000000.0,4404000000.0
2023-06-30,164439000000.0,,,,4839000000.0,141019000000.0,,,28459000000.0,8463000000.0,19310000000.0,4.73,4.73,4084000000.0,,29528000000.0,,,,,,2039000000.0,91760000000.0,,206736000000.0,,,17479000000.0,363248000000.0,,,,61815000000.0,,,,,156251000000.0,444731000000.0,-12657000000.0,199046000000.0,363248000000.0,8486000000.0,,,,,,,,,,25724000000.0,,,,,,10771000000.0,,,-9281000000.0,,,-16683000000.0,-108000000.0,8841000000.0
2023-09-30,260238000000.0,,,,7328000000.0,218080000000.0,,,42158000000.0,12816000000.0,28380000000.0,6.98,6.98,4064000000.0,,32944000000.0,,,,,,1905000000.0,101142000000.0,,205862000000.0,,,17189000000.0,372259000000.0,,,,71186000000.0,,,,,164726000000.0,450138000000.0,-13088000000.0,199703000000.0,372259000000.0,12901000000.0,,,,,,,,,,41687000000.0,,,,,,15691000000.0,,,-13560000000.0,,,-24742000000.0,3308000000.0,11627000000.0
2023-12-31,344582000000.0,,,879000000.0,9919000000.0,291799000000.0,,,52783000000.0,15429000000.0,36010000000.0,8.89,8.89,4052000000.0,,31539000000.0,,30296000000.0,,,,1906000000.0,96609000000.0,,214940000000.0,,,17138000000.0,376317000000.0,,,,65316000000.0,,,,,163779000000.0,453927000000.0,-11989000000.0,204802000000.0,376317000000.0,20641000000.0,,634000000.0,,3472000000.0,,426000000.0,-4727000000.0,,,55369000000.0,,,,,,21919000000.0,,,-19274000000.0,,,-34297000000.0,1903000000.0,15473000000.0
2024-03-31,83083000000.0,,,,2495000000.0,70714000000.0,,,12369000000.0,3803000000.0,8220000000.0,2.06,2.06,3998000000.0,,33320000000.0,,,,,,2171000000.0,99377000000.0,,213723000000.0,,,17210000000.0,377918000000.0,,,,71921000000.0,,,,,164866000000.0,458339000000.0,-13169000000.0,205250000000.0,377918000000.0,4812000000.0,,,,,,,,,,14664000000.0,,,,,,5074000000.0,,,-4577000000.0,,,-7982000000.0,1781000000.0,2718000000.0
2024-06-30,176143000000.0,,,,5063000000.0,150109000000.0,,,26034000000.0,7897000000.0,17460000000.0,4.2,4.2,4317000000.0,,26460000000.0,,,,,,2176000000.0,96238000000.0,,298283000000.0,,,18238000000.0,460707000000.0,,,,70763000000.0,,,,,184441000000.0,463294000000.0,-13187000000.0,268405000000.0,460707000000.0,10599000000.0,,,,,,,,,,25224000000.0,,,,,,11309000000.0,,,-9446000000.0,,,-20540000000.0,-5080000000.0,6968000000.0
2024-09-30,266159000000.0,,,,7359000000.0,227099000000.0,,,39060000000.0,11952000000.0,26070000000.0,6.12,6.12,4462000000.0,,26926000000.0,,,,,,1997000000.0,94349000000.0,,299543000000.0,,,19155000000.0,461916000000.0,,,,69993000000.0,,,,,185516000000.0,467664000000.0,-11959000000.0,268592000000.0,461916000000.0,16857000000.0,,,,,,,,,,42793000000.0,,,,,,17469000000.0,,,-15686000000.0,,,-31646000000.0,-4596000000.0,11194000000.0
