Date,Net sales,Cost of sales,Gross margin,Research and development,"Selling, general and administrative",Total operating expenses,Operating income,"Other income/(expense), net",Income before provision for income taxes,Provision for income taxes,Net income,Earnings per share basic,Earnings per share diluted,Weighted-average basic,Weighted-average diluted,Cash and cash equivalents,Short-term marketable securities,"Accounts receivable, net",Inventories,Deferred tax assets,Vendor non-trade receivables,Other current assets,Total current assets,Long-term marketable securities,"Property, Plant and Equipment, Net",Goodwill,"Acquired intangible assets, net","Other Assets, Noncurrent",Total assets,accounts payable,Accrued expenses,Deferred revenue,Total current liabilities,Deferred revenue - non-current,deferred tax liabilities,long term taxes payable,Total other non-current liabilities,Total liabilities,Retained Earnings (Accumulated Deficit),Accumulated other comprehensive (loss)/income,Total shareholders equity,Total liabilities and shareholders' equity,"Depreciation, amortization and accretion",Stock-based compensation expense,Deferred income tax expense,"Increase (Decrease) in Accounts receivable, net",Increase (Decrease) in Inventories,Increase (Decrease) in Other Receivables,Increase (Decrease) in Other Operating Assets,Increase (Decrease) in Accounts Payable,Increase (Decrease) in Deferred Revenue,Increase (Decrease) Other liabilities,Cash generated by operating activities,Purchases of marketable securities,Proceeds from maturities of marketable securities,Proceeds from sales of marketable securities,Purchases of other long-term investments,"Business acquisitions, net of cash acquired",Cash payments for capital asset purchases,Payments for acquisition of intangible assets,Payments for (Proceeds from) Other Investing Activities,Cash used in investing activities,Proceeds from issuance of common stock,Excess tax benefits from stock-based compensation,Cash generated/used in financing activities,Increase/(decrease) in cash and cash equivalents,"Cash paid for income taxes, net"
2009-12-26,10836000000.0,,,,,9246000000.0,1590000000.0,,,313000000.0,1071000000.0,2.28,2.22,,,353000000.0,,,122000000.0,81000000.0,,,1208000000.0,,3899000000.0,640000000.0,462000000.0,544000000.0,7148000000.0,,,,1653000000.0,,,,,6034000000.0,996000000.0,-224000000.0,1025000000.0,7148000000.0,580000000.0,56000000.0,72000000.0,,27000000.0,,,,,,1404000000.0,,,,,24000000.0,797000000.0,,19000000.0,-727000000.0,,59000000.0,-542000000.0,120000000.0,
2010-03-20,2345000000.0,,,,,1981000000.0,364000000.0,,,78000000.0,241000000.0,0.51,0.5,,,444000000.0,,,113000000.0,145000000.0,,,1404000000.0,,3766000000.0,623000000.0,453000000.0,539000000.0,7141000000.0,,,,1596000000.0,,,,,6024000000.0,1138000000.0,-249000000.0,1043000000.0,7141000000.0,119000000.0,13000000.0,-74000000.0,,5000000.0,,,,,,392000000.0,,,,,0.0,163000000.0,,4000000.0,-116000000.0,,9000000.0,-190000000.0,91000000.0,
2010-06-12,4919000000.0,,,,,4134000000.0,785000000.0,,,168000000.0,527000000.0,1.11,1.09,,,530000000.0,,,138000000.0,107000000.0,,,1464000000.0,,3694000000.0,613000000.0,444000000.0,529000000.0,7145000000.0,,,,2213000000.0,,,,,5919000000.0,1325000000.0,-263000000.0,1149000000.0,7145000000.0,256000000.0,24000000.0,-78000000.0,,-19000000.0,,,,,,833000000.0,,,,,2000000.0,327000000.0,,6000000.0,-239000000.0,,23000000.0,-412000000.0,177000000.0,
2010-09-04,7781000000.0,,,,,6452000000.0,1329000000.0,,,307000000.0,884000000.0,1.87,1.82,473000000.0,485000000.0,1274000000.0,,,149000000.0,81000000.0,,,2175000000.0,,3770000000.0,700000000.0,440000000.0,529000000.0,8088000000.0,,,,2301000000.0,,,,,6445000000.0,1681000000.0,-237000000.0,1556000000.0,8088000000.0,383000000.0,37000000.0,-130000000.0,,-30000000.0,,,,,,1497000000.0,,,,,,490000000.0,,10000000.0,-435000000.0,,46000000.0,-151000000.0,921000000.0,
2010-12-25,11343000000.0,,,33000000.0,,9574000000.0,1769000000.0,,,416000000.0,1158000000.0,2.44,2.38,474.0,486.0,1426000000.0,,,189000000.0,356000000.0,,,2313000000.0,,3830000000.0,659000000.0,475000000.0,519000000.0,8316000000.0,540000000.0,318000000.0,,2448000000.0,,-51000000.0,,,6647000000.0,1717000000.0,-227000000.0,1576000000.0,8316000000.0,589000000.0,47000000.0,-110000000.0,,-68000000.0,,,,,,1968000000.0,,,,,,796000000.0,,19000000.0,-579000000.0,,69000000.0,-337000000.0,1073000000.0,
2011-03-19,2425000000.0,,,,,2024000000.0,401000000.0,,,91000000.0,264000000.0,0.56,0.54,473.0,486.0,1529000000.0,,,156000000.0,59000000.0,,,2436000000.0,,3852000000.0,669000000.0,408000000.0,507000000.0,8426000000.0,,,,2288000000.0,,,,,6567000000.0,1960000000.0,-177000000.0,1783000000.0,8426000000.0,123000000.0,13000000.0,-60000000.0,,34000000.0,,,,,,508000000.0,,,,,,173000000.0,,-4000000.0,-156000000.0,,8000000.0,-261000000.0,103000000.0,
2011-12-31,12626000000.0,,,34000000.0,,10811000000.0,1815000000.0,,1659000000.0,324000000.0,1319000000.0,2.81,2.74,469000000.0,481000000.0,1198000000.0,,,273000000.0,600000000.0,,,2321000000.0,,4042000000.0,681000000.0,299000000.0,475000000.0,8834000000.0,712000000.0,250000000.0,,2450000000.0,,45000000.0,,,6918000000.0,2052000000.0,-247000000.0,1823000000.0,8834000000.0,628000000.0,59000000.0,-137000000.0,,75000000.0,,,,,,2170000000.0,,,,,,940000000.0,,-39000000.0,-1006000000.0,,66000000.0,-1413000000.0,-228000000.0,
2012-03-24,2743000000.0,,,,,2098000000.0,645000000.0,,608000000.0,147000000.0,458000000.0,0.99,0.96,465000000.0,478000000.0,1099000000.0,,,291000000.0,128000000.0,,,2425000000.0,,4041000000.0,962000000.0,811000000.0,531000000.0,9343000000.0,,,,2391000000.0,,,,,7064000000.0,2362000000.0,-225000000.0,2142000000.0,9343000000.0,138000000.0,11000000.0,-4000000.0,,-27000000.0,,,,,,484000000.0,,,,,540000000.0,184000000.0,,5000000.0,-402000000.0,,28000000.0,-188000000.0,-99000000.0,
2012-06-16,5911000000.0,,,,,4793000000.0,1118000000.0,,1043000000.0,249000000.0,789000000.0,1.7,1.65,465000000.0,478000000.0,984000000.0,,,305000000.0,125000000.0,,,2231000000.0,,4102000000.0,1010000000.0,733000000.0,512000000.0,9177000000.0,,,,2313000000.0,,,,,6905000000.0,2378000000.0,-243000000.0,2135000000.0,9177000000.0,279000000.0,23000000.0,-10000000.0,,-14000000.0,,,,,,924000000.0,,,,,542000000.0,406000000.0,,-2000000.0,-596000000.0,,46000000.0,-539000000.0,-214000000.0,
2012-09-08,9480000000.0,,,,,7691000000.0,1789000000.0,,1682000000.0,410000000.0,1260000000.0,2.72,2.65,463000000.0,476000000.0,942000000.0,,,291000000.0,108000000.0,,,2079000000.0,,4119000000.0,1006000000.0,713000000.0,528000000.0,8974000000.0,,,,2057000000.0,,,,,6635000000.0,2450000000.0,-253000000.0,2197000000.0,8974000000.0,429000000.0,35000000.0,86000000.0,,-27000000.0,,,,,,1818000000.0,,,,,542000000.0,678000000.0,,14000000.0,-747000000.0,,52000000.0,-1322000000.0,-256000000.0,
2012-12-29,13633000000.0,,,30000000.0,,11339000000.0,2294000000.0,,2145000000.0,537000000.0,1597000000.0,3.46,3.38,461000000.0,473000000.0,776000000.0,,,313000000.0,440000000.0,,,1909000000.0,,4250000000.0,1034000000.0,690000000.0,575000000.0,9011000000.0,684000000.0,256000000.0,,2188000000.0,,147000000.0,,,6699000000.0,2286000000.0,-132000000.0,2154000000.0,9011000000.0,645000000.0,50000000.0,28000000.0,,-9000000.0,,,,,,2294000000.0,,,,,543000000.0,1099000000.0,,27000000.0,-1005000000.0,,98000000.0,-1716000000.0,-422000000.0,
2013-03-23,2535000000.0,,,,,2048000000.0,487000000.0,,456000000.0,120000000.0,337000000.0,0.74,0.72,455000000.0,465000000.0,762000000.0,,,288000000.0,133000000.0,,,1898000000.0,,4258000000.0,1026000000.0,693000000.0,571000000.0,8945000000.0,,,,2089000000.0,,,,,6528000000.0,2413000000.0,-120000000.0,2293000000.0,8945000000.0,130000000.0,9000000.0,-6000000.0,,-26000000.0,,,,,,401000000.0,,,,,0.0,237000000.0,,-3000000.0,-153000000.0,,11000000.0,-259000000.0,-14000000.0,
2013-06-15,5439000000.0,,,,,4562000000.0,877000000.0,,814000000.0,202000000.0,618000000.0,1.36,1.33,454000000.0,464000000.0,500000000.0,,,319000000.0,115000000.0,,,1605000000.0,,4252000000.0,1110000000.0,717000000.0,571000000.0,8764000000.0,,,,1990000000.0,,,,,6420000000.0,2324000000.0,-101000000.0,2223000000.0,8764000000.0,300000000.0,21000000.0,-5000000.0,,-1000000.0,,,,,,729000000.0,,,,,89000000.0,472000000.0,,6000000.0,-410000000.0,,24000000.0,-587000000.0,-276000000.0,
2013-09-07,8905000000.0,,,,,7678000000.0,1227000000.0,,1133000000.0,384000000.0,770000000.0,1.7,1.66,453000000.0,463000000.0,753000000.0,,,300000000.0,116000000.0,,,1830000000.0,,4257000000.0,882000000.0,644000000.0,567000000.0,8730000000.0,,,,1989000000.0,,,,,6430000000.0,2326000000.0,-132000000.0,2194000000.0,8730000000.0,473000000.0,32000000.0,-51000000.0,,-19000000.0,,,,,,1553000000.0,,,,,98000000.0,699000000.0,,8000000.0,-587000000.0,,27000000.0,-975000000.0,-23000000.0,
2013-12-28,13084000000.0,,,31000000.0,,11286000000.0,1798000000.0,,1551000000.0,487000000.0,1091000000.0,2.41,2.36,452000000.0,461000000.0,573000000.0,,,294000000.0,382000000.0,,,1691000000.0,,4459000000.0,889000000.0,638000000.0,566000000.0,8695000000.0,704000000.0,303000000.0,,2265000000.0,,138000000.0,,,6427000000.0,2102000000.0,64000000.0,2166000000.0,8695000000.0,721000000.0,49000000.0,-24000000.0,,-18000000.0,,,,,,2139000000.0,,,,,99000000.0,1049000000.0,,-2000000.0,-886000000.0,,44000000.0,-1451000000.0,-203000000.0,
2014-03-22,2724000000.0,,,,,2153000000.0,571000000.0,,538000000.0,139000000.0,399000000.0,0.89,0.87,447000000.0,456000000.0,734000000.0,,,258000000.0,127000000.0,,,1809000000.0,,4378000000.0,881000000.0,633000000.0,563000000.0,8705000000.0,,,,2150000000.0,,,,1233000000.0,6332000000.0,2248000000.0,27000000.0,2275000000.0,8705000000.0,140000000.0,12000000.0,-11000000.0,,-33000000.0,,,,,,570000000.0,,,,,2000000.0,172000000.0,,-4000000.0,-168000000.0,,13000000.0,-237000000.0,161000000.0,
2014-06-14,5928000000.0,,,,,4878000000.0,1050000000.0,,988000000.0,251000000.0,733000000.0,1.64,1.61,446000000.0,456000000.0,597000000.0,,,282000000.0,129000000.0,,231000000.0,1882000000.0,,4425000000.0,875000000.0,615000000.0,557000000.0,8810000000.0,,,,2153000000.0,,,,1200000000.0,6448000000.0,2258000000.0,6000000.0,2264000000.0,8810000000.0,320000000.0,25000000.0,-10000000.0,,-5000000.0,,,,,,1084000000.0,,,,,3000000.0,408000000.0,,-7000000.0,-614000000.0,,25000000.0,-433000000.0,24000000.0,
2014-09-06,9282000000.0,,,,,7682000000.0,1600000000.0,,1510000000.0,370000000.0,1137000000.0,2.55,2.5,445000000.0,455000000.0,685000000.0,,,266000000.0,121000000.0,,226000000.0,2070000000.0,,4480000000.0,886000000.0,622000000.0,561000000.0,9177000000.0,,,,2112000000.0,,,,1146000000.0,6573000000.0,2462000000.0,36000000.0,2505000000.0,9177000000.0,501000000.0,36000000.0,-94000000.0,,-24000000.0,,,,,,1612000000.0,,,,,26000000.0,655000000.0,,-10000000.0,-920000000.0,,29000000.0,-586000000.0,112000000.0,
2014-12-27,13279000000.0,,,30000000.0,,11722000000.0,1557000000.0,,1427000000.0,406000000.0,1051000000.0,2.37,2.32,444000000.0,453000000.0,578000000.0,,,301000000.0,622000000.0,,,1646000000.0,,4498000000.0,700000000.0,318000000.0,560000000.0,8345000000.0,694000000.0,331000000.0,,2411000000.0,,40000000.0,,,6732000000.0,1737000000.0,-190000000.0,1547000000.0,8345000000.0,739000000.0,55000000.0,-172000000.0,,22000000.0,,,,,,2049000000.0,,,,,28000000.0,1033000000.0,,-11000000.0,-936000000.0,,42000000.0,-1114000000.0,5000000.0,
2015-03-21,2622000000.0,,,,,2116000000.0,506000000.0,,472000000.0,111000000.0,362000000.0,0.83,0.81,438000000.0,446000000.0,675000000.0,,,276000000.0,97000000.0,,259000000.0,1783000000.0,,4374000000.0,684000000.0,299000000.0,547000000.0,8305000000.0,,,,2290000000.0,,,,1123000000.0,6534000000.0,1978000000.0,-271000000.0,1707000000.0,8305000000.0,139000000.0,15000000.0,-29000000.0,,-21000000.0,,,,,,516000000.0,,,,,,227000000.0,,-9000000.0,-196000000.0,,19000000.0,-246000000.0,97000000.0,
2015-06-13,5727000000.0,,,,,4850000000.0,877000000.0,,810000000.0,213000000.0,597000000.0,1.36,1.34,437000000.0,446000000.0,636000000.0,,,279000000.0,104000000.0,,276000000.0,1729000000.0,,4372000000.0,684000000.0,294000000.0,554000000.0,8294000000.0,,,,2689000000.0,,,,1141000000.0,6661000000.0,1726000000.0,-157000000.0,1569000000.0,8294000000.0,326000000.0,28000000.0,-77000000.0,,-21000000.0,,,,,,947000000.0,,,,,,404000000.0,,-39000000.0,-352000000.0,,40000000.0,-576000000.0,58000000.0,
2015-09-05,9154000000.0,,,,,7674000000.0,1480000000.0,,1381000000.0,358000000.0,1018000000.0,2.33,2.29,437000000.0,445000000.0,861000000.0,,,230000000.0,113000000.0,,248000000.0,1919000000.0,,4263000000.0,674000000.0,287000000.0,547000000.0,8306000000.0,,,,2642000000.0,,,,1120000000.0,6413000000.0,2079000000.0,-262000000.0,1825000000.0,8306000000.0,505000000.0,40000000.0,-42000000.0,,-62000000.0,,,,,,1817000000.0,,,,,,642000000.0,,-50000000.0,-522000000.0,,46000000.0,-1019000000.0,283000000.0,
2015-12-26,13105000000.0,,,28000000.0,,11184000000.0,1921000000.0,,1787000000.0,489000000.0,1293000000.0,2.97,2.92,436000000.0,443000000.0,737000000.0,,,229000000.0,644000000.0,,,1688000000.0,,4189000000.0,656000000.0,271000000.0,534000000.0,8075000000.0,616000000.0,417000000.0,,3088000000.0,,32000000.0,,,7100000000.0,1150000000.0,-239000000.0,911000000.0,8075000000.0,747000000.0,57000000.0,-89000000.0,,-58000000.0,,,,,,2139000000.0,,,,,9000000.0,973000000.0,,-54000000.0,-682000000.0,,50000000.0,-1292000000.0,159000000.0,
2016-03-19,2619000000.0,,,,,2055000000.0,564000000.0,,527000000.0,132000000.0,391000000.0,0.94,0.93,416000000.0,422000000.0,934000000.0,,,210000000.0,,,279000000.0,1963000000.0,,4111000000.0,644000000.0,265000000.0,500000000.0,8221000000.0,,,,4648000000.0,,,,846000000.0,8004000000.0,454000000.0,-300000000.0,156000000.0,8221000000.0,136000000.0,13000000.0,-25000000.0,,-17000000.0,,,,,,659000000.0,,,,,,160000000.0,,-1000000.0,-201000000.0,,11000000.0,-243000000.0,197000000.0,
2016-06-11,5627000000.0,,,,,4572000000.0,1055000000.0,,978000000.0,248000000.0,730000000.0,1.77,1.74,413000000.0,420000000.0,795000000.0,,,255000000.0,,,,1879000000.0,,4096000000.0,649000000.0,264000000.0,528000000.0,8184000000.0,,,,2279000000.0,,,,912000000.0,8515000000.0,-123000000.0,-266000000.0,-389000000.0,8184000000.0,314000000.0,27000000.0,-43000000.0,,29000000.0,,,,,,896000000.0,,,,,,343000000.0,,-8000000.0,-288000000.0,,26000000.0,-538000000.0,58000000.0,
2016-09-03,8943000000.0,,,,,7234000000.0,1709000000.0,,1545000000.0,183000000.0,1352000000.0,3.33,3.28,406000000.0,412000000.0,2885000000.0,,,255000000.0,,,,4003000000.0,,4010000000.0,635000000.0,258000000.0,562000000.0,10432000000.0,,,,2299000000.0,,,,844000000.0,12262000000.0,-1572000000.0,-324000000.0,-1896000000.0,10432000000.0,489000000.0,41000000.0,-215000000.0,,32000000.0,,,,,,1542000000.0,,,,,,546000000.0,,-35000000.0,-346000000.0,,66000000.0,983000000.0,2148000000.0,
2016-12-31,,,,,,,1625000000.0,,1318000000.0,,1619000000.0,4.11,4.04,394000000.0,400000000.0,,,,,,,,1482000000.0,,,,,,5478000000.0,,,,1369000000.0,,,,,11134000000.0,,,,5478000000.0,309000000.0,,,,,,,,,,,,,,,,,,,,,,,,
2017-03-31,1417000000.0,,,,,,484000000.0,,347000000.0,,280000000.0,0.78,0.77,357000000.0,364000000.0,525000000.0,,,34000000.0,,,,1277000000.0,,2084000000.0,539000000.0,150000000.0,357000000.0,5151000000.0,,,,1558000000.0,,,,690000000.0,10963000000.0,-5433000000.0,-379000000.0,-5812000000.0,5151000000.0,70000000.0,15000000.0,20000000.0,,-4000000.0,,,,,,288000000.0,,,,,,76000000.0,,5000000.0,104000000.0,,,-629000000.0,,
2017-06-30,2865000000.0,,,,,,903000000.0,,658000000.0,,486000000.0,1.37,1.34,354000000.0,361000000.0,970000000.0,,,31000000.0,,,,1785000000.0,,2021000000.0,540000000.0,147000000.0,340000000.0,5596000000.0,,,,1478000000.0,,,,746000000.0,11698000000.0,-5710000000.0,-392000000.0,-6102000000.0,5596000000.0,135000000.0,25000000.0,10000000.0,,-4000000.0,,,,,,,,,,,,150000000.0,,-2000000.0,,,,,,
2017-09-30,4301000000.0,,,,,,1546000000.0,,1182000000.0,,904000000.0,2.58,2.52,351000000.0,358000000.0,980000000.0,,,15000000.0,,,,1999000000.0,,1861000000.0,525000000.0,116000000.0,304000000.0,5454000000.0,,,,1403000000.0,,,,693000000.0,11575000000.0,-5817000000.0,-304000000.0,-6121000000.0,5454000000.0,195000000.0,35000000.0,122000000.0,,-7000000.0,,,,,,,,,,,,228000000.0,,-1000000.0,,,,,,
2017-12-31,,,,,,,2761000000.0,,2274000000.0,,1340000000.0,3.86,3.77,347000000.0,355000000.0,,,,,,,,2507000000.0,,,,,,5311000000.0,,,,1512000000.0,,,,,11645000000.0,,,,5311000000.0,253000000.0,,,,,,,,,,,,,,,,,,,,,,,,
2018-03-31,1371000000.0,,,,,818000000.0,553000000.0,,509000000.0,76000000.0,433000000.0,1.3,1.27,332000000.0,340000000.0,982000000.0,,,,,,,1889000000.0,,1651000000.0,514000000.0,105000000.0,490000000.0,4836000000.0,,,,1109000000.0,,,,1062000000.0,11590000000.0,-6539000000.0,-215000000.0,-6754000000.0,4836000000.0,37000000.0,17000000.0,-1000000.0,,,,,,,,189000000.0,,,,,,42000000.0,,-1000000.0,164000000.0,,,-976000000.0,,
2018-06-30,2739000000.0,859000000.0,,,,1737000000.0,1002000000.0,,866000000.0,112000000.0,754000000.0,2.3,2.25,328000000.0,336000000.0,313000000.0,,,,,,,1203000000.0,,1533000000.0,502000000.0,90000000.0,787000000.0,4326000000.0,,,,924000000.0,,,,1037000000.0,11573000000.0,-6965000000.0,-282000000.0,-7247000000.0,4326000000.0,71000000.0,27000000.0,-23000000.0,,,,,,,,381000000.0,,,,,,85000000.0,,9000000.0,-42000000.0,,,-1579000000.0,-1259000000.0,
2018-09-30,4130000000.0,1258000000.0,,,,2575000000.0,1555000000.0,,1400000000.0,192000000.0,1208000000.0,3.72,3.64,325000000.0,332000000.0,198000000.0,,,,,,,1169000000.0,,1378000000.0,489000000.0,84000000.0,886000000.0,4155000000.0,,,,1194000000.0,,,,1014000000.0,11613000000.0,-7141000000.0,-317000000.0,-7458000000.0,4155000000.0,103000000.0,36000000.0,32000000.0,,,,,,,,796000000.0,,,,,,147000000.0,,9000000.0,89000000.0,,,-2161000000.0,-1331000000.0,
2018-12-31,5688000000.0,1634000000.0,,,,3392000000.0,2296000000.0,,1839000000.0,297000000.0,1542000000.0,4.8,4.69,322000000.0,329000000.0,292000000.0,,,,,,,1207000000.0,,1237000000.0,525000000.0,242000000.0,724000000.0,4130000000.0,,,,1301000000.0,,,,1004000000.0,12056000000.0,-7592000000.0,-334000000.0,-7926000000.0,4130000000.0,137000000.0,,,,,,,,,,,,,,,66000000.0,,,,,,,,,
2019-03-31,1254000000.0,272000000.0,,,,821000000.0,433000000.0,,299000000.0,37000000.0,262000000.0,0.85,0.83,308000000.0,315000000.0,278000000.0,,,,,,,1186000000.0,,1212000000.0,529000000.0,243000000.0,1372000000.0,4744000000.0,,,,1327000000.0,,,,1585000000.0,12648000000.0,-7580000000.0,-324000000.0,-7904000000.0,4744000000.0,26000000.0,17000000.0,-1000000.0,,,,,,,,300000000.0,,,,,,44000000.0,,4000000.0,-34000000.0,,,-278000000.0,0.0,
2019-06-30,2564000000.0,558000000.0,,,,1660000000.0,904000000.0,,676000000.0,125000000.0,551000000.0,1.79,1.75,307000000.0,314000000.0,252000000.0,,,,,,,1122000000.0,,1193000000.0,526000000.0,243000000.0,1378000000.0,4674000000.0,,,,1186000000.0,,,,1613000000.0,12668000000.0,-7614000000.0,-380000000.0,-7994000000.0,4674000000.0,54000000.0,31000000.0,0.0,,,,,,,,461000000.0,,,,,,76000000.0,,1000000.0,-52000000.0,,,-492000000.0,-85000000.0,
2019-09-30,3903000000.0,850000000.0,,,,2519000000.0,1384000000.0,,976000000.0,170000000.0,806000000.0,2.63,2.57,307000000.0,314000000.0,691000000.0,,,,,,,1548000000.0,,1151000000.0,521000000.0,243000000.0,1316000000.0,5003000000.0,,,,987000000.0,,,,1622000000.0,13100000000.0,-7669000000.0,-428000000.0,-8097000000.0,5003000000.0,84000000.0,45000000.0,-10000000.0,,,,,,,,883000000.0,,,,,,109000000.0,,0.0,-54000000.0,,,-440000000.0,362000000.0,
2019-12-31,5597000000.0,1235000000.0,,,,3667000000.0,1930000000.0,,1373000000.0,79000000.0,1294000000.0,4.23,4.14,306000000.0,313000000.0,605000000.0,,,,447000000.0,,,1527000000.0,,1170000000.0,530000000.0,244000000.0,1313000000.0,5231000000.0,173000000.0,349000000.0,,1541000000.0,,0.0,,,13247000000.0,-7628000000.0,-388000000.0,,5231000000.0,112000000.0,59000000.0,-232000000.0,,,,,,,,1315000000.0,,,,,0.0,196000000.0,,2000000.0,-88000000.0,,,-938000000.0,294000000.0,
2020-03-31,1263000000.0,298000000.0,,,,1013000000.0,250000000.0,,95000000.0,12000000.0,83000000.0,0.28,0.27,302000000.0,307000000.0,1154000000.0,,,,,,,1991000000.0,,1252000000.0,596000000.0,347000000.0,1398000000.0,6085000000.0,,,,1500000000.0,,,,1755000000.0,14314000000.0,-7695000000.0,-549000000.0,-8229000000.0,6085000000.0,27000000.0,18000000.0,-31000000.0,,,,,,,,238000000.0,,,,,408000000.0,35000000.0,,0.0,-441000000.0,,,798000000.0,542000000.0,
2020-06-30,2461000000.0,647000000.0,,,,1911000000.0,550000000.0,,352000000.0,63000000.0,289000000.0,0.96,0.94,303000000.0,307000000.0,1243000000.0,,,,,,,2398000000.0,,1265000000.0,602000000.0,344000000.0,1313000000.0,6421000000.0,,,,1475000000.0,,,,1802000000.0,14529000000.0,-7631000000.0,-488000000.0,-8108000000.0,6421000000.0,53000000.0,29000000.0,-20000000.0,,,,,,,,362000000.0,,,,,408000000.0,67000000.0,,0.0,-472000000.0,,,808000000.0,680000000.0,
2020-09-30,3909000000.0,1046000000.0,,,,2888000000.0,1021000000.0,,668000000.0,96000000.0,572000000.0,1.89,1.86,303000000.0,307000000.0,1110000000.0,,,,,,,2030000000.0,,1229000000.0,590000000.0,339000000.0,1361000000.0,6061000000.0,,,,1553000000.0,,,,1780000000.0,13980000000.0,-7490000000.0,-452000000.0,-7919000000.0,6061000000.0,100000000.0,44000000.0,-32000000.0,,,,,,,,853000000.0,,,,,408000000.0,99000000.0,,-19000000.0,-269000000.0,,,24000000.0,607000000.0,
2020-12-31,5652000000.0,1506000000.0,,,,4149000000.0,1503000000.0,,1020000000.0,116000000.0,904000000.0,2.99,2.94,302000000.0,307000000.0,730000000.0,,,,553000000.0,,,1689000000.0,,1235000000.0,597000000.0,343000000.0,1435000000.0,5852000000.0,,,,1675000000.0,,,,,13743000000.0,-7480000000.0,-411000000.0,,5852000000.0,146000000.0,97000000.0,-65000000.0,,,,,,,,1305000000.0,,,,,,160000000.0,,-8000000.0,-335000000.0,,,-738000000.0,256000000.0,
2021-03-31,1486000000.0,392000000.0,,,,943000000.0,543000000.0,,409000000.0,83000000.0,326000000.0,1.09,1.07,301000000.0,305000000.0,561000000.0,,,,,,,1454000000.0,,1215000000.0,597000000.0,354000000.0,1416000000.0,5550000000.0,,,,1479000000.0,,,,1754000000.0,13462000000.0,-7566000000.0,-346000000.0,-7912000000.0,5550000000.0,39000000.0,21000000.0,14000000.0,,,,,,,,324000000.0,,,,,0.0,45000000.0,,-39000000.0,14000000.0,,,-563000000.0,-222000000.0,
2021-06-30,3088000000.0,809000000.0,,,,1978000000.0,1110000000.0,,816000000.0,99000000.0,717000000.0,2.39,2.35,299000000.0,304000000.0,552000000.0,,,,,,,1514000000.0,,1211000000.0,597000000.0,352000000.0,1408000000.0,5649000000.0,,,,1558000000.0,,,,1726000000.0,13542000000.0,-7569000000.0,-324000000.0,-7893000000.0,5649000000.0,78000000.0,38000000.0,-41000000.0,,,,,,,,773000000.0,,,,,0.0,84000000.0,,-33000000.0,-8000000.0,,,-966000000.0,-190000000.0,
2021-09-30,4694000000.0,1230000000.0,,,,3057000000.0,1637000000.0,,1267000000.0,-77000000.0,1245000000.0,4.17,4.1,298000000.0,304000000.0,1001000000.0,,,,,,,2062000000.0,,1193000000.0,650000000.0,361000000.0,1459000000.0,6419000000.0,,,,1355000000.0,,,,1730000000.0,14274000000.0,-7524000000.0,-331000000.0,-7855000000.0,6419000000.0,117000000.0,58000000.0,-173000000.0,,,,,,,,1292000000.0,,,,,0.0,138000000.0,,33000000.0,-123000000.0,,,-881000000.0,287000000.0,
2021-12-31,6584000000.0,1725000000.0,,,,4445000000.0,2139000000.0,,1674000000.0,99000000.0,1575000000.0,5.3,5.21,297000000.0,302000000.0,486000000.0,,,,716000000.0,,,1532000000.0,,1207000000.0,657000000.0,359000000.0,1487000000.0,5966000000.0,,,,1415000000.0,,,,1746000000.0,14339000000.0,-8048000000.0,-325000000.0,,5966000000.0,164000000.0,75000000.0,-200000000.0,,,,,,,,1706000000.0,,,,,0.0,230000000.0,,28000000.0,-173000000.0,,,-1767000000.0,-253000000.0,
2022-03-31,1547000000.0,402000000.0,,,,1038000000.0,509000000.0,,398000000.0,-1000000.0,399000000.0,1.38,1.36,289000000.0,294000000.0,365000000.0,,,,,,,1356000000.0,,1181000000.0,656000000.0,354000000.0,1485000000.0,5816000000.0,,,,1302000000.0,,,,1673000000.0,14307000000.0,-8199000000.0,-292000000.0,-8491000000.0,5816000000.0,37000000.0,26000000.0,-77000000.0,,,,,,,,253000000.0,,,,,,42000000.0,,11000000.0,-29000000.0,,,-377000000.0,-153000000.0,
2022-06-30,3183000000.0,817000000.0,,,,2120000000.0,1063000000.0,,788000000.0,166000000.0,623000000.0,2.16,2.13,288000000.0,292000000.0,412000000.0,,,,,,,1429000000.0,,1192000000.0,649000000.0,361000000.0,1457000000.0,5790000000.0,,,,1183000000.0,,,,1635000000.0,14358000000.0,-8274000000.0,-294000000.0,-8568000000.0,5790000000.0,71000000.0,45000000.0,0.0,,,,,,,,522000000.0,,,,,,97000000.0,,8000000.0,-64000000.0,,,-586000000.0,-143000000.0,
2022-09-30,4823000000.0,1219000000.0,,,,3214000000.0,1609000000.0,,1235000000.0,281000000.0,954000000.0,3.33,3.28,287000000.0,291000000.0,410000000.0,,,,,,,1595000000.0,,1114000000.0,633000000.0,341000000.0,1429000000.0,5779000000.0,,,,1244000000.0,,,,1560000000.0,14321000000.0,-8244000000.0,-298000000.0,-8542000000.0,5779000000.0,104000000.0,64000000.0,3000000.0,,,,,,,,975000000.0,,,,,,158000000.0,,5000000.0,-112000000.0,,,-928000000.0,-108000000.0,
2022-12-31,6842000000.0,1745000000.0,,,,4655000000.0,2187000000.0,,1662000000.0,337000000.0,1325000000.0,4.63,4.57,286000000.0,290000000.0,367000000.0,,,,749000000.0,,,1609000000.0,,1171000000.0,638000000.0,354000000.0,1324000000.0,5846000000.0,,,,1665000000.0,,,,1604000000.0,14722000000.0,-8507000000.0,-369000000.0,,5846000000.0,146000000.0,84000000.0,-55000000.0,,,,,,,,1427000000.0,,,,,0.0,279000000.0,,-4000000.0,-202000000.0,,,-1323000000.0,-124000000.0,
2023-03-31,1645000000.0,403000000.0,,,,1122000000.0,523000000.0,,371000000.0,71000000.0,300000000.0,1.07,1.05,281000000.0,285000000.0,349000000.0,,,,,,,1546000000.0,,1162000000.0,639000000.0,351000000.0,1299000000.0,5749000000.0,,,,1555000000.0,,,,1619000000.0,14523000000.0,-8403000000.0,-371000000.0,-8774000000.0,5749000000.0,29000000.0,25000000.0,-4000000.0,,,,,,,,349000000.0,,,,,,62000000.0,,-1000000.0,-56000000.0,,,-334000000.0,-38000000.0,
2023-06-30,3332000000.0,818000000.0,,,,2236000000.0,1096000000.0,,849000000.0,131000000.0,718000000.0,2.55,2.51,281000000.0,286000000.0,437000000.0,,,,,,,1515000000.0,,1162000000.0,641000000.0,369000000.0,1340000000.0,5848000000.0,,,,1487000000.0,,,,1603000000.0,14284000000.0,-8156000000.0,-293000000.0,-8436000000.0,5848000000.0,67000000.0,47000000.0,-73000000.0,,,,,,,,678000000.0,,,,,,122000000.0,,4000000.0,26000000.0,,,-698000000.0,12000000.0,
2023-09-30,5040000000.0,1239000000.0,,,,3331000000.0,1709000000.0,,1354000000.0,220000000.0,1134000000.0,4.03,3.97,281000000.0,286000000.0,656000000.0,,,,,,,1705000000.0,,1157000000.0,638000000.0,369000000.0,1360000000.0,6071000000.0,,,,1504000000.0,,,,1605000000.0,14261000000.0,-7909000000.0,-314000000.0,-8190000000.0,6071000000.0,104000000.0,69000000.0,-93000000.0,,,,,,,,1155000000.0,,,,,,179000000.0,,3000000.0,-4000000.0,,,-921000000.0,228000000.0,
2023-12-31,7076000000.0,1774000000.0,,,,4758000000.0,2318000000.0,,1818000000.0,221000000.0,1597000000.0,5.68,5.59,281000000.0,285000000.0,512000000.0,,,,1044000000.0,,,1609000000.0,,1197000000.0,642000000.0,377000000.0,1361000000.0,6231000000.0,,,,1277000000.0,,,,1670000000.0,14089000000.0,-7616000000.0,-302000000.0,,6231000000.0,153000000.0,95000000.0,-290000000.0,,,,,,,,1603000000.0,,,,,,285000000.0,,3000000.0,-107000000.0,,,-1429000000.0,77000000.0,
2024-03-31,1598000000.0,400000000.0,,,,1078000000.0,520000000.0,,383000000.0,69000000.0,314000000.0,1.11,1.1,282000000.0,286000000.0,652000000.0,,,,,,,1774000000.0,,1190000000.0,641000000.0,370000000.0,1228000000.0,6224000000.0,,,,1188000000.0,,,,1662000000.0,13980000000.0,-7492000000.0,-309000000.0,-7756000000.0,6224000000.0,35000000.0,23000000.0,21000000.0,,,,,,,,363000000.0,,,,,,49000000.0,,21000000.0,45000000.0,,,-247000000.0,154000000.0,
2024-06-30,3361000000.0,870000000.0,,,,2234000000.0,1127000000.0,,870000000.0,189000000.0,681000000.0,2.41,2.38,282000000.0,286000000.0,404000000.0,,,,,,,1635000000.0,,1272000000.0,718000000.0,417000000.0,1335000000.0,6395000000.0,,,,1136000000.0,,,,1749000000.0,14025000000.0,-7321000000.0,-309000000.0,-7630000000.0,6395000000.0,76000000.0,38000000.0,12000000.0,,,,,,,,705000000.0,,,,,,99000000.0,,-2000000.0,-253000000.0,,,-547000000.0,-101000000.0,
2024-09-30,5187000000.0,1393000000.0,,,,3441000000.0,1746000000.0,,1372000000.0,309000000.0,1063000000.0,3.77,3.73,282000000.0,285000000.0,457000000.0,,,,,,,1625000000.0,,1300000000.0,735000000.0,416000000.0,1352000000.0,6461000000.0,,,,1186000000.0,,,,1780000000.0,14135000000.0,-7389000000.0,-285000000.0,-7674000000.0,6461000000.0,120000000.0,52000000.0,5000000.0,,,,,,,,1176000000.0,,,,,,151000000.0,,28000000.0,-292000000.0,,,-991000000.0,-97000000.0,
