Date,Net sales,Cost of sales,Gross margin,Research and development,"Selling, general and administrative",Total operating expenses,Operating income,"Other income/(expense), net",Income before provision for income taxes,Provision for income taxes,Net income,Earnings per share basic,Earnings per share diluted,Weighted-average basic,Weighted-average diluted,Cash and cash equivalents,Short-term marketable securities,"Accounts receivable, net",Inventories,Deferred tax assets,Vendor non-trade receivables,Other current assets,Total current assets,Long-term marketable securities,"Property, Plant and Equipment, Net",Goodwill,"Acquired intangible assets, net","Other Assets, Noncurrent",Total assets,accounts payable,Accrued expenses,Deferred revenue,Total current liabilities,Deferred revenue - non-current,deferred tax liabilities,long term taxes payable,Total other non-current liabilities,Total liabilities,Retained Earnings (Accumulated Deficit),Accumulated other comprehensive (loss)/income,Total shareholders equity,Total liabilities and shareholders' equity,"Depreciation, amortization and accretion",Stock-based compensation expense,Deferred income tax expense,"Increase (Decrease) in Accounts receivable, net",Increase (Decrease) in Inventories,Increase (Decrease) in Other Receivables,Increase (Decrease) in Other Operating Assets,Increase (Decrease) in Accounts Payable,Increase (Decrease) in Deferred Revenue,Increase (Decrease) Other liabilities,Cash generated by operating activities,Purchases of marketable securities,Proceeds from maturities of marketable securities,Proceeds from sales of marketable securities,Purchases of other long-term investments,"Business acquisitions, net of cash acquired",Cash payments for capital asset purchases,Payments for acquisition of intangible assets,Payments for (Proceeds from) Other Investing Activities,Cash used in investing activities,Proceeds from issuance of common stock,Excess tax benefits from stock-based compensation,Cash generated/used in financing activities,Increase/(decrease) in cash and cash equivalents,"Cash paid for income taxes, net"
2010-10-02,708673000.0,371445000.0,337228000.0,75189000.0,,233810000.0,103418000.0,1294000.0,104712000.0,31151000.0,73561000.0,1.28,1.28,57405000.0,57657000.0,47447000.0,,165423000.0,95842000.0,11282000.0,,,455710000.0,,84809000.0,152418000.0,51592000.0,4806000.0,871645000.0,33908000.0,66486000.0,22292000.0,128438000.0,,,,9647000.0,140938000.0,1042756000.0,-10324000.0,730707000.0,871645000.0,,8155000.0,3208000.0,14463000.0,15972000.0,,1192000.0,6747000.0,-1530000.0,,101738000.0,,230715000.0,74371000.0,,,23752000.0,2882000.0,,-33749000.0,,83000.0,-59529000.0,8504000.0,
2010-12-31,956848000.0,495979000.0,460869000.0,101930000.0,,317017000.0,143852000.0,1083000.0,144935000.0,43157000.0,101778000.0,1.78,1.77,57143000.0,57428000.0,47476000.0,,154146000.0,113742000.0,19162000.0,,,476304000.0,,88983000.0,151933000.0,49706000.0,5206000.0,878864000.0,35304000.0,68090000.0,26757000.0,136051000.0,,,,10375000.0,148832000.0,1070973000.0,-9349000.0,730032000.0,878864000.0,,11871000.0,-1347000.0,4603000.0,33884000.0,,3993000.0,6619000.0,3414000.0,,140459000.0,,274208000.0,102485000.0,,,30721000.0,3497000.0,,-39616000.0,,244000.0,-92872000.0,8533000.0,
2011-04-02,237301000.0,117303000.0,119998000.0,21681000.0,,75636000.0,44362000.0,12000.0,44374000.0,14246000.0,61634000.0,1.11,1.1,55353000.0,55774000.0,79685000.0,,141218000.0,120508000.0,18592000.0,,,548533000.0,,90745000.0,79703000.0,8920000.0,3914000.0,894207000.0,32413000.0,50845000.0,11019000.0,128009000.0,,,,9993000.0,139801000.0,1132607000.0,-12672000.0,754406000.0,894207000.0,,4488000.0,2540000.0,-12563000.0,7136000.0,,1690000.0,-7150000.0,-15749000.0,,-5169000.0,,209509000.0,88304000.0,,,3922000.0,,,75489000.0,,645000.0,-38165000.0,32491000.0,
2011-10-01,736180000.0,370931000.0,365249000.0,66752000.0,,225336000.0,139913000.0,-1306000.0,138607000.0,41123000.0,139599000.0,2.56,2.55,54405000.0,54770000.0,43781000.0,,162314000.0,120378000.0,16470000.0,,,539713000.0,,94726000.0,79703000.0,7441000.0,3862000.0,851772000.0,30924000.0,53236000.0,10276000.0,94436000.0,,,,9693000.0,105824000.0,1210572000.0,-7444000.0,745948000.0,851772000.0,,11060000.0,5703000.0,10112000.0,6635000.0,,10150000.0,-8493000.0,-16707000.0,,34723000.0,,493649000.0,253377000.0,,,17829000.0,200000.0,,98392000.0,,1265000.0,-135911000.0,-3695000.0,
2011-12-31,983488000.0,496719000.0,486769000.0,89926000.0,,304733000.0,182036000.0,-2317000.0,179719000.0,49376000.0,174643000.0,3.24,3.22,53854000.0,54191000.0,36353000.0,,155230000.0,133288000.0,25797000.0,,,584873000.0,,97822000.0,79703000.0,12667000.0,4196000.0,899006000.0,33273000.0,64612000.0,11089000.0,108974000.0,,,,11515000.0,122081000.0,1245616000.0,-4213000.0,776925000.0,899006000.0,,14095000.0,10796000.0,3269000.0,19545000.0,,11408000.0,-5439000.0,-14131000.0,,79621000.0,,607996000.0,303801000.0,,,26918000.0,1232000.0,,53220000.0,,1392000.0,-145799000.0,-11123000.0,
2012-03-31,243875000.0,124012000.0,119863000.0,20419000.0,,77854000.0,42009000.0,-114000.0,41895000.0,11731000.0,30164000.0,0.58,0.58,51998000.0,52301000.0,41943000.0,,157114000.0,126119000.0,14194000.0,,,550282000.0,,101985000.0,79703000.0,11897000.0,4092000.0,905086000.0,33019000.0,47769000.0,12065000.0,92853000.0,,,,11674000.0,106023000.0,1275780000.0,-8206000.0,799063000.0,905086000.0,,3800000.0,-391000.0,1862000.0,-7169000.0,,-9395000.0,-3378000.0,1151000.0,,36553000.0,,81189000.0,21748000.0,,,7654000.0,,,-23317000.0,,66000.0,-7711000.0,5525000.0,
2012-06-30,490952000.0,250692000.0,240260000.0,42752000.0,,158792000.0,81468000.0,260000.0,81614000.0,21097000.0,60817000.0,1.17,1.17,51881000.0,52156000.0,105368000.0,,156146000.0,116689000.0,13170000.0,,,581750000.0,,100992000.0,79703000.0,11127000.0,8989000.0,928790000.0,29216000.0,53117000.0,11992000.0,94325000.0,,,,11965000.0,107811000.0,1306433000.0,-5747000.0,820979000.0,928790000.0,,8045000.0,367000.0,657000.0,-16599000.0,,-527000.0,-9594000.0,1460000.0,,84655000.0,,228105000.0,95106000.0,5000000.0,,10599000.0,,,7539000.0,,1358000.0,-23145000.0,68950000.0,
2012-09-29,742989000.0,375805000.0,367184000.0,64759000.0,,246951000.0,120233000.0,-267000.0,120112000.0,33014000.0,87914000.0,1.7,1.69,51775000.0,52041000.0,52253000.0,,165160000.0,122915000.0,15506000.0,,,530978000.0,,102537000.0,95345000.0,39017000.0,9425000.0,940690000.0,28180000.0,50568000.0,12288000.0,93067000.0,,,,13188000.0,107661000.0,1333530000.0,-9290000.0,833029000.0,940690000.0,,11485000.0,2755000.0,6108000.0,-11981000.0,,-12070000.0,-10843000.0,2644000.0,,134983000.0,,324139000.0,133863000.0,5000000.0,59874000.0,17140000.0,3000000.0,,-82781000.0,,1492000.0,-36296000.0,15835000.0,
2012-12-31,996168000.0,504524000.0,491644000.0,87364000.0,,327293000.0,164351000.0,-177000.0,164174000.0,42277000.0,122904000.0,2.38,2.37,51566000.0,51843000.0,64740000.0,,168732000.0,123357000.0,16086000.0,,,710863000.0,,101349000.0,94942000.0,39151000.0,13646000.0,967748000.0,23045000.0,57234000.0,13326000.0,95214000.0,,,,14229000.0,110746000.0,1368520000.0,-10325000.0,857002000.0,967748000.0,,14727000.0,8951000.0,8647000.0,-11530000.0,,-7304000.0,-14605000.0,4351000.0,,183331000.0,,145028000.0,164410000.0,9125000.0,59876000.0,22443000.0,3500000.0,,-105535000.0,,1578000.0,-49434000.0,28322000.0,
2013-03-30,236937000.0,123872000.0,113065000.0,21858000.0,,84889000.0,28176000.0,588000.0,28764000.0,5222000.0,23542000.0,0.46,0.46,50980000.0,51366000.0,49592000.0,,169255000.0,116417000.0,12962000.0,,,730134000.0,,101054000.0,94942000.0,37288000.0,14602000.0,983597000.0,20141000.0,43932000.0,13445000.0,79892000.0,,,,16096000.0,97233000.0,1392062000.0,-8560000.0,886364000.0,983597000.0,,2146000.0,990000.0,516000.0,-6943000.0,,137000.0,-7119000.0,1618000.0,,24164000.0,,3144000.0,65094000.0,,,1952000.0,500000.0,,-41765000.0,,358000.0,2383000.0,-15148000.0,
2013-06-29,490097000.0,256125000.0,233972000.0,45059000.0,,169555000.0,64417000.0,2063000.0,66480000.0,12380000.0,54108000.0,1.06,1.05,50929000.0,51310000.0,55886000.0,,170856000.0,109149000.0,13190000.0,,,762607000.0,,101737000.0,94942000.0,35425000.0,15491000.0,1018555000.0,31945000.0,50584000.0,12416000.0,101815000.0,,1544000.0,,17285000.0,121976000.0,1422628000.0,-9595000.0,896579000.0,1018555000.0,,6504000.0,4439000.0,1976000.0,-14190000.0,,-1313000.0,3263000.0,1585000.0,,91056000.0,,19188000.0,142230000.0,,,8547000.0,500000.0,,-79407000.0,,3727000.0,-20732000.0,-8854000.0,
2013-09-28,753620000.0,391038000.0,362582000.0,67435000.0,,251396000.0,111186000.0,2435000.0,113621000.0,20921000.0,92708000.0,1.82,1.81,50808000.0,51171000.0,64196000.0,,175639000.0,106628000.0,13434000.0,,,779463000.0,,100515000.0,94942000.0,33594000.0,16536000.0,1027638000.0,26675000.0,49448000.0,15104000.0,98573000.0,,2236000.0,,15230000.0,117295000.0,1461228000.0,-9987000.0,910343000.0,1027638000.0,,9372000.0,4888000.0,6641000.0,-16702000.0,,-2257000.0,-445000.0,1752000.0,,136989000.0,,41021000.0,223905000.0,,0.0,13522000.0,1500000.0,,-90031000.0,,4170000.0,-47819000.0,-544000.0,
2013-12-31,1038159000.0,534549000.0,503610000.0,91147000.0,,343346000.0,160264000.0,3563000.0,163827000.0,29602000.0,134358000.0,2.65,2.63,50693000.0,51063000.0,62827000.0,,176917000.0,121023000.0,-5682000.0,,,754103000.0,,109588000.0,155800000.0,68968000.0,28765000.0,1119812000.0,34688000.0,61962000.0,15506000.0,119054000.0,,25492000.0,,15477000.0,161154000.0,1502878000.0,-9781000.0,958658000.0,1119812000.0,,13109000.0,7600000.0,6488000.0,-2743000.0,,342000.0,7544000.0,2133000.0,,194766000.0,,49453000.0,336741000.0,,95328000.0,20211000.0,1500000.0,,-153149000.0,,4277000.0,-44173000.0,-1913000.0,
2014-03-29,288268000.0,140330000.0,147938000.0,22857000.0,,94530000.0,53408000.0,137000.0,53545000.0,11939000.0,41606000.0,0.83,0.82,50402000.0,50974000.0,51424000.0,,181618000.0,119373000.0,19810000.0,,,801015000.0,,107511000.0,155800000.0,66296000.0,29169000.0,1162379000.0,34637000.0,52306000.0,16411000.0,111364000.0,,25510000.0,,15515000.0,153439000.0,1544484000.0,-9187000.0,1008940000.0,1162379000.0,,2966000.0,18000.0,4793000.0,-1663000.0,,-2419000.0,-2435000.0,682000.0,,49755000.0,,15996000.0,72206000.0,,,2374000.0,0.0,,-66394000.0,,395000.0,5331000.0,-11403000.0,
2014-06-28,576689000.0,286582000.0,290107000.0,46567000.0,,203634000.0,86473000.0,-2068000.0,84542000.0,15379000.0,69163000.0,1.37,1.35,50606000.0,51278000.0,70349000.0,,165426000.0,126103000.0,19810000.0,,,859247000.0,,107115000.0,155800000.0,63629000.0,33178000.0,1218969000.0,31752000.0,65518000.0,16896000.0,123278000.0,,28471000.0,,17674000.0,170907000.0,1572041000.0,-8092000.0,1048062000.0,1218969000.0,,7110000.0,2979000.0,-11359000.0,5061000.0,,-2583000.0,-5336000.0,502000.0,,109913000.0,,20852000.0,150781000.0,,,7962000.0,0.0,,-113942000.0,,3947000.0,11658000.0,7522000.0,
2014-09-27,879961000.0,438348000.0,441613000.0,71792000.0,,328184000.0,113429000.0,-4081000.0,109348000.0,25240000.0,84108000.0,1.66,1.64,50835000.0,51461000.0,60214000.0,,187543000.0,139621000.0,19480000.0,,,921050000.0,,113206000.0,153515000.0,61032000.0,34367000.0,1283170000.0,46083000.0,83035000.0,18965000.0,158214000.0,,27387000.0,,19024000.0,206421000.0,1586986000.0,-3691000.0,1076749000.0,1283170000.0,,10304000.0,4509000.0,10810000.0,18606000.0,,10859000.0,7975000.0,2667000.0,,129678000.0,,44158000.0,211975000.0,,,20023000.0,0.0,,-149894000.0,,5779000.0,17743000.0,-2613000.0,
2014-12-31,1670572000.0,892547000.0,778025000.0,151103000.0,,689435000.0,88590000.0,-71961000.0,16629000.0,-15800000.0,32429000.0,0.64,0.63,50789000.0,51380000.0,393950000.0,,670402000.0,394176000.0,-77081000.0,,,1672050000.0,,255092000.0,2489510000.0,1029293000.0,98917000.0,5568851000.0,326524000.0,421070000.0,196213000.0,955847000.0,115847000.0,199853000.0,,74434000.0,4528943000.0,1535307000.0,-8547000.0,1039908000.0,5568851000.0,,19891000.0,-44340000.0,69628000.0,2398000.0,,12947000.0,62188000.0,10034000.0,,248325000.0,,336329000.0,644378000.0,,3398600000.0,39291000.0,0.0,,-3111336000.0,,6127000.0,3192234000.0,331123000.0,
2015-04-04,893184000.0,483662000.0,409522000.0,96417000.0,,389748000.0,19774000.0,-77937000.0,-58163000.0,-32866000.0,-25297000.0,-0.5,-0.5,50667000.0,50667000.0,329534000.0,,637953000.0,405469000.0,116707000.0,,,1618974000.0,,270228000.0,2482528000.0,961704000.0,92277000.0,5454630000.0,284730000.0,371106000.0,225112000.0,895851000.0,107687000.0,192544000.0,,88373000.0,4428632000.0,1510010000.0,-15636000.0,1025998000.0,5454630000.0,,8796000.0,-199000.0,-28232000.0,24656000.0,,13330000.0,-27075000.0,29424000.0,,35596000.0,,0.0,25108000.0,,48805000.0,25522000.0,,,-48378000.0,,1492000.0,-40309000.0,-64416000.0,
2015-07-04,1782958000.0,980558000.0,802400000.0,195504000.0,,796429000.0,-13803000.0,-116801000.0,-110830000.0,23591000.0,-101555000.0,-2.0,-2.0,50917000.0,50917000.0,204918000.0,,631067000.0,404472000.0,98993000.0,,,1456120000.0,,284593000.0,2482858000.0,898004000.0,95005000.0,5216580000.0,281771000.0,363095000.0,215458000.0,873434000.0,109089000.0,156072000.0,,86034000.0,4264990000.0,1433752000.0,-25646000.0,951590000.0,5216580000.0,,17519000.0,-24513000.0,-48081000.0,22755000.0,,17058000.0,-43092000.0,15684000.0,,19512000.0,,0.0,25108000.0,,48805000.0,49291000.0,,,-72147000.0,,11115000.0,-120637000.0,-189032000.0,
2015-10-03,2699231000.0,1482775000.0,1216456000.0,295844000.0,,1185464000.0,30992000.0,-167364000.0,-136372000.0,-5867000.0,-130505000.0,-2.56,-2.56,51152000.0,51152000.0,258022000.0,,625777000.0,408158000.0,103442000.0,,,1489255000.0,,291754000.0,2488501000.0,816933000.0,92547000.0,5178990000.0,314279000.0,379261000.0,203792000.0,898924000.0,109203000.0,128033000.0,,85577000.0,4264962000.0,1404802000.0,-46356000.0,914028000.0,5178990000.0,,25270000.0,-37662000.0,-41027000.0,25953000.0,,32795000.0,8169000.0,7495000.0,,115861000.0,,0.0,24852000.0,,51889000.0,87371000.0,,,-112293000.0,,11463000.0,-117208000.0,-135928000.0,31593000.0
2015-12-31,3652000000.0,2008000000.0,1644000000.0,394000000.0,,1591000000.0,53000000.0,-217000000.0,-164000000.0,-27000000.0,-137000000.0,-2.69,-2.69,50996297.0,50996297.0,192000000.0,,674000000.0,394000000.0,51000000.0,,,1332000000.0,,298000000.0,2493000000.0,757000000.0,92000000.0,5024000000.0,289000000.0,358000000.0,198000000.0,876000000.0,124000000.0,1000000.0,,98000000.0,4111000000.0,1398000000.0,-49000000.0,913000000.0,5024000000.0,,31000000.0,-124000000.0,6000000.0,10000000.0,,6000000.0,-21000000.0,17000000.0,,111000000.0,,0.0,25000000.0,,52000000.0,122000000.0,0.0,,-148000000.0,,12000000.0,-149000000.0,-202000000.0,
2016-04-02,847000000.0,457000000.0,390000000.0,93000000.0,,390000000.0,0.0,-49000000.0,-49000000.0,-20000000.0,-29000000.0,-0.56,-0.56,51299632.0,51299632.0,194000000.0,,606000000.0,386000000.0,,,,1281000000.0,,300000000.0,2495000000.0,700000000.0,89000000.0,4921000000.0,316000000.0,349000000.0,208000000.0,873000000.0,118000000.0,,,114000000.0,4042000000.0,1369000000.0,-66000000.0,879000000.0,4921000000.0,,9000000.0,3000000.0,-68000000.0,-9000000.0,,1000000.0,20000000.0,3000000.0,,95000000.0,,0.0,,,0.0,19000000.0,,,-20000000.0,,0.0,-77000000.0,2000000.0,29000000.0
2016-07-02,1726000000.0,930000000.0,796000000.0,188000000.0,,774000000.0,22000000.0,-105000000.0,-83000000.0,15000000.0,-78000000.0,-1.51,-1.51,51533236.0,51533236.0,141000000.0,,631000000.0,362000000.0,,,,1222000000.0,,301000000.0,2496000000.0,640000000.0,78000000.0,4791000000.0,347000000.0,303000000.0,209000000.0,859000000.0,118000000.0,,,110000000.0,3960000000.0,1320000000.0,-64000000.0,831000000.0,4791000000.0,,12000000.0,3000000.0,-46000000.0,-32000000.0,,-20000000.0,51000000.0,4000000.0,,122000000.0,,0.0,,,0.0,35000000.0,,,-36000000.0,,2000000.0,-144000000.0,-51000000.0,52000000.0
2016-10-01,2632000000.0,1422000000.0,1210000000.0,284000000.0,,1201000000.0,-24000000.0,-158000000.0,-149000000.0,6000000.0,-154000000.0,-2.99,-2.99,51690204.0,51690204.0,163000000.0,,599000000.0,345000000.0,,,,1265000000.0,,292000000.0,2460000000.0,533000000.0,65000000.0,4698000000.0,360000000.0,347000000.0,204000000.0,932000000.0,101000000.0,,,129000000.0,3950000000.0,1223000000.0,-61000000.0,748000000.0,4698000000.0,,20000000.0,-4000000.0,-46000000.0,-38000000.0,,-20000000.0,63000000.0,-2000000.0,,245000000.0,,0.0,,,0.0,49000000.0,,,-50000000.0,,2000000.0,-231000000.0,-29000000.0,70000000.0
2016-12-31,3574000000.0,1932000000.0,1642000000.0,376000000.0,,1562000000.0,80000000.0,-209000000.0,-129000000.0,8000000.0,-137000000.0,-2.65,-2.65,51579112.0,51579112.0,156000000.0,,625000000.0,345000000.0,276000000.0,,41000000.0,1222000000.0,,292000000.0,2458000000.0,480000000.0,67000000.0,4632000000.0,413000000.0,323000000.0,191000000.0,949000000.0,124000000.0,3000000.0,,116000000.0,3840000000.0,1240000000.0,-45000000.0,792000000.0,4632000000.0,,27000000.0,-43000000.0,-34000000.0,-34000000.0,,-7000000.0,125000000.0,7000000.0,,372000000.0,,0.0,0.0,,0.0,77000000.0,,,-39000000.0,,3000000.0,-376000000.0,-36000000.0,
2017-04-01,865000000.0,464000000.0,401000000.0,96000000.0,,361000000.0,40000000.0,-42000000.0,-2000000.0,-10000000.0,8000000.0,0.16,0.16,51842025.0,52946883.0,180000000.0,,550000000.0,376000000.0,,,,1169000000.0,,284000000.0,2460000000.0,430000000.0,67000000.0,4531000000.0,365000000.0,324000000.0,217000000.0,921000000.0,128000000.0,2000000.0,,112000000.0,3736000000.0,1239000000.0,-49000000.0,795000000.0,4531000000.0,,7000000.0,-9000000.0,-79000000.0,31000000.0,,-17000000.0,-49000000.0,30000000.0,,117000000.0,,,,,,13000000.0,,,-13000000.0,,,-78000000.0,24000000.0,
2017-07-01,1761000000.0,949000000.0,812000000.0,195000000.0,,714000000.0,98000000.0,-81000000.0,19000000.0,-8000000.0,25000000.0,0.49,0.48,51996353.0,53128657.0,95000000.0,,527000000.0,414000000.0,,,,1136000000.0,,273000000.0,2464000000.0,380000000.0,68000000.0,4445000000.0,436000000.0,314000000.0,214000000.0,983000000.0,122000000.0,2000000.0,,108000000.0,3633000000.0,1256000000.0,-57000000.0,812000000.0,4445000000.0,,15000000.0,-10000000.0,-104000000.0,68000000.0,,-15000000.0,22000000.0,20000000.0,,203000000.0,,,,,,22000000.0,,,-22000000.0,,,-238000000.0,-61000000.0,
2017-09-30,2696000000.0,1455000000.0,1241000000.0,291000000.0,,1052000000.0,189000000.0,-179000000.0,10000000.0,5000000.0,13000000.0,0.25,0.25,52964066.0,53631499.0,88000000.0,,596000000.0,492000000.0,,,,1266000000.0,,267000000.0,2465000000.0,332000000.0,71000000.0,4526000000.0,426000000.0,343000000.0,213000000.0,1039000000.0,128000000.0,1000000.0,,93000000.0,3712000000.0,1244000000.0,-55000000.0,814000000.0,4526000000.0,,25000000.0,-19000000.0,-38000000.0,145000000.0,,-19000000.0,9000000.0,25000000.0,,210000000.0,,,,,,36000000.0,,,-37000000.0,,,-237000000.0,-68000000.0,
2017-12-31,3722000000.0,2012000000.0,1710000000.0,389000000.0,,1388000000.0,322000000.0,-234000000.0,88000000.0,71000000.0,17000000.0,0.33,0.32,53021761.0,53688832.0,62000000.0,,479000000.0,458000000.0,119000000.0,,24000000.0,1063000000.0,,264000000.0,2465000000.0,299000000.0,65000000.0,4275000000.0,383000000.0,337000000.0,186000000.0,1000000000.0,148000000.0,,,117000000.0,3441000000.0,1248000000.0,-52000000.0,834000000.0,4275000000.0,,35000000.0,-9000000.0,-161000000.0,110000000.0,,-16000000.0,-40000000.0,17000000.0,,478000000.0,,,0.0,,0.0,50000000.0,,,-51000000.0,,,-517000000.0,-94000000.0,
2018-03-31,977000000.0,512000000.0,465000000.0,101000000.0,,321000000.0,144000000.0,-11000000.0,133000000.0,24000000.0,109000000.0,2.04,2.01,53286249.0,53985755.0,64000000.0,,471000000.0,448000000.0,,,,1053000000.0,,262000000.0,2463000000.0,276000000.0,80000000.0,4249000000.0,411000000.0,221000000.0,201000000.0,932000000.0,144000000.0,,,102000000.0,3268000000.0,1376000000.0,-46000000.0,981000000.0,4249000000.0,,10000000.0,-2000000.0,-9000000.0,-6000000.0,,7000000.0,-12000000.0,19000000.0,,116000000.0,,,,,,18000000.0,,,-20000000.0,,,-92000000.0,2000000.0,
2018-06-30,1989000000.0,1052000000.0,937000000.0,210000000.0,,668000000.0,269000000.0,-36000000.0,233000000.0,54000000.0,179000000.0,3.35,3.3,53537876.0,54255707.0,46000000.0,,502000000.0,465000000.0,,,,1109000000.0,,254000000.0,2462000000.0,252000000.0,94000000.0,4275000000.0,442000000.0,238000000.0,198000000.0,1014000000.0,,,,124000000.0,3202000000.0,1446000000.0,-30000000.0,1073000000.0,4275000000.0,,24000000.0,3000000.0,26000000.0,11000000.0,,9000000.0,21000000.0,22000000.0,,266000000.0,,,,,,33000000.0,,,-33000000.0,,,-242000000.0,-16000000.0,
2018-09-29,3081000000.0,1639000000.0,1442000000.0,323000000.0,,1011000000.0,431000000.0,-55000000.0,376000000.0,70000000.0,306000000.0,5.72,5.64,53740174.0,54424880.0,45000000.0,,575000000.0,493000000.0,2000000.0,,,1201000000.0,,251000000.0,2496000000.0,260000000.0,101000000.0,4400000000.0,498000000.0,285000000.0,199000000.0,1105000000.0,,,,92000000.0,3187000000.0,1573000000.0,-29000000.0,1213000000.0,4400000000.0,,34000000.0,17000000.0,93000000.0,16000000.0,,10000000.0,69000000.0,28000000.0,,460000000.0,,,,,72000000.0,48000000.0,,,-120000000.0,,,-351000000.0,-17000000.0,
2018-12-31,4218000000.0,2237000000.0,1981000000.0,444000000.0,,1371000000.0,610000000.0,-86000000.0,524000000.0,103000000.0,421000000.0,7.86,7.76,53591655.0,54299812.0,44000000.0,,520000000.0,520000000.0,106000000.0,,38000000.0,1162000000.0,,249000000.0,2500000000.0,232000000.0,87000000.0,4339000000.0,552000000.0,322000000.0,210000000.0,1301000000.0,172000000.0,,,89000000.0,3004000000.0,1688000000.0,-35000000.0,1335000000.0,4339000000.0,,45000000.0,3000000.0,31000000.0,43000000.0,,12000000.0,122000000.0,51000000.0,,785000000.0,,,,,72000000.0,64000000.0,,,-137000000.0,,,-661000000.0,-18000000.0,
2019-03-30,1066000000.0,565000000.0,501000000.0,111000000.0,,342000000.0,159000000.0,-28000000.0,131000000.0,16000000.0,115000000.0,2.14,2.12,53905426.0,54554868.0,61000000.0,,488000000.0,510000000.0,,,,1142000000.0,,257000000.0,2567000000.0,311000000.0,92000000.0,4576000000.0,457000000.0,275000000.0,222000000.0,1146000000.0,,1000000.0,,77000000.0,3109000000.0,1803000000.0,-31000000.0,1467000000.0,4576000000.0,,10000000.0,-10000000.0,-28000000.0,-23000000.0,,10000000.0,-97000000.0,18000000.0,,42000000.0,,,,,179000000.0,15000000.0,,,-184000000.0,,,161000000.0,17000000.0,
2019-06-29,2163000000.0,1142000000.0,1021000000.0,219000000.0,,702000000.0,319000000.0,-59000000.0,260000000.0,21000000.0,239000000.0,4.43,4.37,54027576.0,54648699.0,27000000.0,,556000000.0,484000000.0,,,,1188000000.0,,251000000.0,2622000000.0,323000000.0,115000000.0,4701000000.0,472000000.0,282000000.0,230000000.0,1200000000.0,,,,88000000.0,3142000000.0,1927000000.0,-40000000.0,1559000000.0,4701000000.0,,24000000.0,-3000000.0,37000000.0,-49000000.0,,9000000.0,-81000000.0,30000000.0,,195000000.0,,,,,266000000.0,30000000.0,,,-306000000.0,,,94000000.0,-17000000.0,
2019-09-28,3293000000.0,1737000000.0,1556000000.0,329000000.0,,1052000000.0,504000000.0,-85000000.0,419000000.0,44000000.0,375000000.0,6.95,6.87,54085500.0,54637823.0,33000000.0,,588000000.0,468000000.0,,,,1231000000.0,,249000000.0,2618000000.0,290000000.0,120000000.0,4708000000.0,502000000.0,314000000.0,230000000.0,1306000000.0,,,,86000000.0,3014000000.0,2063000000.0,-31000000.0,1694000000.0,4708000000.0,,36000000.0,0.0,73000000.0,-65000000.0,,20000000.0,-51000000.0,43000000.0,,420000000.0,,,,,255000000.0,44000000.0,,,-310000000.0,,,-120000000.0,-11000000.0,
2019-12-31,4485000000.0,2385000000.0,2100000000.0,447000000.0,,1408000000.0,692000000.0,-94000000.0,598000000.0,54000000.0,544000000.0,10.08,9.97,53991249.0,54594417.0,30000000.0,,613000000.0,474000000.0,127000000.0,,,1195000000.0,,259000000.0,2622000000.0,275000000.0,126000000.0,4711000000.0,552000000.0,379000000.0,238000000.0,1404000000.0,,,,67000000.0,2872000000.0,2232000000.0,-44000000.0,1839000000.0,4711000000.0,,48000000.0,-42000000.0,96000000.0,-51000000.0,,20000000.0,-5000000.0,71000000.0,,685000000.0,,,,,262000000.0,61000000.0,,,-335000000.0,,,-365000000.0,-14000000.0,
2020-03-28,1052000000.0,579000000.0,473000000.0,105000000.0,,322000000.0,151000000.0,-48000000.0,103000000.0,14000000.0,89000000.0,1.66,1.65,53760873.0,54318044.0,24000000.0,,500000000.0,443000000.0,,,,1051000000.0,,257000000.0,2618000000.0,258000000.0,125000000.0,4540000000.0,447000000.0,280000000.0,252000000.0,1237000000.0,,,,88000000.0,2813000000.0,2321000000.0,-51000000.0,1727000000.0,4540000000.0,,7000000.0,-2000000.0,-108000000.0,-33000000.0,,4000000.0,-109000000.0,19000000.0,,108000000.0,,,,,0.0,13000000.0,,,-15000000.0,,,-98000000.0,-6000000.0,
2020-06-27,2008000000.0,1116000000.0,892000000.0,203000000.0,,622000000.0,270000000.0,-64000000.0,206000000.0,17000000.0,189000000.0,3.53,3.49,53533116.0,54055324.0,63000000.0,,406000000.0,513000000.0,,,,1094000000.0,,252000000.0,2621000000.0,242000000.0,166000000.0,4607000000.0,503000000.0,369000000.0,273000000.0,1389000000.0,,,,92000000.0,2804000000.0,2421000000.0,-58000000.0,1803000000.0,4607000000.0,,20000000.0,6000000.0,-201000000.0,36000000.0,,-4000000.0,-46000000.0,45000000.0,,355000000.0,,,,,0.0,33000000.0,,,-65000000.0,,,-233000000.0,56000000.0,
2020-09-26,3140000000.0,1755000000.0,1385000000.0,316000000.0,,965000000.0,420000000.0,-76000000.0,344000000.0,39000000.0,305000000.0,5.7,5.65,53460891.0,53947786.0,39000000.0,,535000000.0,484000000.0,,,,1192000000.0,,265000000.0,2998000000.0,427000000.0,166000000.0,5245000000.0,546000000.0,443000000.0,286000000.0,1765000000.0,,,,105000000.0,3314000000.0,2537000000.0,-62000000.0,1931000000.0,5245000000.0,,33000000.0,-2000000.0,-96000000.0,7000000.0,,-3000000.0,-7000000.0,58000000.0,,531000000.0,,,,,548000000.0,49000000.0,,,-623000000.0,,,131000000.0,38000000.0,
2020-12-31,4448000000.0,2445000000.0,2003000000.0,453000000.0,,1352000000.0,651000000.0,-91000000.0,560000000.0,56000000.0,504000000.0,9.43,9.35,53441375.0,53913245.0,168000000.0,,508000000.0,511000000.0,139000000.0,,,1273000000.0,,274000000.0,2988000000.0,402000000.0,164000000.0,5375000000.0,601000000.0,559000000.0,308000000.0,1851000000.0,,,,97000000.0,3231000000.0,2736000000.0,-69000000.0,2144000000.0,5375000000.0,,51000000.0,-40000000.0,-130000000.0,42000000.0,,-11000000.0,47000000.0,103000000.0,,962000000.0,,,,,548000000.0,67000000.0,,,-641000000.0,,,-157000000.0,162000000.0,
2021-04-03,1347000000.0,692000000.0,655000000.0,140000000.0,,383000000.0,272000000.0,4000000.0,276000000.0,48000000.0,228000000.0,4.26,4.22,53484265.0,53964330.0,177000000.0,,521000000.0,528000000.0,,,,1343000000.0,,269000000.0,2989000000.0,376000000.0,172000000.0,5411000000.0,573000000.0,457000000.0,344000000.0,1546000000.0,,,,89000000.0,3000000000.0,2964000000.0,-40000000.0,2411000000.0,5411000000.0,,16000000.0,-2000000.0,15000000.0,17000000.0,,18000000.0,-30000000.0,50000000.0,,224000000.0,,,,,,10000000.0,,,-23000000.0,,,-181000000.0,18000000.0,
2021-07-03,2724000000.0,1411000000.0,1313000000.0,281000000.0,,794000000.0,519000000.0,-9000000.0,514000000.0,67000000.0,447000000.0,8.36,8.29,53460495.0,53930103.0,318000000.0,,567000000.0,485000000.0,,,,1526000000.0,,270000000.0,2989000000.0,372000000.0,180000000.0,5593000000.0,597000000.0,524000000.0,348000000.0,1550000000.0,,,,93000000.0,3004000000.0,3183000000.0,-38000000.0,2589000000.0,5593000000.0,,38000000.0,-5000000.0,59000000.0,-26000000.0,,22000000.0,-10000000.0,67000000.0,,539000000.0,,,,,17000000.0,25000000.0,,,-59000000.0,,,-329000000.0,147000000.0,
2021-10-02,4160000000.0,2201000000.0,1959000000.0,422000000.0,,1203000000.0,756000000.0,-14000000.0,742000000.0,96000000.0,646000000.0,12.08,11.98,53449239.0,53911813.0,307000000.0,,613000000.0,438000000.0,,,,1524000000.0,,274000000.0,3194000000.0,456000000.0,181000000.0,5865000000.0,609000000.0,550000000.0,363000000.0,1581000000.0,,,,90000000.0,3049000000.0,3382000000.0,-28000000.0,2816000000.0,5865000000.0,,58000000.0,-6000000.0,107000000.0,-75000000.0,,25000000.0,-2000000.0,101000000.0,,836000000.0,,,,,307000000.0,38000000.0,,,-369000000.0,,,-351000000.0,116000000.0,
2021-12-31,5627000000.0,2999000000.0,2628000000.0,567000000.0,,1649000000.0,979000000.0,-11000000.0,968000000.0,131000000.0,837000000.0,15.66,15.52,53446399.0,53902430.0,332000000.0,,752000000.0,491000000.0,186000000.0,,,1689000000.0,,272000000.0,3265000000.0,469000000.0,197000000.0,6215000000.0,700000000.0,639000000.0,380000000.0,1800000000.0,,,,67000000.0,3231000000.0,3573000000.0,-29000000.0,2984000000.0,6215000000.0,,76000000.0,-68000000.0,239000000.0,-18000000.0,,23000000.0,96000000.0,113000000.0,,1069000000.0,,,,,452000000.0,59000000.0,,,-546000000.0,,,-371000000.0,152000000.0,
2022-04-02,1432000000.0,795000000.0,637000000.0,137000000.0,,425000000.0,212000000.0,38000000.0,250000000.0,45000000.0,205000000.0,3.86,3.83,53021423.0,53446740.0,141000000.0,,808000000.0,469000000.0,,,,1569000000.0,,271000000.0,3266000000.0,437000000.0,227000000.0,6129000000.0,691000000.0,459000000.0,397000000.0,1799000000.0,,,,67000000.0,3223000000.0,3778000000.0,-29000000.0,2906000000.0,6129000000.0,,17000000.0,,56000000.0,-22000000.0,,19000000.0,-14000000.0,18000000.0,,54000000.0,,,,,,14000000.0,,,-19000000.0,,,-220000000.0,-187000000.0,
2022-07-02,2900000000.0,1589000000.0,1311000000.0,285000000.0,,1244000000.0,-145000000.0,30000000.0,-153000000.0,-55000000.0,107000000.0,2.04,2.02,52642348.0,53033729.0,98000000.0,,925000000.0,632000000.0,,,,1806000000.0,,265000000.0,3929000000.0,659000000.0,241000000.0,7385000000.0,827000000.0,714000000.0,413000000.0,2113000000.0,,,,198000000.0,4872000000.0,3680000000.0,-28000000.0,2513000000.0,7385000000.0,,42000000.0,,170000000.0,108000000.0,,52000000.0,121000000.0,34000000.0,,154000000.0,,,,,875000000.0,31000000.0,,,-912000000.0,,,518000000.0,-246000000.0,
2022-10-01,4278000000.0,2339000000.0,1939000000.0,428000000.0,,1670000000.0,269000000.0,50000000.0,319000000.0,52000000.0,277000000.0,5.29,5.25,52387838.0,52756631.0,81000000.0,,804000000.0,814000000.0,,,,1871000000.0,,272000000.0,3891000000.0,659000000.0,279000000.0,7448000000.0,835000000.0,675000000.0,401000000.0,2073000000.0,,,,150000000.0,4791000000.0,3850000000.0,-34000000.0,2657000000.0,7448000000.0,,70000000.0,,58000000.0,293000000.0,,68000000.0,127000000.0,27000000.0,,221000000.0,,,,,878000000.0,51000000.0,,,-941000000.0,,,470000000.0,-252000000.0,
2022-12-31,5781000000.0,3157000000.0,2624000000.0,570000000.0,,2095000000.0,529000000.0,15000000.0,544000000.0,81000000.0,463000000.0,8.86,8.8,52207903.0,52558712.0,105000000.0,,768000000.0,860000000.0,332000000.0,,,1883000000.0,,278000000.0,3899000000.0,630000000.0,276000000.0,7529000000.0,811000000.0,744000000.0,425000000.0,2332000000.0,,,,108000000.0,4796000000.0,4036000000.0,-66000000.0,2733000000.0,7529000000.0,,88000000.0,-208000000.0,5000000.0,341000000.0,,48000000.0,92000000.0,60000000.0,,488000000.0,,,,,881000000.0,75000000.0,,,-968000000.0,,,253000000.0,-227000000.0,
2023-04-01,1405000000.0,738000000.0,667000000.0,146000000.0,,442000000.0,225000000.0,-40000000.0,185000000.0,35000000.0,150000000.0,2.92,2.9,51420536.0,51748069.0,85000000.0,,736000000.0,835000000.0,,,,1818000000.0,,280000000.0,3895000000.0,604000000.0,273000000.0,7474000000.0,602000000.0,671000000.0,447000000.0,2074000000.0,,,,64000000.0,4583000000.0,4186000000.0,-66000000.0,2891000000.0,7474000000.0,,18000000.0,,-33000000.0,-26000000.0,,27000000.0,-212000000.0,22000000.0,,-76000000.0,,,,,,16000000.0,,,-17000000.0,,,70000000.0,-24000000.0,
2023-07-01,2619000000.0,1371000000.0,1248000000.0,276000000.0,,829000000.0,419000000.0,-63000000.0,356000000.0,62000000.0,294000000.0,5.72,5.68,51395062.0,51724026.0,68000000.0,,663000000.0,864000000.0,,,,1753000000.0,,301000000.0,3895000000.0,578000000.0,315000000.0,7456000000.0,562000000.0,583000000.0,443000000.0,1770000000.0,,,,89000000.0,4464000000.0,4330000000.0,-60000000.0,2992000000.0,7456000000.0,,20000000.0,,-105000000.0,3000000.0,,22000000.0,-273000000.0,16000000.0,,-110000000.0,,,,,0.0,34000000.0,,,-35000000.0,,,97000000.0,-49000000.0,
2023-09-30,3575000000.0,1900000000.0,1675000000.0,403000000.0,,1268000000.0,407000000.0,-75000000.0,332000000.0,53000000.0,279000000.0,5.44,5.4,51380876.0,51717731.0,61000000.0,,538000000.0,848000000.0,,,,1652000000.0,,302000000.0,3893000000.0,552000000.0,329000000.0,7331000000.0,433000000.0,528000000.0,428000000.0,1562000000.0,,,,92000000.0,4318000000.0,4315000000.0,-44000000.0,3013000000.0,7331000000.0,,39000000.0,,-228000000.0,-7000000.0,,25000000.0,-402000000.0,-12000000.0,,-145000000.0,,,,,0.0,48000000.0,,,-49000000.0,,,140000000.0,-56000000.0,
2023-12-31,4584000000.0,2461000000.0,2123000000.0,519000000.0,,1642000000.0,481000000.0,-147000000.0,334000000.0,38000000.0,296000000.0,5.75,5.72,51378051.0,51710962.0,137000000.0,,521000000.0,804000000.0,371000000.0,,,1672000000.0,,309000000.0,3895000000.0,527000000.0,296000000.0,7306000000.0,456000000.0,504000000.0,458000000.0,1598000000.0,,,,94000000.0,4270000000.0,4332000000.0,-54000000.0,3036000000.0,7306000000.0,,55000000.0,-35000000.0,-249000000.0,-50000000.0,,25000000.0,-365000000.0,12000000.0,,-4000000.0,,,,,0.0,87000000.0,,,-92000000.0,,,117000000.0,21000000.0,
2024-03-30,1175000000.0,612000000.0,563000000.0,138000000.0,,404000000.0,159000000.0,-17000000.0,142000000.0,27000000.0,115000000.0,2.24,2.23,51387570.0,51790501.0,127000000.0,,599000000.0,705000000.0,,,,1627000000.0,,304000000.0,3894000000.0,501000000.0,312000000.0,7259000000.0,467000000.0,437000000.0,456000000.0,1643000000.0,,,,111000000.0,4090000000.0,4447000000.0,-50000000.0,3169000000.0,7259000000.0,,17000000.0,,80000000.0,-98000000.0,,9000000.0,13000000.0,-9000000.0,,125000000.0,,,,,,14000000.0,,,-11000000.0,,,-124000000.0,-11000000.0,
2024-06-29,2392000000.0,1240000000.0,1152000000.0,284000000.0,,826000000.0,326000000.0,-48000000.0,278000000.0,50000000.0,228000000.0,4.43,4.4,51489735.0,51830245.0,411000000.0,,701000000.0,678000000.0,,,,1953000000.0,,297000000.0,3894000000.0,476000000.0,242000000.0,7490000000.0,551000000.0,426000000.0,447000000.0,1522000000.0,,,,92000000.0,4203000000.0,4560000000.0,-52000000.0,3287000000.0,7490000000.0,,48000000.0,,185000000.0,-125000000.0,,3000000.0,98000000.0,-25000000.0,,413000000.0,,,,,,24000000.0,,,-25000000.0,,,-115000000.0,273000000.0,
2024-09-28,3647000000.0,1882000000.0,1765000000.0,425000000.0,,1248000000.0,517000000.0,-90000000.0,427000000.0,62000000.0,365000000.0,7.09,7.04,51567216.0,51918055.0,676000000.0,,642000000.0,639000000.0,,,,2133000000.0,,302000000.0,3895000000.0,447000000.0,239000000.0,7690000000.0,533000000.0,490000000.0,432000000.0,1562000000.0,,,,95000000.0,4269000000.0,4697000000.0,-59000000.0,3421000000.0,7690000000.0,,68000000.0,,120000000.0,-161000000.0,,-5000000.0,79000000.0,-34000000.0,,707000000.0,,,,,,41000000.0,,,-42000000.0,,,-127000000.0,538000000.0,
,,,,,,,,,,,,,,,,,,,,,,,,,,,,,,,,,,,,,,,,,,,,,,,,,,,,,,,,,,,,,,,,,,,
,,,,,,,,,,,,,,,,,,,,,,,,,,,,,,,,,,,,,,,,,,,,,,,,,,,,,,,,,,,,,,,,,,,
,,,,,,,,,,,,,,,,,,,,,,,,,,,,,,,,,,,,,,,,,,,,,,,,,,,,,,,,,,,,,,,,,,,
