Date,Net sales,Cost of sales,Gross margin,Research and development,"Selling, general and administrative",Total operating expenses,Operating income,"Other income/(expense), net",Income before provision for income taxes,Provision for income taxes,Net income,Earnings per share basic,Earnings per share diluted,Weighted-average basic,Weighted-average diluted,Cash and cash equivalents,Short-term marketable securities,"Accounts receivable, net",Inventories,Deferred tax assets,Vendor non-trade receivables,Other current assets,Total current assets,Long-term marketable securities,"Property, Plant and Equipment, Net",Goodwill,"Acquired intangible assets, net","Other Assets, Noncurrent",Total assets,accounts payable,Accrued expenses,Deferred revenue,Total current liabilities,Deferred revenue - non-current,deferred tax liabilities,long term taxes payable,Total other non-current liabilities,Total liabilities,Retained Earnings (Accumulated Deficit),Accumulated other comprehensive (loss)/income,Total shareholders equity,Total liabilities and shareholders' equity,"Depreciation, amortization and accretion",Stock-based compensation expense,Deferred income tax expense,"Increase (Decrease) in Accounts receivable, net",Increase (Decrease) in Inventories,Increase (Decrease) in Other Receivables,Increase (Decrease) in Other Operating Assets,Increase (Decrease) in Accounts Payable,Increase (Decrease) in Deferred Revenue,Increase (Decrease) Other liabilities,Cash generated by operating activities,Purchases of marketable securities,Proceeds from maturities of marketable securities,Proceeds from sales of marketable securities,Purchases of other long-term investments,"Business acquisitions, net of cash acquired",Cash payments for capital asset purchases,Payments for acquisition of intangible assets,Payments for (Proceeds from) Other Investing Activities,Cash used in investing activities,Proceeds from issuance of common stock,Excess tax benefits from stock-based compensation,Cash generated/used in financing activities,Increase/(decrease) in cash and cash equivalents,"Cash paid for income taxes, net"
2013-03-31,1090000000.0,402000000.0,,,357000000.0,,,,192000000.0,52000000.0,140000000.0,0.28,0.28,500000000.0,500111000.0,468000000.0,,861000000.0,1120000000.0,83000000.0,,188000000.0,2942000000.0,,1237000000.0,985000000.0,855000000.0,60000000.0,6142000000.0,275000000.0,,,1287000000.0,,337000000.0,33000000.0,121000000.0,5418000000.0,13000000.0,-121000000.0,709000000.0,6142000000.0,51000000.0,11000000.0,7000000.0,,,,,,,,281000000.0,,,,,,22000000.0,,0.0,-22000000.0,,,-108000000.0,151000000.0,9000000.0
2013-06-30,2204000000.0,818000000.0,,,756000000.0,,,,379000000.0,111000000.0,268000000.0,0.54,0.54,500000000.0,500217000.0,369000000.0,,1137000000.0,1257000000.0,92000000.0,,227000000.0,3082000000.0,,1252000000.0,982000000.0,834000000.0,57000000.0,6261000000.0,587000000.0,,,1321000000.0,,308000000.0,38000000.0,131000000.0,5438000000.0,109000000.0,-183000000.0,800000000.0,6261000000.0,102000000.0,31000000.0,-19000000.0,,,,,,,,269000000.0,,,,,0.0,80000000.0,,0.0,-74000000.0,,,-140000000.0,52000000.0,26000000.0
2013-09-29,3307000000.0,1203000000.0,,,1155000000.0,,,11000000.0,564000000.0,165000000.0,399000000.0,0.8,0.8,500000000.0,500354000.0,389000000.0,,1110000000.0,1290000000.0,66000000.0,,228000000.0,3083000000.0,,1252000000.0,980000000.0,815000000.0,59000000.0,6259000000.0,482000000.0,,,1308000000.0,,269000000.0,41000000.0,133000000.0,5393000000.0,207000000.0,-245000000.0,843000000.0,6259000000.0,151000000.0,37000000.0,-47000000.0,,,,,,,,383000000.0,,,,,,135000000.0,,0.0,-128000000.0,,,-172000000.0,72000000.0,77000000.0
2013-12-31,4561000000.0,1669000000.0,,,1613000000.0,,,9000000.0,690000000.0,187000000.0,504000000.0,1.01,1.01,500002000.0,500317000.0,610000000.0,,1138000000.0,1293000000.0,97000000.0,,219000000.0,3357000000.0,,1295000000.0,982000000.0,803000000.0,58000000.0,6558000000.0,506000000.0,,,1415000000.0,,322000000.0,49000000.0,168000000.0,5596000000.0,276000000.0,-219000000.0,940000000.0,6558000000.0,209000000.0,43000000.0,23000000.0,99000000.0,104000000.0,,24000000.0,-82000000.0,,196000000.0,681000000.0,,,,,4000000.0,184000000.0,,0.0,-179000000.0,,,-200000000.0,293000000.0,134000000.0
2014-03-30,1097000000.0,379000000.0,,,356000000.0,,,-1000000.0,227000000.0,72000000.0,155000000.0,0.31,0.31,500231000.0,500702000.0,506000000.0,,1100000000.0,1316000000.0,95000000.0,,205000000.0,3222000000.0,,1292000000.0,982000000.0,787000000.0,63000000.0,6403000000.0,363000000.0,,,1127000000.0,,319000000.0,51000000.0,165000000.0,5304000000.0,395000000.0,-229000000.0,1077000000.0,6403000000.0,50000000.0,5000000.0,2000000.0,,,,,,,,-23000000.0,,,,,,45000000.0,,,-45000000.0,,,-35000000.0,-104000000.0,13000000.0
2014-06-29,2255000000.0,792000000.0,,,752000000.0,,,-9000000.0,427000000.0,133000000.0,291000000.0,0.58,0.58,500975000.0,501684000.0,578000000.0,,1098000000.0,1336000000.0,108000000.0,,207000000.0,3327000000.0,,1309000000.0,984000000.0,774000000.0,71000000.0,6522000000.0,337000000.0,,,1061000000.0,,314000000.0,54000000.0,168000000.0,5239000000.0,531000000.0,-199000000.0,1260000000.0,6522000000.0,101000000.0,13000000.0,-4000000.0,,,,,,,,136000000.0,,,,,15000000.0,87000000.0,,,-95000000.0,,,-74000000.0,-32000000.0,87000000.0
2014-09-28,3465000000.0,1226000000.0,,,1146000000.0,,,-13000000.0,665000000.0,204000000.0,457000000.0,0.91,0.91,501453000.0,502445000.0,598000000.0,,1057000000.0,1388000000.0,106000000.0,,204000000.0,3353000000.0,,1313000000.0,982000000.0,757000000.0,67000000.0,6527000000.0,259000000.0,442000000.0,,998000000.0,,265000000.0,57000000.0,176000000.0,5138000000.0,661000000.0,-240000000.0,1364000000.0,6527000000.0,151000000.0,22000000.0,-60000000.0,,,,,,,,239000000.0,,,,,15000000.0,129000000.0,,1000000.0,-137000000.0,,,-112000000.0,-12000000.0,210000000.0
2014-12-31,4785000000.0,1717000000.0,,,1643000000.0,,,-7000000.0,820000000.0,233000000.0,583000000.0,1.16,1.16,501055000.0,502025000.0,882000000.0,,980000000.0,1289000000.0,109000000.0,,205000000.0,3465000000.0,,1318000000.0,976000000.0,727000000.0,67000000.0,6607000000.0,290000000.0,475000000.0,,1086000000.0,,277000000.0,57000000.0,207000000.0,5270000000.0,709000000.0,-361000000.0,1311000000.0,6607000000.0,204000000.0,32000000.0,-49000000.0,-69000000.0,16000000.0,,2000000.0,-210000000.0,,11000000.0,626000000.0,,,,,15000000.0,180000000.0,,1000000.0,-187000000.0,,,-154000000.0,272000000.0,278000000.0
2015-03-29,1102000000.0,394000000.0,,,354000000.0,,,0.0,230000000.0,65000000.0,165000000.0,0.33,0.33,501146000.0,503224000.0,559000000.0,,905000000.0,1346000000.0,87000000.0,,213000000.0,3110000000.0,,1301000000.0,1169000000.0,735000000.0,58000000.0,6430000000.0,256000000.0,30000000.0,,1370000000.0,,256000000.0,57000000.0,199000000.0,5125000000.0,832000000.0,-479000000.0,1278000000.0,6430000000.0,48000000.0,10000000.0,-3000000.0,,,,,,,,60000000.0,,,,,230000000.0,45000000.0,,,-274000000.0,,,-94000000.0,-323000000.0,52000000.0
2015-06-28,2277000000.0,821000000.0,,,733000000.0,,,-2000000.0,203000000.0,74000000.0,128000000.0,0.26,0.25,500660000.0,502893000.0,544000000.0,,993000000.0,1417000000.0,127000000.0,,235000000.0,3316000000.0,,1295000000.0,1167000000.0,697000000.0,58000000.0,6598000000.0,278000000.0,39000000.0,,1572000000.0,,234000000.0,59000000.0,288000000.0,5396000000.0,795000000.0,-504000000.0,1176000000.0,6598000000.0,98000000.0,21000000.0,-73000000.0,71000000.0,134000000.0,,30000000.0,-2000000.0,,-60000000.0,182000000.0,,,,,229000000.0,91000000.0,0.0,,-318000000.0,,,-185000000.0,-338000000.0,121000000.0
2015-09-27,3491000000.0,1242000000.0,,,1107000000.0,,,2000000.0,476000000.0,157000000.0,317000000.0,0.63,0.63,500186000.0,502480000.0,592000000.0,,1038000000.0,1403000000.0,127000000.0,,264000000.0,3450000000.0,,1293000000.0,1163000000.0,679000000.0,43000000.0,6686000000.0,306000000.0,57000000.0,,1658000000.0,,227000000.0,63000000.0,258000000.0,5432000000.0,943000000.0,-562000000.0,1229000000.0,6686000000.0,144000000.0,31000000.0,-81000000.0,150000000.0,142000000.0,,64000000.0,30000000.0,,-37000000.0,386000000.0,,,,,229000000.0,143000000.0,0.0,8000000.0,-378000000.0,,,-271000000.0,-290000000.0,175000000.0
2015-12-31,4765000000.0,1738000000.0,,,1532000000.0,,,-81000000.0,545000000.0,206000000.0,339000000.0,0.68,0.68,499707000.0,502019000.0,1154000000.0,,937000000.0,1467000000.0,0.0,,201000000.0,3830000000.0,,1307000000.0,1455000000.0,1190000000.0,49000000.0,7913000000.0,293000000.0,676000000.0,,1781000000.0,,264000000.0,63000000.0,251000000.0,6822000000.0,876000000.0,-622000000.0,1068000000.0,7913000000.0,199000000.0,43000000.0,-85000000.0,58000000.0,262000000.0,,9000000.0,17000000.0,,70000000.0,664000000.0,,,,,229000000.0,224000000.0,0.0,10000000.0,-1115000000.0,,,755000000.0,272000000.0,224000000.0
2016-04-03,1162000000.0,389000000.0,,,315000000.0,,,30000000.0,332000000.0,128000000.0,204000000.0,0.41,0.41,497400000.0,499500000.0,675000000.0,,908000000.0,1461000000.0,,,236000000.0,3307000000.0,,1317000000.0,1459000000.0,1210000000.0,48000000.0,7453000000.0,210000000.0,60000000.0,,1163000000.0,,270000000.0,123000000.0,246000000.0,6266000000.0,1016000000.0,-618000000.0,1165000000.0,7453000000.0,57000000.0,9000000.0,-25000000.0,-21000000.0,3000000.0,,36000000.0,-84000000.0,,-193000000.0,51000000.0,,,,,12000000.0,45000000.0,,,18000000.0,,,-543000000.0,-479000000.0,49000000.0
2016-07-03,2370000000.0,788000000.0,,,658000000.0,,,26000000.0,664000000.0,236000000.0,428000000.0,0.86,0.86,496900000.0,499200000.0,658000000.0,,888000000.0,1525000000.0,,,257000000.0,3328000000.0,,1341000000.0,1475000000.0,1217000000.0,66000000.0,7518000000.0,224000000.0,37000000.0,,1039000000.0,,292000000.0,115000000.0,236000000.0,6147000000.0,1190000000.0,-554000000.0,1357000000.0,7518000000.0,117000000.0,19000000.0,17000000.0,-53000000.0,87000000.0,,72000000.0,-71000000.0,,-254000000.0,188000000.0,,,,,20000000.0,99000000.0,,,-31000000.0,,,-651000000.0,-496000000.0,215000000.0
2016-10-02,3611000000.0,1198000000.0,,,1003000000.0,,,29000000.0,997000000.0,332000000.0,667000000.0,1.34,1.34,496300000.0,498800000.0,651000000.0,,915000000.0,1563000000.0,,,235000000.0,3364000000.0,,1382000000.0,1497000000.0,1282000000.0,71000000.0,7715000000.0,241000000.0,42000000.0,,1039000000.0,,266000000.0,93000000.0,252000000.0,6117000000.0,1423000000.0,-506000000.0,1585000000.0,7715000000.0,177000000.0,28000000.0,-52000000.0,-44000000.0,133000000.0,,53000000.0,-56000000.0,,-291000000.0,427000000.0,,,,,88000000.0,156000000.0,,0.0,-155000000.0,,,-775000000.0,-503000000.0,295000000.0
2016-12-31,4888000000.0,1666000000.0,,,1364000000.0,,,2000000.0,1228000000.0,409000000.0,821000000.0,1.66,1.65,495715000.0,498225000.0,727000000.0,,913000000.0,1502000000.0,,,248000000.0,3390000000.0,,1381000000.0,1481000000.0,1228000000.0,73000000.0,7649000000.0,265000000.0,464000000.0,,1117000000.0,,244000000.0,73000000.0,248000000.0,6150000000.0,1477000000.0,-598000000.0,1487000000.0,7649000000.0,240000000.0,37000000.0,-55000000.0,-15000000.0,101000000.0,,50000000.0,-28000000.0,,-295000000.0,713000000.0,,,,,88000000.0,216000000.0,0.0,0.0,-214000000.0,,,-903000000.0,-427000000.0,408000000.0
2017-04-02,1231000000.0,443000000.0,,,309000000.0,,,10000000.0,337000000.0,98000000.0,238000000.0,0.48,0.48,492400000.0,495300000.0,629000000.0,,954000000.0,1535000000.0,,,265000000.0,3383000000.0,,1368000000.0,1497000000.0,1232000000.0,72000000.0,7649000000.0,231000000.0,31000000.0,,1730000000.0,,272000000.0,79000000.0,215000000.0,6014000000.0,1651000000.0,-552000000.0,1609000000.0,7649000000.0,62000000.0,11000000.0,24000000.0,22000000.0,52000000.0,,13000000.0,-37000000.0,,-147000000.0,119000000.0,,,,,3000000.0,42000000.0,,3000000.0,-48000000.0,,,-176000000.0,-98000000.0,37000000.0
2017-07-02,2500000000.0,883000000.0,,,645000000.0,,,12000000.0,682000000.0,196000000.0,485000000.0,0.99,0.98,491600000.0,494600000.0,705000000.0,,975000000.0,1498000000.0,,,353000000.0,3584000000.0,,1355000000.0,1495000000.0,1210000000.0,65000000.0,7802000000.0,199000000.0,28000000.0,,1784000000.0,,261000000.0,83000000.0,209000000.0,6056000000.0,1843000000.0,-542000000.0,1715000000.0,7802000000.0,121000000.0,22000000.0,13000000.0,41000000.0,46000000.0,,106000000.0,-66000000.0,,-147000000.0,299000000.0,,,,,3000000.0,93000000.0,,-7000000.0,-88000000.0,,,-240000000.0,-22000000.0,256000000.0
2017-10-01,3847000000.0,1318000000.0,,,973000000.0,,,11000000.0,1095000000.0,313000000.0,783000000.0,1.6,1.59,490800000.0,493900000.0,1981000000.0,,1009000000.0,1490000000.0,,,357000000.0,4894000000.0,,1388000000.0,1530000000.0,1318000000.0,64000000.0,9288000000.0,213000000.0,34000000.0,,1746000000.0,,269000000.0,89000000.0,213000000.0,7269000000.0,2140000000.0,-455000000.0,1989000000.0,9288000000.0,179000000.0,33000000.0,-3000000.0,58000000.0,35000000.0,,132000000.0,-56000000.0,,-114000000.0,738000000.0,,,,,82000000.0,141000000.0,,-6000000.0,-216000000.0,,,716000000.0,1254000000.0,366000000.0
2017-12-31,5307000000.0,1775000000.0,,,1334000000.0,,,-6000000.0,1525000000.0,663000000.0,864000000.0,1.76,1.75,489918000.0,493161000.0,1564000000.0,,998000000.0,1427000000.0,,,228000000.0,4217000000.0,,1435000000.0,1510000000.0,1269000000.0,75000000.0,8586000000.0,261000000.0,432000000.0,,1094000000.0,,380000000.0,172000000.0,201000000.0,6800000000.0,2109000000.0,-505000000.0,1770000000.0,8586000000.0,242000000.0,44000000.0,127000000.0,50000000.0,-19000000.0,,16000000.0,-10000000.0,,-57000000.0,1346000000.0,,,,,82000000.0,224000000.0,,1000000.0,-270000000.0,,,-251000000.0,837000000.0,455000000.0
2018-03-31,1366000000.0,447000000.0,,,338000000.0,,,5000000.0,417000000.0,67000000.0,352000000.0,0.72,0.72,485900000.0,489800000.0,1654000000.0,,943000000.0,1441000000.0,,,229000000.0,4267000000.0,,1453000000.0,1532000000.0,1280000000.0,78000000.0,8690000000.0,217000000.0,29000000.0,2000000.0,1000000000.0,,246000000.0,304000000.0,211000000.0,6715000000.0,2399000000.0,-429000000.0,1960000000.0,8690000000.0,60000000.0,11000000.0,-141000000.0,-60000000.0,33000000.0,,2000000.0,-46000000.0,,-57000000.0,389000000.0,,,,,0.0,53000000.0,,0.0,-45000000.0,,,-262000000.0,90000000.0,42000000.0
2018-06-30,2781000000.0,894000000.0,,,697000000.0,,,9000000.0,854000000.0,122000000.0,736000000.0,1.52,1.51,484800000.0,488600000.0,1558000000.0,,973000000.0,1420000000.0,,,288000000.0,4239000000.0,,1470000000.0,1514000000.0,1225000000.0,75000000.0,8603000000.0,230000000.0,29000000.0,2000000.0,967000000.0,,229000000.0,266000000.0,204000000.0,6621000000.0,2722000000.0,-543000000.0,1970000000.0,8603000000.0,123000000.0,22000000.0,-155000000.0,9000000.0,23000000.0,,63000000.0,-28000000.0,,-75000000.0,656000000.0,,,,,0.0,126000000.0,,3000000.0,-121000000.0,,,-533000000.0,-6000000.0,221000000.0
2018-09-30,4261000000.0,1367000000.0,,,1064000000.0,,,28000000.0,1272000000.0,193000000.0,1083000000.0,2.24,2.22,483900000.0,487700000.0,1286000000.0,,929000000.0,1441000000.0,,,315000000.0,4076000000.0,,1556000000.0,2537000000.0,2120000000.0,97000000.0,10459000000.0,238000000.0,39000000.0,2000000.0,1003000000.0,,446000000.0,250000000.0,201000000.0,8341000000.0,3067000000.0,-619000000.0,2118000000.0,10459000000.0,207000000.0,36000000.0,-155000000.0,-37000000.0,-29000000.0,,77000000.0,-39000000.0,,-31000000.0,1206000000.0,,,,,1884000000.0,200000000.0,,1000000.0,-2185000000.0,,,730000000.0,-278000000.0,290000000.0
2018-12-31,5825000000.0,1911000000.0,,,1484000000.0,,,83000000.0,1690000000.0,266000000.0,1428000000.0,2.96,2.93,483063000.0,486898000.0,,,1036000000.0,1391000000.0,,,271000000.0,4399000000.0,,1658000000.0,2519000000.0,2046000000.0,94000000.0,10800000000.0,313000000.0,487000000.0,2000000.0,1223000000.0,,474000000.0,265000000.0,187000000.0,8592000000.0,3270000000.0,-629000000.0,2185000000.0,10777000000.0,308000000.0,53000000.0,-112000000.0,67000000.0,-61000000.0,,42000000.0,37000000.0,,56000000.0,1790000000.0,,,,,1884000000.0,338000000.0,,7000000.0,-2259000000.0,,,533000000.0,38000000.0,336000000.0
2019-03-31,1455000000.0,518000000.0,,,369000000.0,,,14000000.0,381000000.0,69000000.0,312000000.0,0.65,0.65,479600000.0,483100000.0,1728000000.0,,970000000.0,1361000000.0,,,255000000.0,4379000000.0,,1683000000.0,2522000000.0,1989000000.0,87000000.0,10883000000.0,235000000.0,55000000.0,1000000.0,1082000000.0,,464000000.0,261000000.0,181000000.0,8566000000.0,3495000000.0,-598000000.0,,10883000000.0,98000000.0,18000000.0,-16000000.0,-75000000.0,-17000000.0,,-24000000.0,-79000000.0,,-103000000.0,389000000.0,,,,,,63000000.0,,-4000000.0,-23000000.0,,,-243000000.0,126000000.0,29000000.0
2019-09-30,4586000000.0,1462000000.0,,,1166000000.0,,,46000000.0,1364000000.0,248000000.0,1116000000.0,2.33,2.31,478700000.0,482300000.0,1815000000.0,,1030000000.0,1439000000.0,,,322000000.0,4618000000.0,,1813000000.0,2550000000.0,1935000000.0,91000000.0,11272000000.0,284000000.0,48000000.0,8000000.0,1052000000.0,,473000000.0,255000000.0,198000000.0,8594000000.0,4217000000.0,-699000000.0,,11272000000.0,303000000.0,51000000.0,-30000000.0,18000000.0,103000000.0,,39000000.0,-28000000.0,,-68000000.0,1213000000.0,,,,,0.0,294000000.0,,6000000.0,-291000000.0,,,-701000000.0,213000000.0,293000000.0
2019-12-31,6260000000.0,1992000000.0,,,1638000000.0,,,57000000.0,1801000000.0,301000000.0,1500000000.0,3.14,3.11,478128000.0,481787000.0,,,1086000000.0,1410000000.0,,,318000000.0,4748000000.0,,1940000000.0,2592000000.0,1890000000.0,98000000.0,11545000000.0,301000000.0,543000000.0,11000000.0,1806000000.0,,434000000.0,257000000.0,229000000.0,8837000000.0,4427000000.0,-726000000.0,,11545000000.0,412000000.0,67000000.0,-79000000.0,69000000.0,104000000.0,,51000000.0,-10000000.0,,91000000.0,1795000000.0,,,,,0.0,460000000.0,,8000000.0,-504000000.0,,,-951000000.0,332000000.0,418000000.0
2020-03-31,1534000000.0,459000000.0,,,389000000.0,,,20000000.0,497000000.0,74000000.0,423000000.0,0.89,0.88,475600000.0,479000000.0,1951000000.0,,965000000.0,1481000000.0,88000000.0,,375000000.0,4772000000.0,,1977000000.0,2583000000.0,1821000000.0,105000000.0,11528000000.0,265000000.0,50000000.0,3000000.0,1721000000.0,,,260000000.0,251000000.0,8775000000.0,4764000000.0,-781000000.0,,11528000000.0,110000000.0,16000000.0,-9000000.0,-109000000.0,97000000.0,,65000000.0,-35000000.0,,-128000000.0,408000000.0,,,,,,94000000.0,,1000000.0,-57000000.0,,,-328000000.0,17000000.0,22000000.0
2020-06-30,3082000000.0,910000000.0,,,782000000.0,,,15000000.0,979000000.0,180000000.0,800000000.0,1.68,1.67,475400000.0,478600000.0,3353000000.0,,984000000.0,1584000000.0,88000000.0,,364000000.0,6285000000.0,,2011000000.0,2629000000.0,1783000000.0,92000000.0,13069000000.0,335000000.0,65000000.0,5000000.0,1811000000.0,,,256000000.0,271000000.0,10082000000.0,5048000000.0,-856000000.0,2982000000.0,13069000000.0,221000000.0,32000000.0,-38000000.0,-71000000.0,233000000.0,,42000000.0,37000000.0,,-156000000.0,846000000.0,,,,,,184000000.0,,2000000.0,-221000000.0,,,813000000.0,1419000000.0,91000000.0
2020-09-30,4868000000.0,1456000000.0,,,1206000000.0,,,15000000.0,1576000000.0,298000000.0,1279000000.0,2.69,2.67,475500000.0,478500000.0,3654000000.0,,1012000000.0,1626000000.0,97000000.0,,465000000.0,6757000000.0,,2099000000.0,2690000000.0,1794000000.0,94000000.0,13725000000.0,357000000.0,67000000.0,6000000.0,2400000000.0,,,263000000.0,283000000.0,10118000000.0,5526000000.0,-735000000.0,3602000000.0,13725000000.0,332000000.0,46000000.0,-40000000.0,-69000000.0,294000000.0,,150000000.0,49000000.0,,-49000000.0,1408000000.0,,,,,,301000000.0,,-1000000.0,-395000000.0,,,720000000.0,1720000000.0,305000000.0
2020-12-31,6675000000.0,2057000000.0,,,1726000000.0,,,-17000000.0,1996000000.0,360000000.0,1638000000.0,3.44,3.42,475502000.0,478569000.0,,,1013000000.0,1628000000.0,,,366000000.0,6611000000.0,,2202000000.0,2694000000.0,1710000000.0,106000000.0,13609000000.0,457000000.0,556000000.0,8000000.0,2170000000.0,,,260000000.0,270000000.0,9836000000.0,5659000000.0,-730000000.0,3769000000.0,13609000000.0,441000000.0,59000000.0,-62000000.0,-74000000.0,346000000.0,,68000000.0,147000000.0,,91000000.0,2126000000.0,,,,,0.0,453000000.0,,0.0,-572000000.0,,,123000000.0,1670000000.0,418000000.0
2021-03-31,1871000000.0,549000000.0,,,409000000.0,,,-2000000.0,687000000.0,129000000.0,559000000.0,1.18,1.17,475500000.0,477900000.0,3602000000.0,,1125000000.0,1700000000.0,100000000.0,,367000000.0,6794000000.0,,2227000000.0,2707000000.0,1671000000.0,108000000.0,13796000000.0,346000000.0,71000000.0,3000000.0,2066000000.0,,,264000000.0,235000000.0,9704000000.0,6099000000.0,-633000000.0,4089000000.0,13796000000.0,109000000.0,13000000.0,-13000000.0,108000000.0,84000000.0,,-24000000.0,-112000000.0,,-72000000.0,400000000.0,,,,,,77000000.0,,0.0,-63000000.0,,,-339000000.0,-2000000.0,32000000.0
2021-06-30,3819000000.0,1117000000.0,,,904000000.0,,,-12000000.0,1323000000.0,254000000.0,1071000000.0,2.25,2.24,475200000.0,477500000.0,3658000000.0,,1170000000.0,1802000000.0,103000000.0,,418000000.0,7048000000.0,,2286000000.0,2718000000.0,1640000000.0,97000000.0,14069000000.0,369000000.0,71000000.0,8000000.0,2091000000.0,,,261000000.0,245000000.0,9717000000.0,6492000000.0,-623000000.0,4350000000.0,14069000000.0,221000000.0,29000000.0,-24000000.0,149000000.0,206000000.0,,36000000.0,-91000000.0,,21000000.0,881000000.0,,,,,,190000000.0,,0.0,-202000000.0,,,-629000000.0,54000000.0,315000000.0
2021-09-30,5809000000.0,1703000000.0,,,1408000000.0,,,-16000000.0,1982000000.0,361000000.0,1623000000.0,3.42,3.4,474800000.0,477100000.0,3274000000.0,,1152000000.0,1875000000.0,110000000.0,,381000000.0,6682000000.0,,2338000000.0,2703000000.0,1572000000.0,112000000.0,13705000000.0,387000000.0,61000000.0,,1471000000.0,,,259000000.0,251000000.0,9024000000.0,7044000000.0,-667000000.0,4679000000.0,13705000000.0,331000000.0,44000000.0,-121000000.0,143000000.0,299000000.0,,-8000000.0,-71000000.0,,62000000.0,1534000000.0,,,,,,309000000.0,,1000000.0,-316000000.0,,,-1548000000.0,-330000000.0,412000000.0
2021-12-31,7776000000.0,2303000000.0,,,2001000000.0,,,-48000000.0,2488000000.0,454000000.0,2037000000.0,4.29,4.27,474348000.0,476717000.0,,,1133000000.0,1923000000.0,,,389000000.0,6930000000.0,,2422000000.0,2682000000.0,1474000000.0,111000000.0,13900000000.0,436000000.0,710000000.0,,1797000000.0,,,257000000.0,239000000.0,9356000000.0,7186000000.0,-764000000.0,4543000000.0,13900000000.0,448000000.0,58000000.0,-80000000.0,155000000.0,366000000.0,,7000000.0,-17000000.0,,227000000.0,2213000000.0,,,,,,477000000.0,,1000000.0,-458000000.0,,,-1862000000.0,-119000000.0,548000000.0
2022-03-31,1986000000.0,569000000.0,,,465000000.0,,,-7000000.0,727000000.0,133000000.0,595000000.0,1.26,1.26,472200000.0,474100000.0,3135000000.0,,1222000000.0,2057000000.0,103000000.0,,423000000.0,6837000000.0,,2487000000.0,2685000000.0,1430000000.0,129000000.0,13860000000.0,402000000.0,99000000.0,,3034000000.0,,,254000000.0,241000000.0,9202000000.0,7628000000.0,-704000000.0,4658000000.0,13860000000.0,114000000.0,16000000.0,-45000000.0,102000000.0,146000000.0,,1000000.0,-31000000.0,,-222000000.0,309000000.0,,,,,,115000000.0,,,-118000000.0,,,-545000000.0,-350000000.0,26000000.0
2022-06-30,4038000000.0,1194000000.0,,,994000000.0,,,-9000000.0,1397000000.0,274000000.0,1124000000.0,2.39,2.38,471100000.0,472800000.0,2652000000.0,,1291000000.0,2205000000.0,110000000.0,,503000000.0,6651000000.0,,2559000000.0,2720000000.0,1390000000.0,147000000.0,13770000000.0,430000000.0,115000000.0,,3051000000.0,,,250000000.0,233000000.0,9190000000.0,8004000000.0,-722000000.0,4580000000.0,13770000000.0,231000000.0,31000000.0,-76000000.0,182000000.0,312000000.0,,34000000.0,-6000000.0,,-206000000.0,645000000.0,,,,,,261000000.0,,,-321000000.0,,,-1155000000.0,-833000000.0,316000000.0
2022-09-30,6040000000.0,1801000000.0,,,1495000000.0,,,-6000000.0,2064000000.0,413000000.0,1653000000.0,3.52,3.51,470000000.0,471600000.0,2507000000.0,,1189000000.0,2303000000.0,111000000.0,,552000000.0,6551000000.0,,2623000000.0,2692000000.0,1319000000.0,161000000.0,13674000000.0,373000000.0,134000000.0,,2880000000.0,,,241000000.0,239000000.0,9012000000.0,8533000000.0,-809000000.0,4663000000.0,13674000000.0,346000000.0,46000000.0,-110000000.0,120000000.0,438000000.0,,20000000.0,-59000000.0,,-227000000.0,1171000000.0,,,,,,415000000.0,,,-445000000.0,,,-1684000000.0,-978000000.0,471000000.0
2022-12-31,8080000000.0,2454000000.0,,,2009000000.0,,,-40000000.0,2656000000.0,545000000.0,2114000000.0,4.51,4.49,468891000.0,470385000.0,,,1215000000.0,2345000000.0,31000000.0,,365000000.0,7506000000.0,,2753000000.0,2746000000.0,1380000000.0,147000000.0,14925000000.0,405000000.0,682000000.0,,3167000000.0,,,258000000.0,217000000.0,10522000000.0,8668000000.0,-817000000.0,4405000000.0,14925000000.0,465000000.0,62000000.0,-286000000.0,137000000.0,486000000.0,,-35000000.0,-29000000.0,,-180000000.0,1912000000.0,,,,,,586000000.0,,0.0,-883000000.0,,,-904000000.0,96000000.0,638000000.0
2023-03-31,2000000000.0,588000000.0,,,505000000.0,,,53000000.0,697000000.0,146000000.0,552000000.0,1.19,1.19,463500000.0,464600000.0,2109000000.0,,1186000000.0,2563000000.0,161000000.0,,411000000.0,6269000000.0,,2913000000.0,2738000000.0,1314000000.0,143000000.0,13754000000.0,424000000.0,104000000.0,,1915000000.0,,,262000000.0,216000000.0,9263000000.0,9045000000.0,-828000000.0,4494000000.0,13754000000.0,120000000.0,9000000.0,8000000.0,-27000000.0,235000000.0,,24000000.0,22000000.0,,-63000000.0,549000000.0,,,,,,223000000.0,,,-216000000.0,,,-1802000000.0,-1472000000.0,20000000.0
2023-06-30,4180000000.0,1195000000.0,,,1061000000.0,,,157000000.0,1569000000.0,348000000.0,1223000000.0,2.64,2.64,462700000.0,463800000.0,1717000000.0,,1322000000.0,2701000000.0,192000000.0,,443000000.0,6183000000.0,,3011000000.0,2714000000.0,1252000000.0,173000000.0,13749000000.0,464000000.0,107000000.0,,1769000000.0,,,278000000.0,217000000.0,9128000000.0,9543000000.0,-895000000.0,4625000000.0,13749000000.0,241000000.0,26000000.0,-26000000.0,116000000.0,424000000.0,,82000000.0,65000000.0,,-59000000.0,732000000.0,,,,,,389000000.0,,-3000000.0,-296000000.0,,,-2296000000.0,-1864000000.0,458000000.0
2023-09-30,6331000000.0,1833000000.0,,,1586000000.0,,,151000000.0,2286000000.0,469000000.0,1819000000.0,3.94,3.93,461900000.0,463000000.0,1754000000.0,,1257000000.0,2744000000.0,190000000.0,,467000000.0,6222000000.0,,3092000000.0,2762000000.0,1398000000.0,216000000.0,14106000000.0,388000000.0,97000000.0,,1608000000.0,,,262000000.0,259000000.0,9032000000.0,10140000000.0,-814000000.0,5078000000.0,14106000000.0,365000000.0,43000000.0,-40000000.0,54000000.0,497000000.0,,119000000.0,-9000000.0,,-27000000.0,1456000000.0,,,,,,534000000.0,,-2000000.0,-567000000.0,,,-2712000000.0,-1827000000.0,586000000.0
2023-12-31,8544000000.0,2561000000.0,,,2151000000.0,,,159000000.0,2936000000.0,596000000.0,2344000000.0,5.08,5.07,461172000.0,462269000.0,,,1304000000.0,2564000000.0,60000000.0,,434000000.0,6343000000.0,,3204000000.0,2759000000.0,1338000000.0,206000000.0,14300000000.0,411000000.0,683000000.0,,1889000000.0,,,271000000.0,237000000.0,9295000000.0,10295000000.0,-839000000.0,4997000000.0,14286000000.0,491000000.0,60000000.0,-61000000.0,102000000.0,361000000.0,,95000000.0,13000000.0,,67000000.0,2353000000.0,,,,,,732000000.0,,-2000000.0,-777000000.0,,,-3109000000.0,-1540000000.0,754000000.0
2024-03-31,2190000000.0,643000000.0,,,547000000.0,,,8000000.0,747000000.0,148000000.0,599000000.0,1.31,1.31,458000000.0,458800000.0,1975000000.0,,1293000000.0,2651000000.0,232000000.0,,440000000.0,6359000000.0,,3251000000.0,2759000000.0,1295000000.0,227000000.0,14348000000.0,405000000.0,89000000.0,,1909000000.0,,,277000000.0,228000000.0,9296000000.0,10696000000.0,-841000000.0,5058000000.0,14348000000.0,126000000.0,18000000.0,-43000000.0,12000000.0,98000000.0,,9000000.0,-3000000.0,,-125000000.0,595000000.0,,,,,,140000000.0,,1000000.0,-131000000.0,,,-524000000.0,-66000000.0,59000000.0
2024-06-30,4551000000.0,1311000000.0,,,1128000000.0,,,-25000000.0,1527000000.0,304000000.0,1223000000.0,2.68,2.67,456700000.0,457400000.0,1574000000.0,,1383000000.0,2452000000.0,366000000.0,,467000000.0,6202000000.0,,3200000000.0,2739000000.0,1226000000.0,210000000.0,14165000000.0,420000000.0,93000000.0,,1797000000.0,,,267000000.0,222000000.0,9205000000.0,11124000000.0,-845000000.0,4966000000.0,14165000000.0,253000000.0,37000000.0,-144000000.0,112000000.0,115000000.0,,35000000.0,20000000.0,,-88000000.0,1097000000.0,,,,,,272000000.0,,2000000.0,-263000000.0,,,-1287000000.0,-467000000.0,481000000.0
2024-09-30,6939000000.0,2012000000.0,,,1693000000.0,,,16000000.0,2401000000.0,486000000.0,1905000000.0,4.18,4.18,455400000.0,456100000.0,1714000000.0,,1411000000.0,2416000000.0,409000000.0,,427000000.0,6282000000.0,,3298000000.0,2744000000.0,1186000000.0,215000000.0,14357000000.0,404000000.0,115000000.0,,1702000000.0,,,274000000.0,220000000.0,9123000000.0,11806000000.0,-851000000.0,5234000000.0,14357000000.0,374000000.0,55000000.0,-186000000.0,134000000.0,113000000.0,,14000000.0,5000000.0,,36000000.0,2048000000.0,,,,,,439000000.0,,2000000.0,-441000000.0,,,-1915000000.0,-327000000.0,657000000.0
,,,,,,,,,,,,,,,,,,,,,,,,,,,,,,,,,,,,,,,,,,,,,,,,,,,,,,,,,,,,,,,,,,,
